4126 6220
491 221 591 277 633

487 348 626 395 celat
651 379 665 402 ,
697 346 749 391 et
779 335 1026 390 videbant
1054 347 1212 401 opera
1247 344 1366 384 cum
1398 326 1572 381 verbis
1599 335 1893 380 consonare
1923 336 1938 373 :
1965 315 2059 372 sed

490 445 662 499 neque
687 430 764 484 sic
790 430 1243 496 obtemperarunt,
1268 423 1374 475 imo
1401 416 1829 487 indignabantur,
1853 407 2061 465 etiamsi

491 526 603 577 hinc
649 522 881 576 clamare
926 518 1235 589 prophetam
1276 512 1555 573 audirent,
1601 522 1664 561 ac
1709 518 1900 575 pueros
1946 501 2063 568 plus

490 624 655 679 quam
671 617 802 663 aetas
825 609 985 659 ferret
1013 602 1373 672 praedicantes
1391 612 1536 652 eum.
1553 595 1893 662 Quapropter
1911 589 2065 643 incu-

492 708 702 755 santem
723 699 846 752 illos
862 695 1054 749 Isaiam
1080 689 1287 745 inducit
1307 689 1494 743 dicens
1510 702 1521 737 :
1536 685 1731 738 Domus
1751 698 1863 734 mea
1883 680 2067 731 domus

488 787 731 839 orationis
745 784 1016 838 vocabitur.
1035 783 1212 852 Neque
1231 784 1329 835 hoc
1346 778 1708 835 tantummodo
1723 790 1871 830 suam
1888 784 2065 844 poten-

489 880 615 931 tiam
636 877 885 942 ostendit,
911 877 1005 931 sed
1030 875 1171 945 quod
1191 884 1339 930 curet
1361 872 1530 927 varias
1552 871 1883 926 inﬁmiitates
1908 886 1921 921 :
1943 883 2062 922 nam

492 968 578 1021 Η.
613 968 934 1021 Accesserant
971 966 1039 1019 ad
1074 982 1186 1019 eum
1226 964 1397 1018 claudi
1420 973 1464 1016 et
1493 962 1631 1028 ccci,
1655 971 1702 1013 et
1728 959 1921 1013 curavit
1944 973 2065 1022 eos;

484 1071 540 1114 et
563 1059 641 1113 sic
655 1061 901 1113 virtutem
922 1066 1342 1127 potestatemque
1363 1069 1511 1108 suam
1535 1060 1814 1108 monstrat.
1842 1051 1917 1105 Illi
1939 1066 2064 1105 vero

492 1166 664 1219 neque
689 1151 765 1203 sic
789 1150 1242 1217 obtemperarent,
1266 1145 1359 1201 sed
1377 1161 1498 1200 cum
1529 1145 1780 1199 miracula
1804 1143 2061 1207 viderent,

495 1253 796 1308 puerosque
815 1239 1059 1294 audirent
1084 1242 1254 1307 ipsum
1280 1236 1651 1304 jwwdicantes,
1673 1235 2066 1290 suﬁ'ocabantur

492 1340 545 1383 et
574 1329 821 1383 dicebant
854 1346 868 1384 :
902 1328 989 1382 i6.
1025 1326 1145 1381 Non
1173 1327 1317 1381 audis
1338 1327 1457 1397 quid
1482 1327 1565 1381 isti
1591 1327 1801 1380 dicunt?
1827 1326 1981 1394 Atqui
2012 1325 2063 1378 id

484 1419 727 1473 Christus
746 1420 871 1488 ipsis
887 1419 1067 1473 dicere
1087 1419 1337 1488 potuisset
1353 1417 1495 1472 :Non
1511 1418 1704 1472 auditis
1729 1417 1853 1488 quid
1887 1417 1968 1471 isti
1986 1417 2064 1470 di-

486 1510 654 1563 cunt?
696 1509 827 1563 Nam
856 1510 928 1564 illi
954 1510 1105 1579 quasi
1142 1510 1249 1564 Deo
1274 1509 1554 1565 canebant.
1586 1508 1723 1575 Quid
1756 1509 1912 1577 igitur
1935 1507 2064 1562 ille?

489 1603 619 1668 Quia
670 1604 829 1656 rebus
872 1603 1169 1657 manifestis
1209 1603 1676 1668 contradicebant,
1726 1604 1902 1655 acrius
1946 1601 2064 1655 illos

484 1696 657 1764 carpit
680 1696 862 1750 dicens
891 1713 903 1747 :
936 1694 1228 1764 Numquam
1260 1694 1447 1763 legistis
1476 1708 1495 1744 .'
1518 1693 1599 1747 Ea:
1618 1709 1703 1745 ore
1727 1693 1996 1761 infantium
2018 1700 2065 1743 et

488 1787 778 1839 iacientium
826 1787 1077 1856 perfecisti
1124 1787 1325 1838 laudem
1368 1783 1632 1852 (Psal.8.
1670 1785 1779 1852 5)?
1818 1784 1884 1837 Et
1921 1794 2065 1838 recte

489 1876 659 1939 dixit,
693 1875 771 1928 Ea:
801 1893 902 1929 ore.
934 1875 1047 1930 Non
1077 1875 1219 1930 enim
1248 1876 1536 1930 secundum
1567 1887 1797 1930 mentem
1829 1877 2063 1945 ipsorum

494 1967 578 2018 illa
609 1969 767 2020 verba
797 1978 965 2032 erant,
990 1968 1081 2023 sed
1113 1969 1303 2021 virtute
1335 1968 1498 2037 ipsius
1524 1969 1798 2021 immatura
1830 1967 2061 2036 ipsorum

493 2056 665 2124 lingua
700 2058 1040 2127 dirigebatur.
1071 2059 1183 2112 Hoc
1213 2075 1339 2113 vero
1365 2057 1532 2128 ﬁgura
1559 2067 1672 2112 erat
1691 2059 1922 2126 gentium
1948 2059 2063 2112 bal-

488 2148 824 2212 butientimn,
852 2166 968 2217 qua:
989 2149 1268 2203 confestim
1293 2165 1479 2219 magna
1504 2151 1847 2204 insonuerunt
1872 2158 1925 2203 et
1953 2151 2064 2204 ani-

486 2254 574 2291 mo
612 2248 668 2292 et
712 2239 833 2304 ﬁde,
862 2250 914 2294 et
949 2240 1205 2311 apostolis
1249 2240 1371 2295 hinc
1411 2256 1513 2294 non
1556 2256 1716 2310 parva
1746 2243 2059 2297 Consolatio.

485 2329 560 2383 Ne
587 2330 725 2384 enim
750 2330 1098 2401 ambigerem,
1122 2331 1388 2401 quomodo
1415 2331 1576 2386 rudes
1603 2331 1846 2385 homines
1874 2332 2065 2401 praedi-

483 2423 745 2477 cationem
782 2425 1098 2479 annuntiare
1126 2433 1408 2493 peterunt,
1438 2434 1873 2494 praeoccupantes
1915 2424 2062 2495 pueri

483 2514 625 2567 illam
657 2515 817 2568 animi
848 2516 1145 2584 angusﬁam
1183 2515 1472 2584 ejecerunt,
1504 2524 1560 2571 et
1596 2531 1745 2585 spent
1787 2516 2059 2583 fecerunt,

484 2604 786 2659 lacidtatem
814 2604 1021 2659 dicendi
1048 2604 1294 2659 daturum
1324 2604 1425 2659 sibi
1453 2618 1571 2659 esse
1598 2619 1720 2659 eum
1749 2605 1837 2674 qui
1870 2621 2061 2675 pueros

481 2693 738 2764 hymnum
786 2705 1003 2750 cantare
1054 2694 1267 2760 docuit;
1317 2710 1492 2765 neque
1541 2694 1641 2749 hoc
1681 2704 1922 2762 tantum,
1964 2697 2060 2751 sed

478 2788 636 2840 etiam
681 2802 798 2842 csse
836 2788 983 2841 illum
1026 2796 1229 2841 naturze
1272 2788 1622 2852 conditorem,
1656 2788 1756 2842 hoc
1804 2790 2058 2844 miracqu

477 2889 750 2932 ostensum
781 2888 880 2933 est.
908 2878 1063 2933 Pueri
1090 2878 1247 2948 igitur
1272 2879 1369 2932 etsi
1402 2879 1697 2934 immaturae
1725 2882 1915 2945 letalis,
1942 2882 2055 2935 l'au-

478 2982 558 3025 sta
589 2981 642 3025 et
668 2973 913 3040 supernis
940 2986 1173 3026 consona
1213 2971 1563 3041 loquebantur
1594 2990 1606 3025 :
1641 2972 1741 3027 viri
1769 2985 1944 3029 autem
1976 2976 2055 3029 in-

477 3062 625 3115 sania
670 3071 724 3115 et
763 3063 943 3117 furore
991 3063 1170 3131 plena.
1213 3061 1355 3116 Talis
1394 3077 1483 3116 res
1520 3072 1601 3116 est
1632 3064 1887 3133 nequitia.
1919 3065 2051 3132 Quia

478 3154 636 3221 igitur
666 3154 827 3207 multa
853 3162 1005 3209 erant
1031 3169 1149 3223 quae
1178 3154 1295 3208 illos
1320 3164 1752 3219 eommoverent,
1783 3154 1949 3209 turba:
1977 3157 2055 3210 vi-

476 3246 684 3309 delicet,
711 3245 899 3314 ejectio
922 3245 1283 3309 vendentium,
1309 3245 1583 3311 miracula,
1606 3246 1753 3313 pueri
1777 3255 2049 3312 canentes,

474 3352 660 3392 rursus
695 3353 788 3393 eos
826 3338 1092 3407 relinquit,
1142 3347 1200 3392 ut
1241 3338 1452 3392 illorum
1499 3337 1650 3391 sedet
1698 3346 1957 3392 tumorem
1999 3347 2054 3393 et

476 3429 631 3492 iram,
660 3428 933 3500 noluitque
952 3429 1166 3497 docere,
1187 3445 1253 3484 ne
1282 3429 1477 3485 invidia
1503 3429 1768 3485 ferventes
1797 3430 1934 3485 dicta
1955 3446 2050 3487 sua

470 3535 615 3589 mgre
642 3519 860 3575 ferrent.

549 3611 776 3666 Historia
798 3614 923 3681 ﬁcus
950 3630 982 3666 a
1007 3612 1204 3667 Christo
1229 3613 1509 3669 maledicta:
1535 3623 1915 3669 commentatur.
1948 3614 2052 3671 Cur

471 3702 702 3755 Christus
732 3704 850 3771 ﬁcui
878 3704 1157 3757 maledixit.
1178 3734 1249 3745 —
1265 3705 1351 3759 18.
1379 3705 1533 3760 Mane
1550 3715 1714 3760 autem
1734 3715 1979 3762 revertens
1999 3709 2051 3761 in

474 3794 662 3858 urbem,
710 3795 904 3848 esuriit.
944 3794 1223 3860 Quomodo
1267 3810 1425 3851 mane
1464 3796 1683 3851 esuriit?
1725 3797 1950 3865 Quando
1996 3797 2049 3853 id

473 3889 619 3942 carni
649 3889 932 3951 concessit,
965 3898 1091 3944 tunc
1126 3890 1267 3943 illius
1298 3904 1488 3944 sensus
1512 3889 1832 3945 ostenditur.
1861 3891 1949 3946 I9.
1984 3891 2051 3946 Et

474 3981 644 4033 videns
671 3980 823 4048 ﬁcum
851 3981 903 4032 in
931 3981 1033 4045 via,
1060 3982 1191 4033 venit
1215 3980 1283 4033 ad
1311 3997 1450 4045 eam,
1485 3990 1532 4035 et
1573 3980 1703 4034 nihil
1738 3983 1921 4035 invenit
1955 3985 2051 4037 nisi

475 4072 619 4142 folia.
648 4072 801 4126 Alius
826 4074 1144 4142 evangelista
1169 4072 1359 4142 (Marc.
1391 4074 1475 4129 II.
1507 4073 1595 4145 I3)
1622 4074 1785 4141 dicit,
1816 4076 2048 4130 nondum

474 4175 680 4234 tempus
710 4164 903 4229 fuisse;
930 4165 1023 4220 sed
1053 4166 1096 4219 si
1126 4166 1359 4220 nondum
1385 4176 1592 4235 tempus
1617 4176 1753 4233 erat,
1781 4169 2050 4238 quomodo

469 4257 606 4310 alter
632 4258 953 4325 evangelista
978 4260 992 4287 ⁸
1023 4257 1130 4323 ait,
1162 4256 1339 4322 Venit,
1371 4268 1424 4311 ut
1450 4260 1494 4312 si
1518 4264 1649 4330 forte
1675 4264 1893 4330 fructum
1914 4262 2049 4315 inve-

471 4347 595 4399 niret
625 4347 677 4399 in
701 4348 800 4401 ea?
843 4345 993 4402 Unde
1020 4348 1359 4402 manifestum
1392 4358 1492 4413 est,
1528 4350 1655 4404 illud
1691 4367 1756 4406 ex
1796 4352 2048 4422 opinione

469 4437 848 4505 discipulorum
892 4436 1071 4500 fuisse,
1102 4440 1191 4508 qtti
1225 4439 1399 4494 adhuc
1430 4441 1847 4509 imperiectiores
1874 4456 2045 4498 erant.

468 4527 599 4581 Nam
620 4528 899 4597 Opiniones
927 4528 1308 4598 discipulorum
1329 4547 1469 4600 saepe
1489 4532 1799 4587 describunt
1822 4550 2048 4604 evange-

469 4624 625 4677 listm.
664 4622 811 4676 Sicut
847 4622 1006 4691 igitur
1031 4623 1157 4678 illud
1187 4625 1478 4679 secundum
1504 4626 1714 4681 illorum
1741 4628 2043 4697 opinionem

466 4723 602 4780 erat,
630 4714 712 4769 sic
735 4729 947 4785 quoque
972 4729 1092 4769 cum
1122 4714 1393 4784 putabant,
1424 4716 1592 4785 ipsum
1621 4718 1956 4773 maledixisse
1982 4719 2013 4771 ﬁ
2031 4749 2043 4759 -

466 4808 572 4870 cui,
606 4808 747 4877 quod
782 4808 1007 4864 fructum
1037 4823 1140 4862 non
1171 4807 1409 4863 haberet.
1453 4809 1559 4865 Cur
1599 4826 1726 4880 ergo
1768 4812 2043 4867 maledicta

466 4895 600 4952 fuit?
650 4898 875 4969 Propter
912 4899 1221 4968 discipulos,
1254 4908 1310 4953 ut
1351 4915 1542 4969 nempe
1582 4902 1652 4956 illi
1692 4902 2042 4958 conﬁderent.

465 4990 599 5052 Quia
623 4992 765 5043 enim
789 4990 980 5060 ubique
1001 4989 1254 5045 beneﬁcia
1277 4992 1580 5060 praestabat,
1610 4994 1920 5063 nullumque
1947 5011 2043 5063 pn-

468 5078 648 5133 niebat
690 5099 703 5134 :
744 5090 799 5135 et
838 5090 1013 5135 tamen
1056 5082 1336 5151 Oportebat
1374 5082 1575 5138 ultricis
1617 5099 1725 5138 sum
1769 5091 2045 5155 potestatis

465 5170 764 5238 exemplum
789 5169 1045 5238 praebere,
1066 5182 1121 5225 ut
1142 5171 1479 5227 discereutet
1499 5172 1741 5243 discipuli
1772 5184 1828 5231 et
1853 5177 2041 5244 Judaei,

465 5259 634 5327 ipsum
654 5276 771 5315 cum
797 5272 976 5331 posset
996 5278 1088 5317 eos
1108 5265 1195 5332 qui
1219 5280 1275 5318 se
1292 5263 1668 5320 cruciﬁxerunt
1683 5271 2040 5338 exstinguere,

465 5351 691 5408 libenter
719 5363 891 5409 tamen
926 5356 973 5409 id
1000 5356 1344 5420 concessisse,
1370 5372 1543 5427 neque
1572 5359 1911 5415 exstinxisse.
1939 5361 2044 5416 Nu-

465 5443 560 5497 luit
598 5459 757 5513 porro
801 5430 853 5501 id
899 5446 951 5500 in
997 5447 1298 5503 hominibus
1328 5447 1523 5506 tactum
1554 5450 1836 5519 exhibere,
1863 5452 1958 5507 sed
1990 5453 2040 5507 in

528 5582 730 5656 (Alius,
752 5584 987 5656 quomodo
1023 5584 1153 5656 idem
1191 5584 1521 5655 Evangelista;
1543 5592 1713 5643 recte:
1737 5592 1883 5643 verba
1911 5585 2039 5645 enim

463 5651 574 5693 sunt.
600 5647 753 5707 Marci,
778 5660 882 5707 cap.
904 5646 978 5697 11.
1007 5661 1052 5697 v.
1084 5648 1158 5698 15.

1409 212 1473 268 IN
1514 205 1918 267 MATTHA‘JU.“
1962 202 2190 258 IlOMIL.
2234 201 2438 255 LXVII.
2482 202 2551 257 aI.
2599 198 2822 254 LXVIII.

3648 204 3748 258 (ἰῧᾶ

2174 316 2364 370 arbore
2404 316 2607 369 ultricis
2637 332 2746 369 suae
2779 316 3054 386 potestatis
3082 319 3383 386 0\»'Ittpitllll
3414 317 3573 372 dedit.
3616 322 3746 385 Cum

2171 417 2346 463 autem
2377 409 2426 461 in
2455 408 2568 462 loca
2596 450 2608 470 ,
2642 409 2723 461 vel
2750 409 2800 461 in
2828 409 3064 472 arbores,
3090 410 3169 463 vel
3206 410 3255 463 in
3284 411 3436 464 bruta
3463 412 3748 467 animantia

2172 501 2277 555 tale
2319 501 2586 569 quidpiam
2632 502 2952 566 immittitur,
2989 518 3054 554 ne
3096 502 3306 557 curiose
3350 503 3604 571 inquiras,
3649 520 3747 560 nec

2171 594 2316 647 dicas
2348 611 2359 645 :
2392 593 2668 660 Quomodo
2697 593 2839 662 jnste
2868 594 3131 648 exsiccata
3161 594 3289 647 ﬁcus
3315 605 3397 649 est
3418 635 3432 655 ,
3464 595 3506 648 si
3541 603 3748 665 tempus

2170 687 2207 740 {i
2224 696 2434 741 uctuum
2456 702 2559 739 non
2583 696 2689 739 erat
2709 685 2732 738 ?
2755 686 2836 739 illa
2860 687 3000 741 enim
3024 687 3246 756 quaestio
3263 687 3611 755 nugaeissima
3631 698 3707 741 est
3732 708 3743 740 :

2171 777 2265 831 sed
2292 778 2603 849 miraculum
2624 778 2846 845 respice,
2873 778 3085 842 mirare,
3106 786 3157 831 et
3180 778 3551 831 miraculorum
3576 788 3746 846 patra-

2172 867 2273 921 tori
2308 868 2527 937 gloriam
2574 866 2734 921 refer.
2780 867 2910 921 Nam
2952 877 3006 923 et
3040 868 3107 923 de
3146 868 3433 925 snlunersis
3465 869 3641 938 porcis
3672 869 3750 921 id-

2171 960 2342 1029 ipsum
2372 960 2518 1023 multi
2543 958 2823 1025 dixerunt,
2850 959 3074 1028 justitia:
3101 960 3357 1014 rationem
3383 960 3746 1028 inquirentes;

2171 1051 2261 1106 sed
2286 1052 2391 1105 illis
2407 1067 2509 1105 non
2527 1049 2801 1105 attendere
2818 1059 3026 1118 oportet
3047 1069 3059 1104 :
3080 1066 3200 1105 nam
3225 1050 3338 1104 brae
3368 1048 3747 1105 irrationabilia

2171 1152 2324 1197 erant
2342 1184 2358 1209 ,
2390 1150 2447 1197 ut
2475 1142 2635 1196 arbor
2661 1141 2838 1196 anima
2864 1140 3097 1196 carebat.
3130 1142 3240 1195 Cui:
3264 1156 3389 1210 ergo
3417 1141 3515 1195 hac
3541 1143 3751 1197 ratione

2171 1249 2256 1288 res
2288 1243 2406 1288 acta
2432 1244 2513 1287 est
2535 1275 2551 1296 ,
2587 1242 2639 1288 et
2674 1250 2769 1287 cur
2798 1233 2911 1288 haec
2940 1242 3020 1287 est
3047 1233 3429 1287 maledictionis
3459 1235 3655 1290 causa?
3686 1235 3751 1287 [ἰ

2165 1324 2275 1393 jam
2317 1324 2444 1389 dixi,
2476 1325 2577 1378 hoc
2620 1325 2682 1378 ad
2729 1324 3106 1393 discipulorum
3152 1316 3453 1394 opinionem
3498 1328 3743 1394 pertinet.

2170 1419 2319 1484 Quod
2347 1419 2388 1471 si
2420 1417 2650 1472 nondum
2687 1429 2891 1486 tempus
2916 1428 3062 1483 erat,
3093 1428 3292 1471 temere
3322 1417 3533 1486 quidam
3563 1418 3647 1471 hic
3677 1419 3747 1470 le-

2170 1527 2289 1578 gem
2322 1509 2603 1578 signiﬁcari
2640 1508 2840 1562 dicunt.
2869 1509 2999 1562 Nam
3032 1510 3185 1577 hujus
3214 1508 3415 1563 fructus
3441 1509 3571 1564 lides
3596 1521 3705 1563 erat
3727 1551 3741 1571 ,

2172 1599 2399 1668 ﬁdeique
2444 1609 2649 1666 tempus
2693 1607 2816 1653 tunc
2857 1599 3180 1663 advenerat,
3212 1616 3370 1669 quem
3399 1600 3625 1654 fructum
3659 1601 3743 1654 ille

2171 1690 2362 1743 attulit.
2393 1689 2511 1742 Jam
2539 1691 2666 1741 enim
2689 1690 2914 1759 regiones
2941 1690 3069 1743 alba:
3085 1700 3201 1743 sunt
3222 1692 3288 1743 ad
3309 1707 3533 1750 messem.
3557 1692 3738 1761 inquit,

2170 1792 2242 1845 et,
2268 1782 2383 1835 Misi
2405 1798 2488 1833 vos
2507 1791 2684 1833 metere
2700 1795 2810 1848 qua'
2825 1780 3204 1834 nontlaborastis
3237 1780 3412 1852 (Joan.
3442 1782 3492 1836 4.
3518 1783 3604 1837 55.
3633 1782 3732 1852 58),

2239 1872 2293 1926 9..
2327 1871 2463 1926 Nihil
2494 1886 2619 1939 ergo
2650 1869 2948 1939 hujusmodi
2980 1870 3066 1926 Itic
3094 1870 3488 1936 subindieatur,
3531 1873 3623 1927 sed
3646 1916 3659 1938 ,
3695 1887 3750 1927 ut

2170 1961 2299 2028 dixi,
2333 1971 2648 2031 potestatem
2677 1960 2918 2014 ultricem
2946 1959 3142 2014 indicat
3166 2002 3180 2025 ,
3210 1970 3264 2015 et
3293 1961 3390 2014 hoc
3413 1961 3643 2017 ostendit
3670 1963 3747 2016 di—

2168 2069 2297 2109 cens
2317 2096 2331 2117 ,
2368 2053 2611 2107 Nondum
2646 2053 2779 2106 enint
2815 2062 2922 2105 erat
2961 2063 3177 2122 tempus,
3207 2052 3511 2123 signiﬁcans
3539 2071 3596 2108 se
3629 2054 3747 2111 ideo

2171 2145 2436 2214 praecipue
2471 2144 2700 2208 venisse,
2730 2160 2836 2197 non
2873 2142 3014 2214 quod
3042 2144 3290 2209 esuriret,
3313 2144 3405 2199 sed
3434 2154 3647 2216 propter
3667 2147 3746 2201 dis

2168 2236 2419 2305 scipnlos,
2440 2237 2529 2306 qni
2556 2234 2840 2291 admodum
2864 2235 3037 2289 mirati
3064 2245 3207 2299 sunt,
3226 2236 3323 2290 etsi
3352 2236 3518 2291 multa
3545 2237 3745 2307 majora

2167 2330 2321 2398 signa
2349 2328 2457 2398 jam
2492 2328 2622 2383 facta
2654 2328 2888 2394 fuerant;
2920 2327 3011 2382 sed
3038 2369 3051 2394 ,
3082 2337 3137 2382 Ill.
3164 2328 3271 2382 dixi
3299 2370 3312 2392 ,
3347 2330 3445 2382 hoc
3475 2329 3744 2383 insolitum

2167 2431 2305 2485 erat,
2335 2438 2473 2475 nunc
2500 2422 2639 2476 cnim
2672 2422 2844 2491 primo
2875 2432 3190 2492 potestatem
3222 2423 3465 2477 ultricem
3490 2424 3743 2478 ostendit.

2171 2512 2369 2567 Idcirco
2395 2513 2578 2566 nonin
2609 2513 2710 2566 alia
2739 2512 2931 2567 arbore
2955 2552 2979 2576 ,_
3000 2513 3092 2568 sed
3126 2513 3176 2566 in
3208 2514 3445 2567 omnium
3488 2513 3745 2567 humidis-

2167 2605 2299 2657 sima
2341 2604 2547 2673 signum
2592 2603 2717 2657 fecit
2738 2643 2755 2669 ,
2789 2604 2855 2656 ita
2887 2612 2942 2656 ut
2972 2602 3093 2657 inde
3120 2604 3293 2671 majus
3320 2604 3588 2660 videretur
3623 2621 3745 2660 esse

2165 2695 2497 2749 miraculum.
2546 2694 2614 2748 Et
2659 2704 2713 2748 ut
2750 2694 2946 2761 discas,
2982 2694 3083 2749 hoc
3127 2705 3342 2765 propter
3387 2696 3504 2751 illos
3548 2697 3742 2752 factum

2163 2801 2301 2848 esse.
2330 2795 2387 2839 ut
2411 2786 2511 2839 illis
2541 2785 2799 2840 ﬁduciam.
2820 2785 3047 2850 inderet,
3069 2786 3191 2840 audi
3222 2802 3283 2841 ea
3311 2802 3429 2857 quae
3457 2797 3638 2857 postea
3666 2790 3742 2843 di-

2162 2877 2251 2931 cit.
2298 2877 2431 2946 Quid
2461 2879 2616 2947 igitur
2644 2878 2809 2931 dicit?
2852 2877 2920 2931 Et
2946 2891 3040 2932 vos
3069 2877 3269 2945 majora
3302 2879 3523 2943 iacietis,
3549 2881 3593 2932 si
3622 2898 3740 2934 erc—

2158 2968 2287 3024 dere
2314 2969 2606 3032 volueritis,
2632 2971 2756 3025 etin
2779 2969 3020 3024 oratione
3046 2970 3333 3025 conlidere.
3362 2970 3547 3026 Viden’
3574 2980 3739 3026 totum

2159 3070 2374 3129 propter
2414 3062 2532 3117 illos
2572 3062 2765 3116 factum
2793 3076 2944 3127 esse,
2985 3076 3053 3117 ne
3092 3062 3310 3117 insidias
3351 3063 3740 3118 formidarent?

2159 3154 2281 3208 Ideo
2312 3153 2441 3208 illud
2466 3154 2654 3209 iterum
2692 3154 2904 3223 repetit,
2937 3163 2991 3208 ut
3016 3154 3264 3223 precibus
3291 3164 3344 3208 et
3368 3155 3488 3211 ﬁdei
3519 3156 3742 3211 ﬁrmiter

2158 3243 2361 3299 lia-rere
2381 3244 2620 3298 suadeat.
2645 3243 2761 3298 Non
2787 3244 2928 3299 enim
2950 3244 3051 3300 boc
3076 3254 3278 3300 tantum
3300 3244 3524 3309 facietis,
3546 3248 3737 3315 inquit,

2155 3334 2249 3389 sed
2277 3336 2440 3389 etiam
2470 3345 2679 3391 montes
2706 3335 3053 3401 transferetis,
3082 3347 3135 3392 et
3162 3337 3387 3406 plurima
3415 3338 3515 3392 alia
3544 3353 3736 3410 opera-

2156 3426 2338 3481 bitnini
2364 3468 2379 3491 ,
2408 3428 2450 3481 si
2483 3427 2602 3482 ﬁdei
2634 3436 2688 3482 et
2715 3429 2941 3483 orationi
2967 3444 3086 3483 eum
3117 3429 3305 3487 ﬁducia
3337 3430 3604 3486 hacreatis.
3635 3431 3737 3487 Ve-

2155 3532 2272 3570 rum
2300 3518 2467 3572 .Iudzei
2495 3528 2802 3588 arrogantes
2822 3529 2876 3574 et
2897 3520 3082 3587 inﬂati,
3109 3530 3167 3574 ut
3189 3518 3486 3576 doctrinam
3515 3522 3629 3594 ejus
3653 3524 3737 3577 iu-

2157 3611 2503 3679 terpellarent
2526 3652 2542 3676 ,
2586 3612 2902 3666 accedentes
2941 3613 3348 3667 sciscitabantur
3380 3632 3394 3668 :
3420 3614 3510 3670 ‘25.
3543 3612 3610 3668 In
3639 3632 3736 3685 qna

2157 3710 2398 3771 potestate
2422 3700 2529 3755 haec
2567 3701 2735 3769 facis?
2777 3701 2908 3769 Quia
2948 3702 3089 3758 enim
3134 3704 3408 3760 miraculis
3452 3705 3734 3761 detrahere

2158 3810 2261 3847 non
2287 3800 2530 3863 poterant
2555 3794 2859 3848 venditores
2880 3808 2944 3847 ex
2973 3792 3171 3864 templo
3197 3794 3379 3863 pulsos
3409 3804 3463 3849 ct
3485 3797 3737 3851 emenda~

2157 3894 2240 3939 tos
2266 3886 2339 3939 illi
2366 3886 2639 3953 objiciunt.
2672 3885 2867 3939 Eadem
2894 3885 3099 3941 ratione
3125 3886 3264 3955 apud
3285 3886 3544 3942 Joannem
3573 3889 3736 3945 inter-

2157 3987 2362 4047 rogant,
2386 3978 2506 4031 liect
2534 3992 2636 4030 non
2664 3978 2847 4031 iisdem
2878 3976 3071 4044 verbis,
3097 3993 3278 4032 rerum
3302 3978 3489 4035 eadem
3520 3990 3736 4036 senten-

2158 4076 2277 4135 tia;'
2303 4087 2421 4124 nam
2465 4072 2647 4124 dicunt
2680 4089 2691 4124 :
2725 4070 2873 4135 Quod
2910 4072 3110 4141 signum
3158 4073 3378 4127 ostendis
3421 4075 3584 4141 nobis,
3617 4080 3735 4145 quia

2155 4165 2259 4218 Itwc
2283 4166 2406 4235 facis
2430 4164 2618 4234 (Joan.
2647 4165 2699 4217 2.
2735 4166 2820 4219 I8.
2854 4163 2999 4233 l9)?
3030 4164 3131 4219 Sed
3164 4165 3233 4219 ibi
3265 4166 3553 4235 respondet.
3585 4169 3684 4221 illis
3720 4188 3730 4221 :

2156 4255 2347 4309 Solvite
2376 4254 2613 4319 templum
2638 4257 2753 4320 hoc,
2782 4264 2826 4307 et
2856 4256 2906 4307 in
2935 4256 3090 4309 tribus
3121 4255 3294 4311 diebus
3319 4258 3543 4311 excitabo
3572 4260 3732 4323 illud;

2156 4347 2238 4400 hic
2266 4357 2441 4401 autem
2472 4346 2522 4399 in
2550 4346 2935 4401 dubitationem
2964 4347 3083 4400 illos
3112 4348 3350 4417 coniicit.
3381 4349 3532 4405 Unde
3562 4354 3733 4405 mani-

2155 4438 2342 4491 festum
2386 4448 2501 4501 est,
2546 4436 2671 4491 illud
2712 4437 2924 4505 quidem
2965 4438 3016 4491 in
3059 4439 3318 4508 principio
3357 4440 3550 4495 factum
3589 4457 3745 4501 esse,

2151 4529 2364 4585 cuando
2420 4528 2672 4583 miracula
2721 4531 2883 4583 edere
2933 4530 3257 4598 incipiebat,
3309 4531 3412 4587 hoc
3454 4542 3630 4586 autem
3676 4535 3725 4586 in

2154 4624 2256 4678 line
2282 4620 2380 4692 (α).
2413 4621 2563 4689 Quod
2590 4629 2766 4676 autem
2797 4620 3001 4686 dicunt,
3033 4621 3336 4690 hujnsmodi
3364 4633 3448 4678 est
3476 4641 3489 4675 :
3520 4624 3600 4677 An
3628 4624 3731 4676 do-

2150 4719 2339 4772 ctrina:
2375 4717 2556 4772 sedem
2598 4717 2865 4785 occupas?
2910 4732 3032 4769 nnm
3064 4716 3314 4771 sacerdos
3342 4716 3618 4770 ordinatus
3648 4737 3728 4783 cs,

2151 4812 2271 4878 quia
2305 4818 2503 4863 tantam
2533 4818 2845 4878 potestatem
2878 4808 3198 4862 exltibuisti?
3227 4807 3401 4877 Atqui.
3420 4808 3549 4862 nihil
3576 4825 3728 4863 arro-

2151 4913 2336 4971 ganter
2361 4902 2488 4971 egit,
2517 4902 2609 4956 sed
2648 4901 2825 4970 templi
2869 4901 3056 4955 honori
3100 4916 3161 4955 ae
3199 4901 3381 4956 decori
3408 4902 3680 4971 prospexit
3715 4920 3730 4956 :

2151 5002 2382 5047 attamen
2409 5008 2529 5046 cum
2561 4992 2690 5047 nihil
2731 4989 2872 5045 aliud
2912 4992 3090 5046 dicere
3132 5000 3367 5060 possent,
3412 4992 3553 5048 hanc
3578 5008 3730 5047 πως

2150 5086 2301 5140 sandi
2345 5102 2527 5141 ansam
2572 5086 2852 5155 arripiunt.
2884 5087 2960 5141 Ac
2990 5102 3110 5157 cum
3142 5085 3435 5140 vendentes
3472 5087 3692 5155 cjiceret
3715 5128 3727 5149 ,

2150 5178 2279 5232 nihil
2325 5178 2439 5232 ausi
2485 5188 2607 5229 sunt
2648 5179 2846 5243 dicere,
2876 5178 2995 5247 qttia
3038 5178 3127 5231 ille
3165 5177 3420 5232 miracula
3450 5178 3727 5232 ediderat:

2152 5280 2331 5339 postea
2360 5270 2446 5323 ubi
2476 5270 2723 5323 viderunt
2749 5286 2866 5323 eum
2889 5311 2903 5335 ,
2936 5273 3214 5337 increpare
3239 5276 3535 5335 casperunt.
3593 5269 3728 5336 Quid

2149 5376 2276 5430 ergo
2308 5361 2427 5415 ille?
2469 5361 2580 5414 Non
2617 5361 2680 5416 ad
2726 5362 3007 5430 qua-situm
3048 5360 3248 5416 directe
3296 5359 3602 5431 respondet,
3631 5376 3723 5414 nec

2148 5453 2400 5520 ostendit,
2448 5468 2601 5520 posse
2651 5454 2788 5517 illos,
2818 5453 2858 5505 si
2892 5451 3084 5505 Vcilt'nl
3122 5467 3271 5505 suam
3307 5460 3622 5523 potestatem
3656 5452 3719 5504 vi.

2211 5584 2412 5697 (anilis
2450 5588 2663 5637 innititur
2710 5586 2950 5637 Christum
3003 5590 3075 5636 his
3120 5587 3395 5637 vendentes
3444 5590 3649 5649 clerisse
3684 5601 3708 5640 σε

2211 5664 2347 5697 unto.
2782 5682 2787 5687 -

2152 5660 2347 5713 tempto.
2782 5682 2787 5687 -
