3990 6216
478 286 579 341 635

474 401 634 461 dere;
666 400 757 453 sed
787 400 944 452 aliain
977 399 1198 467 Opponit
1230 400 1699 467 interrogationem
1722 398 1844 451 :25.
1877 396 2055 466 Bapti-

476 505 584 543 sma
608 488 826 542 Joannis
857 490 990 542 unde
1015 489 1163 543 erat?
1192 504 1254 542 ea:
1284 490 1426 552 cwlo,
1456 506 1521 542 an
1551 505 1612 542 ex
1641 490 1955 544 hominibus?
1994 488 2062 543 Et

478 580 602 647 quid
636 579 770 646 hac,
802 580 1030 647 inquies,
1065 579 1130 633 ad
1162 594 1271 634 rem
1300 580 1657 647 praesentem?
1680 579 1806 634 Hzrc
1834 580 2064 634 maxime

478 676 739 743 qnatlraut
764 693 775 728 :
804 672 925 728 nam
948 675 990 729 si
1014 675 1293 738 dixissent,
1318 675 1361 727 E
1382 675 1533 741 cudo,
1558 675 1919 743 respondisset
1942 675 2019 729 eis
2044 691 2057 727 :

477 769 652 831 Quare
683 782 811 835 ergo
839 781 941 821 non
975 767 1275 821 credidistis
1304 766 1388 820 ei?
1412 766 1465 821 Si
1498 768 1638 821 enim
1669 769 2057 835 credidissent,

478 872 580 909 non
614 858 682 910 ita
714 858 1154 927 interrogassent.
1184 858 1312 911 Nam
1336 857 1402 911 de
1427 858 1539 926 ipso
1559 858 1791 912 Joannes
1815 863 2055 917 dixerat:

481 951 598 1003 Non
645 968 755 1004 sum
807 952 989 1021 dignus
1035 952 1224 1004 solvere
1267 953 1534 1021 corrigiam
1584 952 1906 1005 calceamenti
1951 951 2059 1019 ejus

483 1044 501 1111 (
525 1040 649 1093 Luc.
681 1042 733 1095 5.
770 1041 835 1095 16
863 1045 911 1110 );
956 1051 1043 1107 et,
1075 1040 1206 1094 Ecce
1235 1058 1394 1112 agnus
1424 1039 1518 1094 Dii
1540 1042 1623 1111 qui
1651 1041 1779 1094 tollit
1805 1051 2062 1109 peccatum

479 1131 689 1193 mundi;
717 1141 769 1184 et
794 1174 808 1197 ,
842 1130 963 1200 Ipse
987 1143 1056 1185 est
1079 1131 1245 1185 Filius
1276 1134 1398 1194 Dei;
1427 1141 1498 1195 et,
1522 1132 1624 1195 Qui
1646 1132 1708 1185 de
1740 1148 1937 1184 sursum
1976 1147 2061 1184 ve-

477 1224 569 1287 nit,
596 1240 748 1294 supra
772 1241 941 1278 omnes
965 1233 1037 1277 est
1060 1224 1243 1296 (Joan-
1271 1223 1423 1279 1.9.9.
1447 1226 1533 1278 Si.
1562 1233 1607 1277 et
1631 1225 1799 1290 5.3!);
1831 1232 1902 1287 et,
1944 1222 2068 1275 Ven-

476 1316 713 1368 tilubrum
741 1317 791 1367 in
818 1332 969 1367 manu
995 1318 1121 1384 ejus,
1149 1326 1193 1369 et
1224 1317 1453 1385 purgabit
1480 1330 1650 1369 aream
1680 1332 1822 1368 suam
1850 1315 2058 1384 (Matth.

479 1408 529 1460 5.
564 1405 673 1476 12).
702 1407 880 1472 Quare
923 1406 965 1459 si
995 1405 1185 1461 Joanni
1226 1407 1594 1470 credidissent,
1634 1406 1765 1459 nihil
1806 1405 2063 1474 impedire

483 1506 687 1564 poterat
713 1500 997 1566 quominus
1028 1497 1269 1550 viderent
1300 1499 1349 1550 in
1376 1513 1475 1566 qua
1504 1506 1764 1566 potestate
1788 1497 1898 1549 haec
1927 1496 2067 1549 face-

482 1596 583 1641 ret.
614 1586 814 1641 Deinde
835 1588 954 1657 quia
985 1588 1214 1657 maligne
1234 1588 1304 1639 illi
1327 1588 1734 1656 responderunt,
1759 1587 1849 1640 Ξῖ.
1876 1585 2060 1639 Nesci-

481 1695 614 1743 mus,
646 1694 751 1731 non
780 1679 909 1733 dixit
938 1679 1044 1743 ille,
1078 1679 1257 1749 Neque
1286 1696 1383 1748 ego
1404 1680 1552 1735 scio:
1581 1680 1671 1733 sed
1700 1679 1858 1748 quid?
1890 1677 2065 1747 Neque

482 1786 573 1840 ego
599 1770 711 1824 dico
736 1773 891 1827 vobis.
927 1772 1054 1825 Nam
1088 1774 1132 1826 si
1163 1774 1475 1843 ignorabant
1501 1814 1515 1837 ,
1547 1772 1725 1827 doceri
1754 1772 1874 1825 illos
1903 1786 2063 1839 opor-

482 1864 644 1918 tebat.
676 1865 809 1929 Quia
844 1880 971 1919 vero
1004 1866 1229 1935 maligne
1255 1866 1499 1936 agebant,
1520 1865 1643 1934 jure
1677 1864 1804 1917 nihil
1833 1864 1959 1934 ipsis
1982 1880 2066 1916 re-

481 1956 726 2023 spondet.
756 1956 861 2009 Cur
886 1966 1063 2010 autem
1096 1973 1199 2010 non
1229 1957 1513 2019 dixerunt,
1546 1956 1624 2009 Ex
1653 1955 1954 2008 hominibus
1984 1962 2064 2007 est

483 2048 786 2116 baptisma?
832 2048 1112 2103 Timebaut
1156 2050 1357 2114 turbas,
1386 2048 1576 2117 inquit.
1615 2047 1794 2101 Viden’
1822 2061 1914 2100 cor
1949 2061 2068 2114 pcr-

482 2136 737 2191 versum?
772 2136 975 2207 Ubique
1006 2138 1167 2192 Deum
1198 2138 1518 2206 despiciunt,
1549 2149 1602 2192 et
1630 2146 1817 2192 cuncta
1853 2144 2066 2205 prepter

484 2227 729 2282 homines
750 2228 974 2292 faciunt;
1005 2244 1125 2282 nam
1153 2239 1207 2284 et
1232 2229 1493 2284 Joannem
1516 2238 1735 2300 propter
1762 2229 1891 2282 illos
1910 2229 2065 2280 time-

484 2321 645 2384 bant;
678 2335 780 2373 non
808 2320 978 2374 virum
1011 2322 1181 2390 ipsum
1214 2322 1447 2386 reveriti,
1477 2322 1578 2375 nisi
1607 2321 1878 2376 hominum
1908 2334 2065 2374 causa

482 2421 722 2473 tantum;
765 2410 976 2465 Christo
1015 2412 1175 2466 etiam
1215 2412 1437 2467 credere
1476 2411 1749 2466 hominum
1785 2423 1942 2465 causa
1974 2425 2069 2463 no.

485 2500 663 2554 lebant
696 2518 707 2552 :
737 2509 791 2555 et
842 2502 957 2555 lucc
1006 2517 1162 2556 causa
1216 2502 1321 2557 illis
1363 2502 1623 2556 malorum
1663 2502 1919 2555 omnium.
1964 2500 2066 2553 De-

487 2589 610 2644 inde
635 2589 761 2643 dicit
786 2608 797 2643 :
822 2590 912 2645 28.
957 2592 1092 2658 Quid
1127 2591 1261 2645 vobis
1288 2592 1522 2646 videtur?
1552 2591 1717 2645 Homo
1742 2591 1946 2661 quidam
1973 2590 2068 2642 Ita-

488 2680 625 2733 bebat
669 2680 797 2733 duos
842 2682 994 2748 ﬁlios,
1028 2691 1073 2735 et
1098 2682 1224 2735 dixit
1263 2685 1424 2751 primo
1458 2697 1477 2736 ε
1513 2681 1668 2748 Vade,
1693 2682 1840 2735 hodie
1863 2696 2070 2748 operare

488 2773 539 2824 in
560 2773 722 2825 vinea.
750 2770 841 2824 ‘29.
871 2770 970 2825 Ille
995 2782 1160 2825 autent
1183 2774 1488 2841 respondens
1513 2774 1639 2827 dixit
1664 2790 1680 2825 :
1704 2772 1859 2826 Nolo.
1888 2771 2071 2824 Postea

486 2871 654 2915 autem
686 2864 975 2930 paenitentia
1001 2873 1165 2916 motus
1190 2865 1327 2916 abiit.
1353 2864 1440 2918 50.
1467 2862 1532 2915 Et
1552 2865 1790 2917 accedens
1810 2865 1878 2917 ad
1897 2878 2071 2916 secun-

488 2956 628 3020 dum,
650 2955 777 3008 dixit
798 2955 1044 3009 similiter.
1072 2955 1169 3010 Ille
1192 2966 1359 3009 autent
1380 2957 1657 3025 respondit,
1682 2956 1814 3009 Abeo
1838 2957 1877 3022 ‘,
1904 2965 1950 3008 et
1971 2972 2071 3008 non

488 3044 629 3097 abiit.
669 3046 758 3099 51.
799 3044 925 3112 Quis
955 3062 1071 3115 ergo
1102 3062 1163 3099 ea:
1189 3044 1381 3099 duobus
1407 3047 1521 3115 fecit
1550 3047 1852 3099 voluntatem
1880 3045 2075 3115 patris?

490 3134 681 3189 Dicunt
706 3138 771 3199 ei,
805 3135 1026 3189 Primus.
1059 3137 1260 3191 Rursus
1284 3152 1376 3207 per
1396 3137 1674 3207 parabolas
1696 3137 1839 3207 ipsos
1867 3136 2072 3205 arguit;

491 3236 603 3280 tum
620 3226 829 3281 illorum
847 3227 1258 3296 improbitatem,
1286 3239 1392 3281 tum
1418 3228 1816 3298 reprobatarum
1840 3227 2073 3297 gentium

492 3317 897 3387 obsequentiam
927 3319 1285 3374 subindicans.
1334 3318 1463 3372 Nam
1502 3319 1586 3373 hic
1613 3320 1719 3373 duo
1751 3319 1843 3372 lilii
1873 3319 2073 3388 signiti-

493 3419 616 3463 cant
638 3408 688 3461 id
710 3408 848 3477 quod
872 3409 1009 3477 apud
1041 3420 1225 3479 gentes
1249 3419 1303 3464 et
1327 3410 1467 3479 quod
1487 3411 1623 3478 apud
1645 3409 1859 3465 Judacos
1879 3409 2075 3463 factum

494 3509 597 3555 est.
630 3500 831 3555 Gentes
852 3504 991 3554 enim
1021 3517 1141 3555 cum
1177 3518 1281 3556 non
1312 3499 2073 3571 promisissentobedientiam,

499 3607 597 3646 nec
637 3592 910 3646 audissent
960 3593 1126 3662 legem
1150 3636 1164 3659 ,
1207 3596 1458 3664 operibus
1491 3596 1889 3665 obsequentium
1923 3595 2077 3650 exhi-

498 3681 728 3735 bueruut
758 3699 770 3735 :
804 3683 857 3736 hi
884 3692 1067 3738 contra
1114 3697 1389 3755 postquam
1432 3687 1698 3753 dixerant,
1731 3685 1914 3741 Omnia
1939 3701 2078 3757 quie-

498 3788 708 3842 cumque
735 3773 919 3827 dixerit
958 3774 1091 3829 Deus
1131 3778 1370 3847 faciemus
1396 3788 1442 3833 et
1466 3780 1726 3833 audiemus
1751 3777 1769 3851 (
1794 3778 1959 3833 Exod.
1988 3779 2076 3833 19.

499 3863 575 3932 8),
606 3865 857 3933 operibus
901 3883 1003 3921 non
1043 3868 1319 3939 obsequuti
1365 3880 1506 3925 sunt.
1557 3870 1676 3926 Ideo
1719 3886 1786 3926 ne
1835 3880 2082 3941 putarent

500 3956 669 4024 legem
696 3958 838 4025 ipsos
855 3958 1060 4026 juvare,
1084 3961 1318 4014 ostendit
1339 3962 1438 4016 hoc
1456 3964 1625 4031 ipsum
1653 3963 1774 4017 illos
1794 3963 2077 4028 damnare;

499 4045 552 4099 id
582 4048 720 4114 quod
752 4048 910 4101 etiam
938 4048 1066 4102 dicit
1098 4050 1288 4104 Paulus
1318 4069 1330 4103 :
1366 4050 1483 4104 Non
1515 4052 1769 4106 auditores
1808 4054 1931 4122 legis
1954 4053 2081 4123 justi

498 4148 613 4189 sunt
670 4139 808 4207 apud
866 4138 1023 4190 Deum
1053 4179 1068 4204 ,
1116 4142 1204 4193 sed
1252 4144 1462 4210 {actorcs
1513 4145 1635 4213 legis
1668 4145 2083 4214 justi/icabuntur

501 4225 676 4294 (Rom.
705 4227 759 4279 2.
792 4228 900 4295 15).
933 4228 1168 4283 ldeirco’
1198 4242 1251 4283 ut
1281 4246 1377 4285 suo
1407 4232 1502 4300 ipsi
1533 4234 1732 4301 judicio
1757 4234 2081 4290 damnaren-

503 4327 608 4382 tur,
646 4332 754 4371 rem
784 4319 861 4372 sic
886 4319 1100 4388 dirigit,
1136 4330 1192 4374 ut
1222 4322 1317 4390 ipsi
1346 4326 1663 4378 sententiam
1691 4324 1865 4380 ferant
1896 4348 1908 4381 :
1942 4327 2082 4397 quod

504 4409 662 4462 etiam
687 4408 737 4461 in
766 4411 1008 4478 sequenti
1037 4414 1282 4481 parabole
1316 4416 1482 4470 vinea:
1512 4415 1655 4471 facit.

574 4502 626 4553 5.
672 4498 842 4570 thue
879 4516 965 4556 res
999 4505 1069 4557 ita
1110 4506 1458 4573 succederet,
1488 4507 1644 4562 aliam
1670 4524 1953 4578 personam
1998 4512 2084 4565 in-

500 4592 646 4647 ducit
684 4608 803 4663 qua:
833 4596 1227 4651 accusationem
1249 4596 1435 4654 ferret.
1470 4600 1600 4668 Quia
1635 4603 1778 4657 enim
1829 4605 2084 4660 nolebant

501 4683 701 4739 directe
744 4684 918 4750 fateri,
952 4701 1045 4754 per
1071 4688 1378 4757 parabolam
1418 4706 1510 4744 eos
1536 4707 1642 4761 quo
1673 4695 1887 4750 volebat
1912 4696 2080 4751 addu-

501 4778 590 4831 cit.
636 4777 859 4845 Quando
909 4789 1088 4834 autent
1140 4781 1404 4837 dictorum
1445 4798 1669 4854 scOpum
1724 4802 1827 4841 non
1888 4788 2083 4843 intelli-

502 4880 685 4955 gentes
706 4874 1022 4927 sententiam
1052 4875 1305 4938 tulerunt,
1345 4884 1469 4932 tunc
1506 4878 1622 4947 ipse
1642 4881 1814 4949 aperit
1853 4880 1903 4935 id
1941 4882 2081 4952 quod

503 4964 711 5017 occulte
754 4966 1008 5034 agebatur
1032 5008 1047 5031 ,
1102 4978 1157 5022 et
1198 4967 1362 5023 dicit:
1395 4968 1665 5024 Publiceni
1714 4983 1758 5025 et
1804 4976 2083 5029 meretrices

504 5054 783 5122 prtecedent
824 5072 907 5109 vos
957 5058 1009 5109 in
1059 5074 1213 5128 regno
1236 5057 1350 5112 Dei.
1375 5059 1461 5113 5‘2.
1505 5059 1649 5114 Venit
1687 5063 1821 5116 enim
1859 5063 2083 5119 Joannes

502 5144 571 5195 ad
598 5161 682 5197 vos
728 5146 781 5197 in
822 5147 900 5199 eia
920 5149 1137 5217 justitite
1162 5190 1177 5215 ,
1212 5160 1257 5203 et
1287 5167 1386 5205 non
1422 5153 1705 5208 credidistis
1724 5156 1804 5209 ei:
1827 5156 2083 5225 publicani

501 5248 615 5287 vero
661 5236 982 5290 crediderunt
1009 5241 1073 5292 ei.
1114 5239 1213 5294 Vos
1242 5252 1409 5295 autent
1435 5244 1671 5309 videntes,
1700 5263 1798 5298 non
1830 5247 2077 5315 paeniten-

500 5327 622 5379 tiam
650 5330 821 5397 egistis
841 5342 1034 5400 postea,
1069 5345 1122 5385 ut
1153 5335 1419 5391 crederetis
1442 5338 1505 5390 ei.
1536 5338 1666 5392 Nam
1698 5341 1739 5392 si
1770 5341 2075 5409 simpliciter

499 5415 741 5483 diXlSSt‘l,
775 5420 1078 5478 Meretrices
1120 5428 1425 5493 prazcedunt
1456 5444 1570 5497 vos,
1603 5446 1781 5488 sermo
1812 5434 1914 5487 illis
1950 5448 2080 5487 one-

565 5549 579 5581 ¹
604 5549 697 5600 Alii
733 5551 933 5614 habent,
961 5566 1072 5622 Ego,
1103 5568 1313 5612 Fomme.

555 5634 904 5716 failing-“post-
928 5644 1076 5716 verba
1115 5651 1158 5716 δ.
1187 5646 1312 5702 Pauli
1328 5681 1341 5703 ι
1366 5649 1613 5716 sicbabet
1638 5665 1650 5701 :
1676 5651 1842 5705 melius
1864 5660 1932 5705 est
1954 5651 2079 5705 enim

506 5691 688 5753 dicere,
703 5691 834 5757 Νοιό,
860 5707 904 5748 ct
929 5712 1088 5762 postea
1113 5691 1551 5767 ttbscqiiti'tdct't};

1218 286 1274 339 S.
1306 284 1582 339 JOANNIS
1621 279 2091 339 CllRYSUSTOMl
2129 279 2445 336 ARCHIEP.
2483 280 3014 336 CONSTANTINOP.
3627 286 3716 341 656

2170 408 2323 448 rosus
2346 395 2486 448 visus
2522 394 2707 448 fuisset
2739 416 2750 449 :
2787 411 2926 449 nunc
2965 402 3141 450 autem
3186 406 3304 464 post
3332 398 3640 454 sententiam
3660 404 3719 456 ab

2168 483 2296 551 ipsis
2327 485 2485 538 latam
2522 485 2702 538 utilior
2722 486 2952 539 videtur.
2983 485 3105 539 Ideo
3126 501 3337 542 causam
3364 488 3555 558 adjicit.
3584 490 3721 558 Qua:-

2169 590 2289 627 nam
2308 574 2396 627 illa
2424 574 2551 628 est?
2592 572 2733 629 Venit
2774 576 3002 632 Joannes
3021 618 3037 641 ,
3067 578 3257 648 inquit,
3281 580 3351 632 ad
3377 596 3460 633 vos
3484 623 3499 643 ,
3542 597 3639 637 non
3665 584 3721 640 ad

2169 666 2307 719 illos.
2332 666 2517 734 Neque
2552 666 2653 721 boc
2680 669 2876 733 solum,
2901 670 2994 724 sed
3038 679 3092 724 et
3120 670 3185 724 In
3206 673 3286 724 via
3306 673 3535 740 justitia.
3562 673 3723 745 Neque

2169 760 2388 827 potestis
2437 775 2558 814 eum
2604 761 2893 827 criminari,
2940 762 3081 832 quod
3137 765 3418 834 negligens
3444 767 3724 836 inutilisque

2170 850 2334 902 fuerit
2365 868 2376 902 :
2408 850 2500 904 sed
2532 861 2584 905 et
2613 852 2719 905 vita
2753 852 2869 921 ejus
2898 854 3043 907 omni
3068 855 3221 924 culpa
3253 856 3425 910 libera
3457 898 3471 921 ,
3504 868 3554 912 et
3574 860 3724 926 provi-

2169 940 2348 995 dentia
2380 942 2663 1011 singularis
2684 985 2697 1007 ,
2731 954 2782 998 et
2811 954 2985 999 tamen
3043 962 3146 999 non
3194 948 3499 1002 a‘ttendistis
3526 950 3591 1002 ei.
3618 950 3726 1005 Post

2171 1033 2270 1086 hoc
2298 1034 2458 1086 etiam
2483 1033 2624 1087 aliud
2669 1036 2871 1089 crimen
2898 1046 2977 1090 est
2996 1077 3011 1101 ,
3039 1037 3179 1105 quod
3211 1038 3482 1104 publicani
3512 1041 3726 1095 attende-

2170 1126 2294 1189 rint;
2329 1125 2450 1179 hiuc
2480 1126 2620 1179 aliud
2654 1128 2790 1196 quod
2824 1143 2918 1182 vos
2949 1144 3015 1183 ne
3051 1130 3265 1196 quidem
3293 1131 3559 1199 pastillos
3580 1134 3727 1186 credi-

2169 1215 2373 1269 deritis.
2419 1215 2666 1285 Oportuit
2705 1219 2848 1272 enim
2888 1234 2981 1272 vos
3010 1228 3135 1273 ante
3167 1220 3283 1274 illos
3310 1221 3535 1275 credere
3561 1264 3574 1286 ,
3605 1225 3724 1291 quod

2170 1323 2297 1361 vero
2320 1323 2490 1377 neque
2515 1320 2633 1376 post
2672 1310 2810 1374 illos,
2842 1311 2986 1364 omni
3013 1312 3164 1364 venia
3195 1312 3471 1381 indignum
3492 1322 3607 1367 est:
3635 1314 3728 1366 laus

2170 1399 2378 1452 illorum
2408 1400 2620 1461 eximia,
2660 1401 2861 1454 crimen
2884 1412 3121 1455 vestrum
3148 1411 3327 1471 auget.
3353 1403 3433 1456 Ad
3466 1418 3556 1457 vos
3584 1405 3725 1468 venit,

2170 1505 2267 1544 nec
2288 1491 2578 1545 admisistis
2616 1492 2795 1557 illum;
2822 1508 2924 1547 non
2953 1495 3099 1548 venit
3125 1494 3191 1547 ad
3243 1495 3384 1560 illos,
3416 1505 3470 1548 et
3501 1509 3729 1564 suscepe-

2121 1651 2124 1661 Ι
2170 1592 2290 1634 runt
2311 1598 2428 1635 eum
2461 1600 2474 1646 ;
2504 1599 2674 1652 neque
2701 1585 2817 1637 illos
2842 1585 3091 1639 doctores
3119 1585 3424 1641 admittitis.
3454 1586 3583 1641 Vide
3618 1596 3729 1657 quot

2168 1673 2494 1740 argumentis
2516 1675 2629 1727 laus
2653 1675 2883 1742 illorum,
2911 1686 2964 1730 et
2986 1676 3174 1730 horum
3202 1678 3410 1731 crimen
3432 1679 3726 1732 ostenditur.

2172 1765 2249 1817 Ad
2283 1780 2375 1817 vos
2428 1768 2601 1831 venit,
2636 1782 2739 1820 non
2765 1767 2831 1820 ad
2867 1768 3004 1822 illos.
3034 1768 3139 1822 Vos
3163 1785 3267 1822 non
3299 1770 3617 1833 credidistis;
3644 1772 3730 1825 hoc

2172 1855 2274 1908 illis
2303 1854 2619 1910 olfendiculo
2667 1873 2773 1911 nou
2827 1858 2945 1912 fuit.
2988 1859 3066 1913 Illi
3113 1861 3494 1924 crediderunt,
3526 1861 3576 1915 id
3600 1862 3730 1915 vobis

2170 1962 2274 1999 non
2302 1947 2519 2015 profuit.
2551 1947 2680 2003 Illud
2711 1950 2876 2015 enim,
2901 1949 3224 2017 Prtecedent,
3257 1968 3365 2006 non
3390 1953 3596 2016 dicitur,
3621 1968 3729 2021 qua-

2170 2038 2211 2089 si
2243 2037 2293 2090 hi
2321 2048 2647 2107 sequantur;
2690 2040 2783 2094 sed
2820 2042 2959 2111 quod
3005 2057 3152 2110 Spem
3182 2043 3415 2096 habeant
3444 2084 3459 2107 ,
3500 2045 3542 2096 si
3568 2044 3725 2097 velint.

2169 2128 2308 2182 Nihil
2340 2132 2481 2185 enim
2528 2133 2695 2201 magis
2723 2149 2881 2202 quam
2913 2135 3182 2188 mmulatio
3212 2136 3460 2189 rudiores
3503 2137 3725 2189 concitat.

2171 2218 2454 2288 Propterea
2502 2237 2713 2292 semper
2759 2222 2887 2276 dicit
2927 2241 2941 2275 :
2984 2223 3265 2279 Novissimi
3298 2226 3451 2294 primi
3484 2268 3499 2292 ,
3528 2236 3570 2279 et
3599 2227 3725 2295 primi

2172 2313 2444 2367 novissimi.
2478 2313 2705 2383 Ideoque
2746 2315 3056 2371 meretrices
3098 2327 3152 2371 et
3181 2318 3493 2386 publicanos
3522 2318 3723 2383 induxit,

2173 2413 2229 2456 ut
2258 2405 2376 2459 illos
2403 2404 2519 2458 zelo
2550 2404 2923 2460 inﬂammaret.
2960 2407 3083 2462 llaec
3110 2408 3251 2463 enim
3282 2410 3393 2462 duo
3419 2418 3621 2478 peccata
3644 2425 3723 2463 ex-

2174 2509 2341 2553 trema
2367 2510 2509 2563 sunt,
2536 2516 2601 2554 ex
2632 2500 2854 2555 ferventi
2878 2517 3060 2557 amore
3097 2512 3242 2572 parta
3270 2544 3285 2568 ,
3314 2504 3420 2557 alio
3450 2519 3723 2572 corporum,

2172 2592 2277 2643 alio
2300 2592 2660 2659 pecuniarum.
2700 2592 2941 2647 Ostendit
2969 2602 3145 2648 autem
3169 2635 3183 2657 ,
3212 2594 3344 2648 illud
3368 2610 3490 2649 vere
3515 2607 3625 2647 esse
3649 2583 3734 2646 au-'

2174 2684 2289 2737 dire
2331 2684 2497 2751 legem
2532 2683 2645 2746 Dei,
2676 2685 2718 2737 si
2749 2684 2938 2738 Joanni
2968 2685 3236 2740 credatur.
3278 2685 3392 2741 Nec
3420 2701 3543 2739 vero
3568 2686 3724 2755 gratia:

2173 2776 2343 2829 solum
2397 2784 2478 2829 est
2526 2775 2667 2845 quod
2708 2778 3017 2831 meretrices
3064 2778 3357 2841 introeant,
3386 2793 3561 2832 verum
3589 2782 3722 2831 etiam

2170 2867 2409 2935 iustitia).
2439 2866 2552 2921 Non
2581 2868 2721 2922 enim
2744 2878 3024 2924 manentes
3052 2871 3371 2925 meretrices
3399 2870 3722 2933 introierunt,

2174 2957 2269 3011 sed
2290 2957 2600 3014 obedientes
2645 2968 2695 3013 et
2718 2959 3018 3023 credentes,
3054 2969 3107 3014 et
3134 2960 3406 3015 mundata:
3435 2969 3489 3014 et
3517 2966 3723 3022 mutatae,

2176 3050 2255 3104 sic
2280 3050 2619 3106 introierunt.
2667 3051 2854 3106 Viden‘
2878 3053 3147 3121 quomodo
3180 3055 3361 3109 minus
3396 3069 3656 3108 onerosam
3681 3058 3724 3104 et

2175 3140 2473 3196 breviorem
2519 3141 2818 3196 orationem
2851 3141 2976 3197 fecit
2998 3152 3108 3196 tum
3134 3158 3232 3212 per
3268 3143 3601 3210 parabolam,
3633 3149 3722 3194 tum

2178 3247 2272 3302 per
2333 3232 2671 3288 meretricum
2722 3236 3287 3290 commemorationem
3318 3237 3344 3290 ?
3394 3237 3566 3305 Neque
3607 3234 3722 3288 enim

2177 3325 2355 3379 statim
2384 3325 2548 3391 dixit,
2578 3324 2685 3381 Cur
2714 3342 2817 3382 non
2864 3328 3167 3382 credidistis
3202 3328 3401 3384 Joanni
3426 3332 3449 3382 ’ἰ
3479 3328 3567 3384 sed
3608 3323 3723 3395 (ιιιοά

2178 3417 2335 3487 longe
2359 3418 2535 3471 acrius
2564 3428 2699 3485 erat,
2731 3420 3025 3488 publicanis
3055 3421 3531 3491 meretricibusque
3558 3432 3723 3488 propo-

2180 3508 2294 3561 sitis
2318 3549 2332 3573 ,
2366 3517 2490 3562 tunc
2531 3508 2660 3562 illud
2690 3509 2918 3573 induxit,
2959 3525 3024 3565 ex
3055 3526 3231 3564 rerum
3263 3513 3408 3566 serie
3452 3510 3563 3565 illos
3600 3507 3724 3562 venia

2181 3600 2422 3668 indignos
2471 3615 2718 3669 arguens,
2778 3602 3191 3671 ostendensque,
3239 3603 3388 3671 ipsos
3446 3602 3513 3655 ob
3556 3608 3724 3654 metum

2183 3690 2453 3744 hominum
2498 3700 2554 3744 et
2601 3705 2796 3745 vanam
2852 3691 3076 3761 gloriam
3144 3693 3325 3745 omnia
3380 3692 3567 3746 facere.
3617 3688 3724 3742 Nam

2182 3781 2451 3834 Christum
2485 3796 2589 3835 non
2618 3781 3009 3836 conﬁtebantur
3038 3798 3147 3852 pra:
3188 3782 3384 3838 timore
3408 3823 3422 3843 ,
3455 3797 3563 3836 nea
3590 3794 3720 3850 syna-

2181 3886 2313 3941 goga
2338 3872 2695 3941 pellerentur;
2734 3882 2787 3926 et
2807 3872 3065 3927 Joannem
3098 3889 3201 3927 non
3228 3874 3494 3928 audebant
3516 3882 3723 3940 carpere.

2184 3980 2289 4017 non
2316 3965 2383 4017 ob
2412 3965 2681 4033 pietatem,
2704 3965 2797 4021 sed
2828 3976 3044 4035 propter
3068 3976 3288 4022 metum.
3319 3968 3449 4034 Qua:
3465 3964 3627 4020 omnia
3654 3961 3724 4015 ille

2183 4056 2425 4125 probavit
2453 4072 2521 4110 ex
2563 4056 2879 4125 supradictis
2908 4098 2923 4122 ,
2976 4066 3030 4111 et
3076 4058 3291 4128 gravius
3343 4068 3521 4127 postea
3566 4055 3725 4107 vulnus

2187 4145 2380 4199 inﬂixit
2406 4147 2588 4201 dicens
2616 4162 2631 4198 :
2698 4147 2793 4201 Vos
2822 4158 2987 4201 autem
3018 4149 3236 4203 videntes
3280 4165 3382 4202 non
3424 4146 3724 4219 ptenitmtiant

2184 4239 2373 4309 egistis,
2412 4249 2465 4292 ut
2503 4241 2759 4295 crederitis
2780 4242 2845 4295 ei.
2881 4242 3185 4310 lmprobutn
3230 4242 3375 4296 enim
3413 4248 3492 4296 est
3515 4241 3576 4293 ab
3600 4237 3723 4292 initio

2187 4329 2380 4383 bonum
2414 4346 2518 4385 non
2546 4333 2761 4402 eligere;
2794 4333 2965 4403 majus
2985 4348 3112 4389 vero
3141 4335 3341 4391 crimen
3368 4376 3383 4402 ,
3410 4350 3508 4388 non
3538 4328 3719 4386 mutari.

2185 4424 2316 4477 Nam
2371 4424 2473 4479 hoc
2510 4414 2742 4480 maxime
2785 4426 2981 4480 multos
3011 4427 3281 4498 improbos
3310 4427 3512 4492 efficit,
3538 4426 3584 4479 id
3605 4420 3723 4492 quod

2183 4514 2287 4585 jam
2321 4515 2372 4569 in
2405 4517 2586 4571 multis
2606 4517 2761 4571 video
2784 4560 2799 4583 ,
2824 4518 2893 4572 ob
2918 4527 3211 4572 extremam
3238 4519 3592 4573 stoliditatem.
3633 4509 3720 4566 Sed

2185 4622 2343 4663 nemo
2369 4608 2486 4663 talis
2516 4610 2604 4674 sit,
2636 4625 2732 4663 oro
2765 4628 2778 4663 :
2810 4625 2994 4665 verum
3022 4610 3229 4665 etiamsi
3256 4611 3307 4664 in
3340 4620 3617 4665 extremum
3640 4616 3718 4656 nc-

2185 4700 2365 4768 q'titize
2394 4702 2571 4770 lapsus
2595 4702 2663 4756 sit
2683 4742 2697 4766 ,
2725 4716 2793 4757 ne
2817 4702 3064 4771 desperet
3088 4701 3157 4757 de
3186 4700 3565 4771 rcsipiscentia;
3593 4693 3720 4749 facile

2186 4791 2379 4861 quippe
2401 4800 2483 4845 est
2516 4807 2579 4846 ex
2610 4791 2869 4859 profundo
2899 4792 3251 4860 improbitatis
3277 4804 3559 4861 emergere.

2260 4882 2486 4937 Historia
2523 4897 2795 4937 meretricis
2841 4884 3107 4953 cujusdam
3159 4899 3271 4953 quae
3346 4891 3530 4937 mutata
3576 4881 3718 4948 postea

2184 4985 2410 5028 sanctam
2441 4974 2593 5026 vitam
2617 4974 2855 5028 duxit.-—
2872 4975 3061 5029 Annon
3084 4973 3307 5028 audistis
3334 4970 3584 5043 quomodo
3624 4977 3715 5018 me’

2190 5066 2350 5120 retrix
2404 5064 2492 5118 illa
2524 5104 2539 5127 ,
2569 5081 2687 5133 qua:
2731 5064 2944 5119 lascivia
2988 5079 3174 5119 omnes
3218 5064 3495 5135 superabat
3524 5065 3715 5123 ,omnei

2186 5167 2365 5226 postea
2390 5157 2583 5227 pietate
2612 5157 2775 5211 vicit?
2797 5156 2909 5209 Non
2937 5156 3004 5211 de
3024 5157 3109 5212 illa
3133 5158 3323 5226 loquor
3341 5172 3453 5227 qua:
3496 5154 3544 5207 in
3571 5162 3708 5206 evan-

2180 5247 2333 5309 geliis
2362 5248 2556 5312 fertur;
2603 5246 2697 5301 sed
2723 5247 2791 5301 de
2818 5248 2903 5301 illa
2946 5264 3064 5317 quae
3106 5257 3290 5303 nostro
3333 5263 3446 5303 aevo
3486 5260 3547 5299 ex
3578 5238 3706 5294 Piraeo

2183 5342 2333 5393 meite
2387 5341 2600 5395 civitate
2642 5341 2880 5394 omnium
2909 5341 3228 5409 nequissima
3251 5340 3367 5395 fuit.
3416 5339 3527 5393 llaec
3545 5331 3707 5403 ῳιῑρρε

2184 5433 2434 5487 meretrix
2475 5432 2614 5502 apud
2643 5447 2741 5487 nos
2765 5442 2920 5500 erat,
2949 5434 3255 5502 primasque
3308 5433 3374 5511 iu‘
3402 5442 3546 5485 scena
3585 5431 3705 5475 teuc-

2181 5525 2271 5578 bat
2299 5562 2313 5589 ,
2350 5524 2500 5592 cujus
2539 5539 2730 5579 nomen
2762 5524 2953 5593 ubique
2981 5523 3351 5578 celebrabatur
3380 5554 3397 5585 ,
3426 5532 3512 5574 nec
3549 5515 3591 5568 in
3626 5521 3700 5561 no-

2182 5626 2291 5669 stra
2337 5616 2467 5671 urbe
2512 5625 2710 5669 tantum
2732 5656 2747 5681 ,
2774 5615 2877 5669 sed
2908 5630 3074 5685 usque
3116 5613 3181 5668 ad
3225 5612 3416 5669 CiliCaS
3444 5617 3492 5663 et
3528 5605 3697 5669 €3PP3'

2187 5709 2365 5762 docas.
2409 5708 2796 5778 Multorumque
2825 5722 2953 5777 opes
2982 5707 3225 5763 exhausit
3254 5748 3269 5772 ,
3300 5702 3510 5775 pupillos
3542 5691 3701 5751 ιιιυίιοδ
