  <div class='ocr_page' id='page_1' title='image "/cluster/home/n/w/nwhite01/storage/ocr_20150623/58/hvd.32044054202999/178.png"; bbox 0 0 4126 6220; ppageno 0'>
   <div class='ocr_carea' id='block_1_1' title="bbox 471 318 570 380">
    <p class='ocr_par' dir='ltr' id='par_1_1' title="bbox 471 318 570 380">
     <span class='ocr_line' id='line_1_1' title="bbox 471 318 570 380; baseline -0.03 0"><span class='ocrx_word' id='word_1_1' title='bbox 471 318 570 380; x_wconf 65' lang='lat' dir='ltr'><strong>(i5?</strong></span> 
     </span>
    </p>
   </div>
   <div class='ocr_carea' id='block_1_2' title="bbox 469 617 2046 690">
    <p class='ocr_par' dir='ltr' id='par_1_2' title="bbox 469 617 2046 690">
     <span class='ocr_line' id='line_1_2' title="bbox 469 617 2046 690; baseline -0.003 -15"><span class='ocrx_word' id='word_1_2' title='bbox 469 622 604 675; x_wconf 88' lang='lat' dir='ltr'><strong>retia</strong></span> <span class='ocrx_word' id='word_1_3' title='bbox 630 620 967 690; x_wconf 82' lang='lat' dir='ltr'><strong>expandisse.</strong></span> <span class='ocrx_word' id='word_1_4' title='bbox 1018 620 1142 674; x_wconf 70' lang='lat' dir='ltr'><strong>Hice</strong></span> <span class='ocrx_word' id='word_1_5' title='bbox 1182 619 1535 689; x_wconf 88' lang='lat' dir='ltr'><strong>imperatricis</strong></span> <span class='ocrx_word' id='word_1_6' title='bbox 1576 634 1787 689; x_wconf 90' lang='lat' dir='ltr'><strong>quoque</strong></span> <span class='ocrx_word' id='word_1_7' title='bbox 1827 617 2046 673; x_wconf 96' lang='lat' dir='ltr'><strong>fratrem</strong></span> 
     </span>
    </p>
   </div>
   <div class='ocr_carea' id='block_1_3' title="bbox 471 709 2041 779">
    <p class='ocr_par' dir='ltr' id='par_1_3' title="bbox 471 709 2041 779">
     <span class='ocr_line' id='line_1_3' title="bbox 471 709 2041 779; baseline 0 -16"><span class='ocrx_word' id='word_1_8' title='bbox 471 710 715 765; x_wconf 88' lang='lat' dir='ltr'><strong>irrctivit.</strong></span> <span class='ocrx_word' id='word_1_9' title='bbox 761 710 892 763; x_wconf 85' lang='lat' dir='ltr'><strong>Nam</strong></span> <span class='ocrx_word' id='word_1_10' title='bbox 934 710 1095 762; x_wconf 91' lang='lat' dir='ltr'><strong>multa</strong></span> <span class='ocrx_word' id='word_1_11' title='bbox 1138 710 1188 762; x_wconf 94' lang='lat' dir='ltr'><strong>vi</strong></span> <span class='ocrx_word' id='word_1_12' title='bbox 1219 709 1514 779; x_wconf 87' lang='lat' dir='ltr'><strong>tyrannidis</strong></span> <span class='ocrx_word' id='word_1_13' title='bbox 1542 710 1789 778; x_wconf 87' lang='lat' dir='ltr'><strong>pollebat.</strong></span> <span class='ocrx_word' id='word_1_14' title='bbox 1825 709 1929 763; x_wconf 85' lang='lat' dir='ltr'><strong>Sed</strong></span> <span class='ocrx_word' id='word_1_15' title='bbox 1958 725 2041 763; x_wconf 50' lang='lat' dir='ltr'><strong>re.</strong></span> 
     </span>
    </p>
   </div>
   <div class='ocr_carea' id='block_1_4' title="bbox 471 800 2045 872">
    <p class='ocr_par' dir='ltr' id='par_1_4' title="bbox 471 800 2045 872">
     <span class='ocr_line' id='line_1_4' title="bbox 471 800 2045 872; baseline -0.002 -16"><span class='ocrx_word' id='word_1_16' title='bbox 471 811 629 872; x_wconf 89' lang='lat' dir='ltr'><strong>pente</strong></span> <span class='ocrx_word' id='word_1_17' title='bbox 679 802 858 856; x_wconf 90' lang='lat' dir='ltr'><strong>nescio</strong></span> <span class='ocrx_word' id='word_1_18' title='bbox 909 800 1214 871; x_wconf 88' lang='lat' dir='ltr'><strong>quomodo,</strong></span> <span class='ocrx_word' id='word_1_19' title='bbox 1258 801 1363 853; x_wconf 94' lang='lat' dir='ltr'><strong>imo</strong></span> <span class='ocrx_word' id='word_1_20' title='bbox 1402 801 1564 868; x_wconf 89' lang='lat' dir='ltr'><strong>probe</strong></span> <span class='ocrx_word' id='word_1_21' title='bbox 1627 802 1739 855; x_wconf 91' lang='lat' dir='ltr'><strong>scio</strong></span> <span class='ocrx_word' id='word_1_22' title='bbox 1777 800 2045 869; x_wconf 76' lang='lat' dir='ltr'><strong>quomodo</strong></span> 
     </span>
    </p>
   </div>
   <div class='ocr_carea' id='block_1_5' title="bbox 468 891 2045 960">
    <p class='ocr_par' dir='ltr' id='par_1_5' title="bbox 468 891 2045 960">
     <span class='ocr_line' id='line_1_5' title="bbox 468 891 2045 960; baseline -0.001 -15"><span class='ocrx_word' id='word_1_23' title='bbox 468 899 661 960; x_wconf 82' lang='lat' dir='ltr'><strong>sponte</strong></span> <span class='ocrx_word' id='word_1_24' title='bbox 693 900 910 957; x_wconf 85' lang='lat' dir='ltr'><strong>mutata,</strong></span> <span class='ocrx_word' id='word_1_25' title='bbox 942 892 1168 960; x_wconf 76' lang='lat' dir='ltr'><strong>gratiam</strong></span> <span class='ocrx_word' id='word_1_26' title='bbox 1214 891 1306 945; x_wconf 92' lang='lat' dir='ltr'><strong>Dei</strong></span> <span class='ocrx_word' id='word_1_27' title='bbox 1355 891 1456 944; x_wconf 87' lang='lat' dir='ltr'><strong>sibi</strong></span> <span class='ocrx_word' id='word_1_28' title='bbox 1507 891 1797 944; x_wconf 83' lang='lat' dir='ltr'><strong>concilians</strong></span> <span class='ocrx_word' id='word_1_29' title='bbox 1823 932 1837 953; x_wconf 91' lang='lat'><strong>,</strong></span> <span class='ocrx_word' id='word_1_30' title='bbox 1867 891 2045 944; x_wconf 87' lang='lat' dir='ltr'><strong>omnia</strong></span> 
     </span>
    </p>
   </div>
   <div class='ocr_carea' id='block_1_6' title="bbox 472 982 2045 1053">
    <p class='ocr_par' dir='ltr' id='par_1_6' title="bbox 472 982 2045 1053">
     <span class='ocr_line' id='line_1_6' title="bbox 472 982 2045 1053; baseline -0.003 -14"><span class='ocrx_word' id='word_1_31' title='bbox 472 985 559 1039; x_wconf 90' lang='lat' dir='ltr'><strong>illa</strong></span> <span class='ocrx_word' id='word_1_32' title='bbox 589 985 809 1053; x_wconf 78' lang='lat' dir='ltr'><strong>Sprevit,</strong></span> <span class='ocrx_word' id='word_1_33' title='bbox 834 998 896 1037; x_wconf 91' lang='lat' dir='ltr'><strong>ac</strong></span> <span class='ocrx_word' id='word_1_34' title='bbox 920 983 1169 1052; x_wconf 87' lang='lat' dir='ltr'><strong>projectis</strong></span> <span class='ocrx_word' id='word_1_35' title='bbox 1189 983 1466 1036; x_wconf 87' lang='lat' dir='ltr'><strong>diabolieis</strong></span> <span class='ocrx_word' id='word_1_36' title='bbox 1508 982 1770 1037; x_wconf 74' lang='lat' dir='ltr'><strong>illecebris</strong></span> <span class='ocrx_word' id='word_1_37' title='bbox 1799 1023 1813 1045; x_wconf 89' lang='lat'><strong>,</strong></span> <span class='ocrx_word' id='word_1_38' title='bbox 1846 982 1910 1034; x_wconf 89' lang='lat' dir='ltr'><strong>ad</strong></span> <span class='ocrx_word' id='word_1_39' title='bbox 1938 996 2045 1035; x_wconf 71' lang='lat' dir='ltr'><strong>ca:-</strong></span> 
     </span>
    </p>
   </div>
   <div class='ocr_carea' id='block_1_7' title="bbox 466 1074 2042 1144">
    <p class='ocr_par' dir='ltr' id='par_1_7' title="bbox 466 1074 2042 1144">
     <span class='ocr_line' id='line_1_7' title="bbox 466 1074 2042 1144; baseline -0.003 -13"><span class='ocrx_word' id='word_1_40' title='bbox 466 1077 576 1131; x_wconf 86' lang='lat' dir='ltr'><strong>lutn</strong></span> <span class='ocrx_word' id='word_1_41' title='bbox 607 1077 856 1131; x_wconf 90' lang='lat' dir='ltr'><strong>accurrit.</strong></span> <span class='ocrx_word' id='word_1_42' title='bbox 880 1075 1210 1144; x_wconf 85' lang='lat' dir='ltr'><strong>Quamquam</strong></span> <span class='ocrx_word' id='word_1_43' title='bbox 1242 1074 1371 1128; x_wconf 86' lang='lat' dir='ltr'><strong>nihil</strong></span> <span class='ocrx_word' id='word_1_44' title='bbox 1401 1075 1486 1128; x_wconf 91' lang='lat' dir='ltr'><strong>illa</strong></span> <span class='ocrx_word' id='word_1_45' title='bbox 1518 1075 1722 1143; x_wconf 86' lang='lat' dir='ltr'><strong>turpius</strong></span> <span class='ocrx_word' id='word_1_46' title='bbox 1740 1084 1850 1127; x_wconf 90' lang='lat' dir='ltr'><strong>erat</strong></span> <span class='ocrx_word' id='word_1_47' title='bbox 1878 1116 1893 1138; x_wconf 91' lang='lat'><strong>,</strong></span> <span class='ocrx_word' id='word_1_48' title='bbox 1923 1088 2042 1126; x_wconf 90' lang='lat' dir='ltr'><strong>cum</strong></span> 
     </span>
    </p>
   </div>
   <div class='ocr_carea' id='block_1_8' title="bbox 470 1166 2042 1237">
    <p class='ocr_par' dir='ltr' id='par_1_8' title="bbox 470 1166 2042 1237">
     <span class='ocr_line' id='line_1_8' title="bbox 470 1166 2042 1237; baseline -0.001 -16"><span class='ocrx_word' id='word_1_49' title='bbox 470 1169 520 1222; x_wconf 90' lang='lat' dir='ltr'><strong>in</strong></span> <span class='ocrx_word' id='word_1_50' title='bbox 544 1183 703 1223; x_wconf 86' lang='lat' dir='ltr'><strong>scena</strong></span> <span class='ocrx_word' id='word_1_51' title='bbox 742 1175 1114 1237; x_wconf 84' lang='lat' dir='ltr'><strong>compareret:</strong></span> <span class='ocrx_word' id='word_1_52' title='bbox 1158 1176 1392 1220; x_wconf 86' lang='lat' dir='ltr'><strong>attamen</strong></span> <span class='ocrx_word' id='word_1_53' title='bbox 1437 1166 1629 1219; x_wconf 90' lang='lat' dir='ltr'><strong>multas</strong></span> <span class='ocrx_word' id='word_1_54' title='bbox 1660 1174 1840 1234; x_wconf 86' lang='lat' dir='ltr'><strong>postea</strong></span> <span class='ocrx_word' id='word_1_55' title='bbox 1880 1166 2042 1219; x_wconf 89' lang='lat' dir='ltr'><strong>casti-</strong></span> 
     </span>
    </p>
   </div>
   <div class='ocr_carea' id='block_1_9' title="bbox 469 1258 2043 1329">
    <p class='ocr_par' dir='ltr' id='par_1_9' title="bbox 469 1258 2043 1329">
     <span class='ocr_line' id='line_1_9' title="bbox 469 1258 2043 1329; baseline -0.001 -16"><span class='ocrx_word' id='word_1_56' title='bbox 469 1270 575 1313; x_wconf 83' lang='lat' dir='ltr'><strong>tate</strong></span> <span class='ocrx_word' id='word_1_57' title='bbox 602 1260 912 1328; x_wconf 85' lang='lat' dir='ltr'><strong>superavit,</strong></span> <span class='ocrx_word' id='word_1_58' title='bbox 964 1259 1242 1329; x_wconf 89' lang='lat' dir='ltr'><strong>cilicioque</strong></span> <span class='ocrx_word' id='word_1_59' title='bbox 1286 1258 1469 1312; x_wconf 90' lang='lat' dir='ltr'><strong>induta</strong></span> <span class='ocrx_word' id='word_1_60' title='bbox 1514 1273 1673 1313; x_wconf 90' lang='lat' dir='ltr'><strong>omne</strong></span> <span class='ocrx_word' id='word_1_61' title='bbox 1720 1258 2043 1327; x_wconf 88' lang='lat' dir='ltr'><strong>transigebat</strong></span> 
     </span>
    </p>
   </div>
   <div class='ocr_carea' id='block_1_10' title="bbox 467 1348 2040 1419">
    <p class='ocr_par' dir='ltr' id='par_1_10' title="bbox 467 1348 2040 1419">
     <span class='ocr_line' id='line_1_10' title="bbox 467 1348 2040 1419; baseline -0.002 -14"><span class='ocrx_word' id='word_1_62' title='bbox 467 1362 692 1419; x_wconf 88' lang='lat' dir='ltr'><strong>tempus.</strong></span> <span class='ocrx_word' id='word_1_63' title='bbox 727 1350 893 1417; x_wconf 88' lang='lat' dir='ltr'><strong>llujus</strong></span> <span class='ocrx_word' id='word_1_64' title='bbox 921 1349 1232 1404; x_wconf 74' lang='lat' dir='ltr'><strong>revocanda:</strong></span> <span class='ocrx_word' id='word_1_65' title='bbox 1256 1363 1415 1403; x_wconf 87' lang='lat' dir='ltr'><strong>causa</strong></span> <span class='ocrx_word' id='word_1_66' title='bbox 1447 1348 1728 1418; x_wconf 75' lang='lat' dir='ltr'><strong>praefectus</strong></span> <span class='ocrx_word' id='word_1_67' title='bbox 1755 1363 1783 1401; x_wconf 90' lang='lat' dir='ltr'><strong>a</strong></span> <span class='ocrx_word' id='word_1_68' title='bbox 1820 1349 2040 1417; x_wconf 85' lang='lat' dir='ltr'><strong>quibus-</strong></span> 
     </span>
    </p>
   </div>
   <div class='ocr_carea' id='block_1_11' title="bbox 462 1439 2039 1507">
    <p class='ocr_par' dir='ltr' id='par_1_11' title="bbox 462 1439 2039 1507">
     <span class='ocr_line' id='line_1_11' title="bbox 462 1439 2039 1507; baseline -0.002 -12"><span class='ocrx_word' id='word_1_69' title='bbox 462 1442 583 1495; x_wconf 84' lang='lat' dir='ltr'><strong>dam</strong></span> <span class='ocrx_word' id='word_1_70' title='bbox 613 1443 908 1497; x_wconf 88' lang='lat' dir='ltr'><strong>concitatus</strong></span> <span class='ocrx_word' id='word_1_71' title='bbox 934 1450 1014 1495; x_wconf 73' lang='lat' dir='ltr'><strong>est</strong></span> <span class='ocrx_word' id='word_1_72' title='bbox 1037 1482 1053 1507; x_wconf 91' lang='lat'><strong>,</strong></span> <span class='ocrx_word' id='word_1_73' title='bbox 1095 1441 1292 1495; x_wconf 88' lang='lat' dir='ltr'><strong>milites</strong></span> <span class='ocrx_word' id='word_1_74' title='bbox 1320 1440 1507 1493; x_wconf 86' lang='lat' dir='ltr'><strong>armati</strong></span> <span class='ocrx_word' id='word_1_75' title='bbox 1538 1439 1605 1492; x_wconf 88' lang='lat' dir='ltr'><strong>ad</strong></span> <span class='ocrx_word' id='word_1_76' title='bbox 1648 1454 1860 1492; x_wconf 86' lang='lat' dir='ltr'><strong>scenam</strong></span> <span class='ocrx_word' id='word_1_77' title='bbox 1898 1440 2039 1492; x_wconf 85' lang='lat' dir='ltr'><strong>illam</strong></span> 
     </span>
    </p>
   </div>
   <div class='ocr_carea' id='block_1_12' title="bbox 463 1532 2036 1603">
    <p class='ocr_par' dir='ltr' id='par_1_12' title="bbox 463 1532 2036 1603">
     <span class='ocr_line' id='line_1_12' title="bbox 463 1532 2036 1603; baseline -0.003 -15"><span class='ocrx_word' id='word_1_78' title='bbox 463 1534 753 1589; x_wconf 83' lang='lat' dir='ltr'><strong>transferre</strong></span> <span class='ocrx_word' id='word_1_79' title='bbox 783 1550 887 1588; x_wconf 89' lang='lat' dir='ltr'><strong>non</strong></span> <span class='ocrx_word' id='word_1_80' title='bbox 924 1542 1231 1603; x_wconf 85' lang='lat' dir='ltr'><strong>potuerunt,</strong></span> <span class='ocrx_word' id='word_1_81' title='bbox 1273 1546 1443 1601; x_wconf 90' lang='lat' dir='ltr'><strong>neque</strong></span> <span class='ocrx_word' id='word_1_82' title='bbox 1469 1547 1531 1586; x_wconf 80' lang='lat' dir='ltr'><strong>ex</strong></span> <span class='ocrx_word' id='word_1_83' title='bbox 1560 1542 1701 1586; x_wconf 75' lang='lat' dir='ltr'><strong>cwtu</strong></span> <span class='ocrx_word' id='word_1_84' title='bbox 1734 1532 1990 1599; x_wconf 85' lang='lat' dir='ltr'><strong>virginum</strong></span> <span class='ocrx_word' id='word_1_85' title='bbox 2023 1574 2036 1597; x_wconf 92' lang='lat'><strong>,</strong></span> 
     </span>
    </p>
   </div>
   <div class='ocr_carea' id='block_1_13' title="bbox 457 1621 2038 1695">
    <p class='ocr_par' dir='ltr' id='par_1_13' title="bbox 457 1621 2038 1695">
     <span class='ocr_line' id='line_1_13' title="bbox 457 1621 2038 1695; baseline -0.003 -17"><span class='ocrx_word' id='word_1_86' title='bbox 457 1641 581 1695; x_wconf 68' lang='lat' dir='ltr'><strong>qua:</strong></span> <span class='ocrx_word' id='word_1_87' title='bbox 625 1625 767 1677; x_wconf 89' lang='lat' dir='ltr'><strong>illam</strong></span> <span class='ocrx_word' id='word_1_88' title='bbox 816 1632 1125 1691; x_wconf 87' lang='lat' dir='ltr'><strong>receperant</strong></span> <span class='ocrx_word' id='word_1_89' title='bbox 1154 1663 1169 1685; x_wconf 94' lang='lat'><strong>,</strong></span> <span class='ocrx_word' id='word_1_90' title='bbox 1198 1622 1447 1675; x_wconf 82' lang='lat' dir='ltr'><strong>educere.</strong></span> <span class='ocrx_word' id='word_1_91' title='bbox 1478 1621 1602 1675; x_wconf 74' lang='lat' dir='ltr'><strong>Haec</strong></span> <span class='ocrx_word' id='word_1_92' title='bbox 1626 1623 1797 1674; x_wconf 84' lang='lat' dir='ltr'><strong>sacris</strong></span> <span class='ocrx_word' id='word_1_93' title='bbox 1826 1621 2038 1689; x_wconf 84' lang='lat' dir='ltr'><strong>dignata</strong></span> 
     </span>
    </p>
   </div>
   <div class='ocr_carea' id='block_1_14' title="bbox 463 1713 2043 1788">
    <p class='ocr_par' dir='ltr' id='par_1_14' title="bbox 463 1713 2043 1788">
     <span class='ocr_line' id='line_1_14' title="bbox 463 1713 2043 1788; baseline -0.001 -19"><span class='ocrx_word' id='word_1_94' title='bbox 463 1718 763 1788; x_wconf 88' lang='lat' dir='ltr'><strong>mysteriis,</strong></span> <span class='ocrx_word' id='word_1_95' title='bbox 793 1731 913 1770; x_wconf 90' lang='lat' dir='ltr'><strong>cum</strong></span> <span class='ocrx_word' id='word_1_96' title='bbox 954 1724 1171 1783; x_wconf 70' lang='lat' dir='ltr'><strong>acet-pta</strong></span> <span class='ocrx_word' id='word_1_97' title='bbox 1209 1714 1377 1783; x_wconf 86' lang='lat' dir='ltr'><strong>gratia</strong></span> <span class='ocrx_word' id='word_1_98' title='bbox 1425 1713 1641 1783; x_wconf 86' lang='lat' dir='ltr'><strong>dignum</strong></span> <span class='ocrx_word' id='word_1_99' title='bbox 1684 1716 1891 1768; x_wconf 90' lang='lat' dir='ltr'><strong>virtutis</strong></span> <span class='ocrx_word' id='word_1_100' title='bbox 1928 1726 2043 1768; x_wconf 87' lang='lat' dir='ltr'><strong>stu-</strong></span> 
     </span>
    </p>
   </div>
   <div class='ocr_carea' id='block_1_15' title="bbox 460 1807 2037 1875">
    <p class='ocr_par' dir='ltr' id='par_1_15' title="bbox 460 1807 2037 1875">
     <span class='ocr_line' id='line_1_15' title="bbox 460 1807 2037 1875; baseline -0.003 -11"><span class='ocrx_word' id='word_1_101' title='bbox 460 1810 606 1864; x_wconf 89' lang='lat' dir='ltr'><strong>dium</strong></span> <span class='ocrx_word' id='word_1_102' title='bbox 649 1809 997 1872; x_wconf 84' lang='lat' dir='ltr'><strong>adhibuisset,</strong></span> <span class='ocrx_word' id='word_1_103' title='bbox 1030 1809 1188 1861; x_wconf 87' lang='lat' dir='ltr'><strong>vitam</strong></span> <span class='ocrx_word' id='word_1_104' title='bbox 1218 1807 1442 1869; x_wconf 88' lang='lat' dir='ltr'><strong>clausit,</strong></span> <span class='ocrx_word' id='word_1_105' title='bbox 1473 1822 1592 1860; x_wconf 92' lang='lat' dir='ltr'><strong>cum</strong></span> <span class='ocrx_word' id='word_1_106' title='bbox 1621 1819 1835 1875; x_wconf 90' lang='lat' dir='ltr'><strong>peccata</strong></span> <span class='ocrx_word' id='word_1_107' title='bbox 1862 1809 2037 1860; x_wconf 85' lang='lat' dir='ltr'><strong>omnia</strong></span> 
     </span>
    </p>
   </div>
   <div class='ocr_carea' id='block_1_16' title="bbox 465 1896 2037 1968">
    <p class='ocr_par' dir='ltr' id='par_1_16' title="bbox 465 1896 2037 1968">
     <span class='ocr_line' id='line_1_16' title="bbox 465 1896 2037 1968; baseline 0.002 -19"><span class='ocrx_word' id='word_1_108' title='bbox 465 1917 555 1967; x_wconf 85' lang='lat' dir='ltr'><strong>per</strong></span> <span class='ocrx_word' id='word_1_109' title='bbox 583 1899 807 1968; x_wconf 80' lang='lat' dir='ltr'><strong>gratiam</strong></span> <span class='ocrx_word' id='word_1_110' title='bbox 837 1898 1102 1963; x_wconf 90' lang='lat' dir='ltr'><strong>cluisset,</strong></span> <span class='ocrx_word' id='word_1_111' title='bbox 1158 1905 1213 1951; x_wconf 93' lang='lat' dir='ltr'><strong>et</strong></span> <span class='ocrx_word' id='word_1_112' title='bbox 1262 1905 1381 1966; x_wconf 90' lang='lat' dir='ltr'><strong>post</strong></span> <span class='ocrx_word' id='word_1_113' title='bbox 1431 1896 1752 1965; x_wconf 84' lang='lat' dir='ltr'><strong>baptismum</strong></span> <span class='ocrx_word' id='word_1_114' title='bbox 1796 1913 2037 1967; x_wconf 85' lang='lat' dir='ltr'><strong>magnam</strong></span> 
     </span>
    </p>
   </div>
   <div class='ocr_carea' id='block_1_17' title="bbox 462 1988 2040 2058">
    <p class='ocr_par' dir='ltr' id='par_1_17' title="bbox 462 1988 2040 2058">
     <span class='ocr_line' id='line_1_17' title="bbox 462 1988 2040 2058; baseline 0.001 -16"><span class='ocrx_word' id='word_1_115' title='bbox 462 1990 791 2043; x_wconf 81' lang='lat' dir='ltr'><strong>exhibuisset</strong></span> <span class='ocrx_word' id='word_1_116' title='bbox 847 1989 1253 2058; x_wconf 86' lang='lat' dir='ltr'><strong>philosophiam.</strong></span> <span class='ocrx_word' id='word_1_117' title='bbox 1314 1988 1423 2043; x_wconf 85' lang='lat' dir='ltr'><strong>Nec</strong></span> <span class='ocrx_word' id='word_1_118' title='bbox 1481 2004 1731 2058; x_wconf 89' lang='lat' dir='ltr'><strong>umquam</strong></span> <span class='ocrx_word' id='word_1_119' title='bbox 1774 1999 2040 2044; x_wconf 81' lang='lat' dir='ltr'><strong>amatores</strong></span> 
     </span>
    </p>
   </div>
   <div class='ocr_carea' id='block_1_18' title="bbox 463 2080 2036 2149">
    <p class='ocr_par' dir='ltr' id='par_1_18' title="bbox 463 2080 2036 2149">
     <span class='ocr_line' id='line_1_18' title="bbox 463 2080 2036 2149; baseline 0.002 -18"><span class='ocrx_word' id='word_1_120' title='bbox 463 2082 590 2133; x_wconf 90' lang='lat' dir='ltr'><strong>olim</strong></span> <span class='ocrx_word' id='word_1_121' title='bbox 638 2095 762 2133; x_wconf 87' lang='lat' dir='ltr'><strong>suos</strong></span> <span class='ocrx_word' id='word_1_122' title='bbox 800 2080 1115 2134; x_wconf 86' lang='lat' dir='ltr'><strong>accedentes</strong></span> <span class='ocrx_word' id='word_1_123' title='bbox 1164 2080 1405 2149; x_wconf 89' lang='lat' dir='ltr'><strong>aspicere</strong></span> <span class='ocrx_word' id='word_1_124' title='bbox 1438 2080 1622 2143; x_wconf 88' lang='lat' dir='ltr'><strong>voluit,</strong></span> <span class='ocrx_word' id='word_1_125' title='bbox 1669 2094 1832 2149; x_wconf 89' lang='lat' dir='ltr'><strong>seque</strong></span> <span class='ocrx_word' id='word_1_126' title='bbox 1869 2081 2036 2149; x_wconf 85' lang='lat' dir='ltr'><strong>ipsam</strong></span> 
     </span>
    </p>
   </div>
   <div class='ocr_carea' id='block_1_19' title="bbox 466 2173 2034 2242">
    <p class='ocr_par' dir='ltr' id='par_1_19' title="bbox 466 2173 2034 2242">
     <span class='ocr_line' id='line_1_19' title="bbox 466 2173 2034 2242; baseline -0.001 -17"><span class='ocrx_word' id='word_1_127' title='bbox 466 2173 694 2235; x_wconf 86' lang='lat' dir='ltr'><strong>inclusit,</strong></span> <span class='ocrx_word' id='word_1_128' title='bbox 728 2173 1028 2241; x_wconf 85' lang='lat' dir='ltr'><strong>multosque</strong></span> <span class='ocrx_word' id='word_1_129' title='bbox 1056 2187 1224 2226; x_wconf 91' lang='lat' dir='ltr'><strong>annos</strong></span> <span class='ocrx_word' id='word_1_130' title='bbox 1263 2173 1411 2242; x_wconf 89' lang='lat' dir='ltr'><strong>quasi</strong></span> <span class='ocrx_word' id='word_1_131' title='bbox 1437 2174 1488 2225; x_wconf 92' lang='lat' dir='ltr'><strong>in</strong></span> <span class='ocrx_word' id='word_1_132' title='bbox 1520 2174 2034 2242; x_wconf 81' lang='lat' dir='ltr'><strong>carceretransegit.</strong></span> 
     </span>
    </p>
   </div>
   <div class='ocr_carea' id='block_1_20' title="bbox 462 2263 2034 2335">
    <p class='ocr_par' dir='ltr' id='par_1_20' title="bbox 462 2263 2034 2335">
     <span class='ocr_line' id='line_1_20' title="bbox 462 2263 2034 2335; baseline -0.002 -17"><span class='ocrx_word' id='word_1_133' title='bbox 462 2266 553 2318; x_wconf 80' lang='lat' dir='ltr'><strong>Sic</strong></span> <span class='ocrx_word' id='word_1_134' title='bbox 579 2274 724 2317; x_wconf 85' lang='lat' dir='ltr'><strong>erunt</strong></span> <span class='ocrx_word' id='word_1_135' title='bbox 771 2264 1028 2316; x_wconf 74' lang='lat' dir='ltr'><strong>novissimi</strong></span> <span class='ocrx_word' id='word_1_136' title='bbox 1050 2264 1199 2331; x_wconf 89' lang='lat' dir='ltr'><strong>primi</strong></span> <span class='ocrx_word' id='word_1_137' title='bbox 1232 2304 1245 2328; x_wconf 84' lang='lat'><strong>,</strong></span> <span class='ocrx_word' id='word_1_138' title='bbox 1279 2273 1323 2317; x_wconf 87' lang='lat' dir='ltr'><strong>et</strong></span> <span class='ocrx_word' id='word_1_139' title='bbox 1351 2264 1499 2332; x_wconf 85' lang='lat' dir='ltr'><strong>primi</strong></span> <span class='ocrx_word' id='word_1_140' title='bbox 1528 2264 1784 2317; x_wconf 78' lang='lat' dir='ltr'><strong>novissimi</strong></span> <span class='ocrx_word' id='word_1_141' title='bbox 1807 2264 1824 2335; x_wconf 95' lang='lat'>(</span> <span class='ocrx_word' id='word_1_142' title='bbox 1849 2263 2034 2316; x_wconf 81' lang='lat' dir='ltr'><strong>Matth.</strong></span> 
     </span>
    </p>
   </div>
   <div class='ocr_carea' id='block_1_21' title="bbox 457 2356 2031 2427">
    <p class='ocr_par' dir='ltr' id='par_1_21' title="bbox 457 2356 2031 2427">
     <span class='ocr_line' id='line_1_21' title="bbox 457 2356 2031 2427; baseline -0.001 -15"><span class='ocrx_word' id='word_1_143' title='bbox 457 2358 547 2414; x_wconf 77' lang='lat'><strong>9.0.</strong></span> <span class='ocrx_word' id='word_1_144' title='bbox 582 2358 689 2427; x_wconf 84' lang='grc'><strong>16)</strong></span> <span class='ocrx_word' id='word_1_145' title='bbox 723 2375 734 2408; x_wconf 90' lang='lat'><strong>:</strong></span> <span class='ocrx_word' id='word_1_146' title='bbox 764 2357 843 2411; x_wconf 90' lang='lat' dir='ltr'><strong>sic</strong></span> <span class='ocrx_word' id='word_1_147' title='bbox 895 2358 1047 2411; x_wconf 92' lang='lat' dir='ltr'><strong>nobis</strong></span> <span class='ocrx_word' id='word_1_148' title='bbox 1076 2356 1267 2426; x_wconf 90' lang='lat' dir='ltr'><strong>ubique</strong></span> <span class='ocrx_word' id='word_1_149' title='bbox 1294 2358 1516 2411; x_wconf 86' lang='lat' dir='ltr'><strong>ferventi</strong></span> <span class='ocrx_word' id='word_1_150' title='bbox 1542 2358 1722 2411; x_wconf 90' lang='lat' dir='ltr'><strong>animo</strong></span> <span class='ocrx_word' id='word_1_151' title='bbox 1761 2372 1894 2426; x_wconf 91' lang='lat' dir='ltr'><strong>opus</strong></span> <span class='ocrx_word' id='word_1_152' title='bbox 1931 2367 2031 2411; x_wconf 89' lang='lat' dir='ltr'><strong>est.</strong></span> 
     </span>
    </p>
   </div>
   <div class='ocr_carea' id='block_1_22' title="bbox 459 2449 2022 2519">
    <p class='ocr_par' dir='ltr' id='par_1_22' title="bbox 459 2449 2022 2519">
     <span class='ocr_line' id='line_1_22' title="bbox 459 2449 2022 2519; baseline -0.001 -15"><span class='ocrx_word' id='word_1_153' title='bbox 459 2450 597 2504; x_wconf 79' lang='lat' dir='ltr'><strong>Nihil</strong></span> <span class='ocrx_word' id='word_1_154' title='bbox 625 2449 1140 2518; x_wconf 87' lang='lat' dir='ltr'><strong>impeditquominus</strong></span> <span class='ocrx_word' id='word_1_155' title='bbox 1158 2449 1329 2519; x_wconf 80' lang='lat' dir='ltr'><strong>magni</strong></span> <span class='ocrx_word' id='word_1_156' title='bbox 1351 2460 1404 2504; x_wconf 91' lang='lat' dir='ltr'><strong>et</strong></span> <span class='ocrx_word' id='word_1_157' title='bbox 1420 2450 1689 2504; x_wconf 89' lang='lat' dir='ltr'><strong>mirabiles</strong></span> <span class='ocrx_word' id='word_1_158' title='bbox 1715 2450 2022 2504; x_wconf 87' lang='lat' dir='ltr'><strong>evadamus.</strong></span> 
     </span>
    </p>
   </div>
   <div class='ocr_carea' id='block_1_23' title="bbox 530 2540 2038 2613">
    <p class='ocr_par' dir='ltr' id='par_1_23' title="bbox 530 2540 2038 2613">
     <span class='ocr_line' id='line_1_23' title="bbox 530 2540 2038 2613; baseline -0.001 -16"><span class='ocrx_word' id='word_1_159' title='bbox 530 2543 583 2597; x_wconf 79' lang='grc'>4.</span> <span class='ocrx_word' id='word_1_160' title='bbox 624 2540 920 2609; x_wconf 81' lang='lat' dir='ltr'><strong>Desperatio</strong></span> <span class='ocrx_word' id='word_1_161' title='bbox 999 2551 1047 2595; x_wconf 86' lang='lat' dir='ltr'><strong>et</strong></span> <span class='ocrx_word' id='word_1_162' title='bbox 1123 2542 1445 2613; x_wconf 70' lang='lat' dir='ltr'><strong>praesumptio</strong></span> <span class='ocrx_word' id='word_1_163' title='bbox 1519 2542 2038 2597; x_wconf 52' lang='lat' dir='ltr'><strong>vitanda—Nemo</strong></span> 
     </span>
    </p>
   </div>
   <div class='ocr_carea' id='block_1_24' title="bbox 458 2632 2028 2703">
    <p class='ocr_par' dir='ltr' id='par_1_24' title="bbox 458 2632 2028 2703">
     <span class='ocr_line' id='line_1_24' title="bbox 458 2632 2028 2703; baseline 0.001 -18"><span class='ocrx_word' id='word_1_164' title='bbox 458 2632 618 2701; x_wconf 81' lang='lat' dir='ltr'><strong>igitur</strong></span> <span class='ocrx_word' id='word_1_165' title='bbox 648 2633 699 2686; x_wconf 92' lang='lat' dir='ltr'><strong>iu</strong></span> <span class='ocrx_word' id='word_1_166' title='bbox 744 2632 975 2701; x_wconf 84' lang='lat' dir='ltr'><strong>nequitia</strong></span> <span class='ocrx_word' id='word_1_167' title='bbox 1017 2632 1216 2703; x_wconf 79' lang='lat' dir='ltr'><strong>degens</strong></span> <span class='ocrx_word' id='word_1_168' title='bbox 1257 2633 1539 2701; x_wconf 89' lang='lat' dir='ltr'><strong>desperet:</strong></span> <span class='ocrx_word' id='word_1_169' title='bbox 1574 2648 1733 2687; x_wconf 90' lang='lat' dir='ltr'><strong>nemo</strong></span> <span class='ocrx_word' id='word_1_170' title='bbox 1776 2634 2028 2687; x_wconf 90' lang='lat' dir='ltr'><strong>virtutem</strong></span> 
     </span>
    </p>
   </div>
   <div class='ocr_carea' id='block_1_25' title="bbox 457 2718 2034 2793">
    <p class='ocr_par' dir='ltr' id='par_1_25' title="bbox 457 2718 2034 2793">
     <span class='ocr_line' id='line_1_25' title="bbox 457 2718 2034 2793; baseline 0.002 -17"><span class='ocrx_word' id='word_1_171' title='bbox 457 2738 717 2777; x_wconf 76' lang='lat' dir='ltr'><strong>exercens</strong></span> <span class='ocrx_word' id='word_1_172' title='bbox 744 2722 1015 2788; x_wconf 78' lang='lat' dir='ltr'><strong>dormitet,</strong></span> <span class='ocrx_word' id='word_1_173' title='bbox 1051 2738 1223 2792; x_wconf 87' lang='lat' dir='ltr'><strong>neque</strong></span> <span class='ocrx_word' id='word_1_174' title='bbox 1257 2718 1350 2775; x_wconf 87' lang='lat' dir='ltr'><strong>ille</strong></span> <span class='ocrx_word' id='word_1_175' title='bbox 1367 2724 1599 2778; x_wconf 84' lang='lat' dir='ltr'><strong>confidat</strong></span> <span class='ocrx_word' id='word_1_176' title='bbox 1625 2727 1669 2777; x_wconf 84' lang='grc'>².</span> <span class='ocrx_word' id='word_1_177' title='bbox 1706 2726 1860 2793; x_wconf 81' lang='lat' dir='ltr'><strong>Sa-pe</strong></span> <span class='ocrx_word' id='word_1_178' title='bbox 1884 2741 2034 2779; x_wconf 86' lang='lat' dir='ltr'><strong>nam-</strong></span> 
     </span>
    </p>
   </div>
   <div class='ocr_carea' id='block_1_26' title="bbox 456 2814 2037 2882">
    <p class='ocr_par' dir='ltr' id='par_1_26' title="bbox 456 2814 2037 2882">
     <span class='ocr_line' id='line_1_26' title="bbox 456 2814 2037 2882; baseline 0.003 -17"><span class='ocrx_word' id='word_1_179' title='bbox 456 2830 558 2882; x_wconf 90' lang='lat' dir='ltr'><strong>que</strong></span> <span class='ocrx_word' id='word_1_180' title='bbox 584 2814 793 2867; x_wconf 79' lang='lat' dir='ltr'><strong>eveniet</strong></span> <span class='ocrx_word' id='word_1_181' title='bbox 833 2822 889 2867; x_wconf 90' lang='lat' dir='ltr'><strong>ut</strong></span> <span class='ocrx_word' id='word_1_182' title='bbox 931 2815 1181 2868; x_wconf 83' lang='lat' dir='ltr'><strong>meretrix</strong></span> <span class='ocrx_word' id='word_1_183' title='bbox 1225 2814 1380 2867; x_wconf 86' lang='lat' dir='ltr'><strong>illum</strong></span> <span class='ocrx_word' id='word_1_184' title='bbox 1424 2823 1740 2870; x_wconf 79' lang='lat' dir='ltr'><strong>antevet‘tat.</strong></span> <span class='ocrx_word' id='word_1_185' title='bbox 1776 2817 1870 2870; x_wconf 83' lang='lat' dir='ltr'><strong>Ille</strong></span> <span class='ocrx_word' id='word_1_186' title='bbox 1910 2832 2037 2870; x_wconf 78' lang='lat' dir='ltr'><strong>vcr-</strong></span> 
     </span>
    </p>
   </div>
   <div class='ocr_carea' id='block_1_27' title="bbox 459 2906 2032 2975">
    <p class='ocr_par' dir='ltr' id='par_1_27' title="bbox 459 2906 2032 2975">
     <span class='ocr_line' id='line_1_27' title="bbox 459 2906 2032 2975; baseline 0 -15"><span class='ocrx_word' id='word_1_187' title='bbox 459 2923 523 2960; x_wconf 86' lang='lat' dir='ltr'><strong>ne</strong></span> <span class='ocrx_word' id='word_1_188' title='bbox 549 2906 837 2975; x_wconf 78' lang='lat' dir='ltr'><strong>deSperet;</strong></span> <span class='ocrx_word' id='word_1_189' title='bbox 874 2906 1065 2974; x_wconf 86' lang='lat' dir='ltr'><strong>poterit</strong></span> <span class='ocrx_word' id='word_1_190' title='bbox 1092 2907 1231 2959; x_wconf 88' lang='lat' dir='ltr'><strong>enim</strong></span> <span class='ocrx_word' id='word_1_191' title='bbox 1261 2907 1418 2959; x_wconf 88' lang='lat' dir='ltr'><strong>etiam</strong></span> <span class='ocrx_word' id='word_1_192' title='bbox 1459 2907 1659 2975; x_wconf 88' lang='lat' dir='ltr'><strong>primos</strong></span> <span class='ocrx_word' id='word_1_193' title='bbox 1712 2907 2032 2974; x_wconf 64' lang='lat' dir='ltr'><strong>pra-cedere.</strong></span> 
     </span>
    </p>
   </div>
   <div class='ocr_carea' id='block_1_28' title="bbox 458 2997 2034 3069">
    <p class='ocr_par' dir='ltr' id='par_1_28' title="bbox 458 2997 2034 3069">
     <span class='ocr_line' id='line_1_28' title="bbox 458 2997 2034 3069; baseline 0 -16"><span class='ocrx_word' id='word_1_194' title='bbox 458 2998 590 3053; x_wconf 82' lang='lat' dir='ltr'><strong>Audi</strong></span> <span class='ocrx_word' id='word_1_195' title='bbox 643 2997 767 3066; x_wconf 89' lang='lat' dir='ltr'><strong>quid</strong></span> <span class='ocrx_word' id='word_1_196' title='bbox 811 2997 952 3051; x_wconf 85' lang='lat' dir='ltr'><strong>dicat</strong></span> <span class='ocrx_word' id='word_1_197' title='bbox 1007 2998 1143 3051; x_wconf 87' lang='lat' dir='ltr'><strong>Deus</strong></span> <span class='ocrx_word' id='word_1_198' title='bbox 1171 2997 1538 3068; x_wconf 60' lang='lat' dir='ltr'><strong>Jerosoiymaa.</strong></span> <span class='ocrx_word' id='word_1_199' title='bbox 1597 2998 1718 3053; x_wconf 78' lang='lat' dir='ltr'><strong>Dixi</strong></span> <span class='ocrx_word' id='word_1_200' title='bbox 1770 3010 2034 3069; x_wconf 79' lang='lat' dir='ltr'><strong>postquam</strong></span> 
     </span>
    </p>
   </div>
   <div class='ocr_carea' id='block_1_29' title="bbox 458 3089 2034 3160">
    <p class='ocr_par' dir='ltr' id='par_1_29' title="bbox 458 3089 2034 3160">
     <span class='ocr_line' id='line_1_29' title="bbox 458 3089 2034 3160; baseline 0.002 -17"><span class='ocrx_word' id='word_1_201' title='bbox 458 3093 710 3160; x_wconf 71' lang='lat' dir='ltr'><strong>fornicata</strong></span> <span class='ocrx_word' id='word_1_202' title='bbox 738 3099 810 3143; x_wconf 87' lang='lat' dir='ltr'><strong>est</strong></span> <span class='ocrx_word' id='word_1_203' title='bbox 854 3091 906 3143; x_wconf 90' lang='lat' dir='ltr'><strong>in</strong></span> <span class='ocrx_word' id='word_1_204' title='bbox 934 3090 1012 3142; x_wconf 78' lang='lat' dir='ltr'><strong>Itis</strong></span> <span class='ocrx_word' id='word_1_205' title='bbox 1050 3091 1278 3143; x_wconf 73' lang='lat' dir='ltr'><strong>erunibus</strong></span> <span class='ocrx_word' id='word_1_206' title='bbox 1301 3131 1317 3154; x_wconf 92' lang='lat'><strong>,</strong></span> <span class='ocrx_word' id='word_1_207' title='bbox 1355 3089 1668 3157; x_wconf 85' lang='lat' dir='ltr'><strong>Convertere,</strong></span> <span class='ocrx_word' id='word_1_208' title='bbox 1701 3102 1746 3145; x_wconf 86' lang='lat' dir='ltr'><strong>et</strong></span> <span class='ocrx_word' id='word_1_209' title='bbox 1797 3110 2034 3146; x_wconf 83' lang='lat' dir='ltr'><strong>conversa</strong></span> 
     </span>
    </p>
   </div>
   <div class='ocr_carea' id='block_1_30' title="bbox 458 3179 2001 3251">
    <p class='ocr_par' dir='ltr' id='par_1_30' title="bbox 458 3179 2001 3251">
     <span class='ocr_line' id='line_1_30' title="bbox 458 3179 2001 3251; baseline 0.002 -17"><span class='ocrx_word' id='word_1_210' title='bbox 458 3199 555 3237; x_wconf 84' lang='lat' dir='ltr'><strong>non</strong></span> <span class='ocrx_word' id='word_1_211' title='bbox 586 3192 657 3234; x_wconf 84' lang='lat' dir='ltr'><strong>est</strong></span> <span class='ocrx_word' id='word_1_212' title='bbox 686 3179 815 3251; x_wconf 80' lang='lat' dir='ltr'><strong>(Jer.</strong></span> <span class='ocrx_word' id='word_1_213' title='bbox 849 3182 903 3236; x_wconf 73' lang='grc' dir='ltr'>ὅ.</span> <span class='ocrx_word' id='word_1_214' title='bbox 932 3181 1023 3251; x_wconf 88' lang='lat'><strong>7).</strong></span> <span class='ocrx_word' id='word_1_215' title='bbox 1054 3180 1190 3235; x_wconf 88' lang='lat' dir='ltr'><strong>Cum</strong></span> <span class='ocrx_word' id='word_1_216' title='bbox 1229 3181 1388 3249; x_wconf 89' lang='lat' dir='ltr'><strong>igitur</strong></span> <span class='ocrx_word' id='word_1_217' title='bbox 1424 3180 1717 3237; x_wconf 79' lang='lat' dir='ltr'><strong>ferventem</strong></span> <span class='ocrx_word' id='word_1_218' title='bbox 1756 3183 1849 3237; x_wconf 87' lang='lat' dir='ltr'><strong>Dei</strong></span> <span class='ocrx_word' id='word_1_219' title='bbox 1880 3198 2001 3237; x_wconf 83' lang='lat' dir='ltr'><strong>amo</strong></span> 
     </span>
    </p>
   </div>
   <div class='ocr_carea' id='block_1_31' title="bbox 458 3272 2037 3341">
    <p class='ocr_par' dir='ltr' id='par_1_31' title="bbox 458 3272 2037 3341">
     <span class='ocr_line' id='line_1_31' title="bbox 458 3272 2037 3341; baseline 0.003 -16"><span class='ocrx_word' id='word_1_220' title='bbox 458 3289 568 3325; x_wconf 89' lang='lat' dir='ltr'><strong>rem</strong></span> <span class='ocrx_word' id='word_1_221' title='bbox 596 3273 820 3334; x_wconf 87' lang='lat' dir='ltr'><strong>adimus,</strong></span> <span class='ocrx_word' id='word_1_222' title='bbox 855 3287 961 3326; x_wconf 91' lang='lat' dir='ltr'><strong>non</strong></span> <span class='ocrx_word' id='word_1_223' title='bbox 1014 3272 1327 3326; x_wconf 86' lang='lat' dir='ltr'><strong>recordatur</strong></span> <span class='ocrx_word' id='word_1_224' title='bbox 1352 3273 1441 3326; x_wconf 90' lang='lat' dir='ltr'><strong>ille</strong></span> <span class='ocrx_word' id='word_1_225' title='bbox 1470 3274 1729 3341; x_wconf 88' lang='lat' dir='ltr'><strong>priorum.</strong></span> <span class='ocrx_word' id='word_1_226' title='bbox 1779 3274 1894 3328; x_wconf 85' lang='lat' dir='ltr'><strong>Non</strong></span> <span class='ocrx_word' id='word_1_227' title='bbox 1954 3285 2037 3329; x_wconf 90' lang='lat' dir='ltr'><strong>est</strong></span> 
     </span>
    </p>
   </div>
   <div class='ocr_carea' id='block_1_32' title="bbox 457 3363 2031 3433">
    <p class='ocr_par' dir='ltr' id='par_1_32' title="bbox 457 3363 2031 3433">
     <span class='ocr_line' id='line_1_32' title="bbox 457 3363 2031 3433; baseline 0.003 -18"><span class='ocrx_word' id='word_1_228' title='bbox 457 3363 585 3416; x_wconf 87' lang='lat' dir='ltr'><strong>sicut</strong></span> <span class='ocrx_word' id='word_1_229' title='bbox 618 3363 778 3416; x_wconf 83' lang='lat' dir='ltr'><strong>homo</strong></span> <span class='ocrx_word' id='word_1_230' title='bbox 819 3363 1001 3428; x_wconf 86' lang='lat' dir='ltr'><strong>Deus;</strong></span> <span class='ocrx_word' id='word_1_231' title='bbox 1036 3378 1207 3433; x_wconf 88' lang='lat' dir='ltr'><strong>neque</strong></span> <span class='ocrx_word' id='word_1_232' title='bbox 1235 3364 1375 3417; x_wconf 91' lang='lat' dir='ltr'><strong>enim</strong></span> <span class='ocrx_word' id='word_1_233' title='bbox 1402 3370 1671 3433; x_wconf 63' lang='lat' dir='ltr'><strong>prieterita</strong></span> <span class='ocrx_word' id='word_1_234' title='bbox 1704 3366 1898 3433; x_wconf 89' lang='lat' dir='ltr'><strong>probro</strong></span> <span class='ocrx_word' id='word_1_235' title='bbox 1920 3366 2031 3431; x_wconf 87' lang='lat' dir='ltr'><strong>dat,</strong></span> 
     </span>
    </p>
   </div>
   <div class='ocr_carea' id='block_1_33' title="bbox 460 3455 2033 3524">
    <p class='ocr_par' dir='ltr' id='par_1_33' title="bbox 460 3455 2033 3524">
     <span class='ocr_line' id='line_1_33' title="bbox 460 3455 2033 3524; baseline 0.004 -17"><span class='ocrx_word' id='word_1_236' title='bbox 460 3470 630 3523; x_wconf 88' lang='lat' dir='ltr'><strong>neque</strong></span> <span class='ocrx_word' id='word_1_237' title='bbox 654 3455 783 3509; x_wconf 90' lang='lat' dir='ltr'><strong>dicit</strong></span> <span class='ocrx_word' id='word_1_238' title='bbox 812 3472 824 3508; x_wconf 93' lang='lat'>:</span> <span class='ocrx_word' id='word_1_239' title='bbox 856 3455 1030 3524; x_wconf 83' lang='lat' dir='ltr'><strong>Quare</strong></span> <span class='ocrx_word' id='word_1_240' title='bbox 1055 3464 1200 3509; x_wconf 88' lang='lat' dir='ltr'><strong>tanto</strong></span> <span class='ocrx_word' id='word_1_241' title='bbox 1228 3465 1464 3524; x_wconf 85' lang='lat' dir='ltr'><strong>tempore</strong></span> <span class='ocrx_word' id='word_1_242' title='bbox 1509 3456 1759 3511; x_wconf 88' lang='lat' dir='ltr'><strong>abfuisti?</strong></span> <span class='ocrx_word' id='word_1_243' title='bbox 1790 3458 1833 3510; x_wconf 92' lang='lat' dir='ltr'><strong>si</strong></span> <span class='ocrx_word' id='word_1_244' title='bbox 1858 3467 2033 3513; x_wconf 89' lang='lat' dir='ltr'><strong>tamen</strong></span> 
     </span>
    </p>
   </div>
   <div class='ocr_carea' id='block_1_34' title="bbox 459 3546 2033 3619">
    <p class='ocr_par' dir='ltr' id='par_1_34' title="bbox 459 3546 2033 3619">
     <span class='ocr_line' id='line_1_34' title="bbox 459 3546 2033 3619; baseline 0.005 -22"><span class='ocrx_word' id='word_1_245' title='bbox 459 3546 823 3614; x_wconf 72' lang='lat' dir='ltr'><strong>pmniteutiam</strong></span> <span class='ocrx_word' id='word_1_246' title='bbox 867 3548 1173 3617; x_wconf 85' lang='lat' dir='ltr'><strong>egerimus;</strong></span> <span class='ocrx_word' id='word_1_247' title='bbox 1222 3548 1318 3601; x_wconf 92' lang='lat' dir='ltr'><strong>sed</strong></span> <span class='ocrx_word' id='word_1_248' title='bbox 1360 3547 1529 3617; x_wconf 83' lang='lat' dir='ltr'><strong>diligit</strong></span> <span class='ocrx_word' id='word_1_249' title='bbox 1559 3562 1676 3613; x_wconf 90' lang='lat' dir='ltr'><strong>nos,</strong></span> <span class='ocrx_word' id='word_1_250' title='bbox 1706 3565 1825 3603; x_wconf 89' lang='lat' dir='ltr'><strong>cum</strong></span> <span class='ocrx_word' id='word_1_251' title='bbox 1865 3550 2033 3619; x_wconf 89' lang='lat' dir='ltr'><strong>ipsum</strong></span> 
     </span>
    </p>
   </div>
   <div class='ocr_carea' id='block_1_35' title="bbox 458 3635 2035 3709">
    <p class='ocr_par' dir='ltr' id='par_1_35' title="bbox 458 3635 2035 3709">
     <span class='ocr_line' id='line_1_35' title="bbox 458 3635 2035 3709; baseline 0.004 -21"><span class='ocrx_word' id='word_1_252' title='bbox 458 3635 664 3689; x_wconf 86' lang='lat' dir='ltr'><strong>adimus</strong></span> <span class='ocrx_word' id='word_1_253' title='bbox 697 3678 710 3700; x_wconf 92' lang='lat'><strong>,</strong></span> <span class='ocrx_word' id='word_1_254' title='bbox 759 3635 886 3691; x_wconf 90' lang='lat' dir='ltr'><strong>dum</strong></span> <span class='ocrx_word' id='word_1_255' title='bbox 921 3645 976 3690; x_wconf 91' lang='lat' dir='ltr'><strong>ut</strong></span> <span class='ocrx_word' id='word_1_256' title='bbox 1030 3646 1242 3706; x_wconf 88' lang='lat' dir='ltr'><strong>oportet</strong></span> <span class='ocrx_word' id='word_1_257' title='bbox 1270 3637 1603 3705; x_wconf 86' lang='lat' dir='ltr'><strong>accedamus.</strong></span> <span class='ocrx_word' id='word_1_258' title='bbox 1638 3640 1742 3707; x_wconf 71' lang='lat' dir='ltr'><strong>Ipsi</strong></span> <span class='ocrx_word' id='word_1_259' title='bbox 1768 3656 1895 3709; x_wconf 84' lang='lat' dir='ltr'><strong>ergo</strong></span> <span class='ocrx_word' id='word_1_260' title='bbox 1938 3642 2035 3694; x_wconf 82' lang='lat' dir='ltr'><strong>ad-</strong></span> 
     </span>
    </p>
   </div>
   <div class='ocr_carea' id='block_1_36' title="bbox 459 3727 2034 3799">
    <p class='ocr_par' dir='ltr' id='par_1_36' title="bbox 459 3727 2034 3799">
     <span class='ocr_line' id='line_1_36' title="bbox 459 3727 2034 3799; baseline 0.004 -20"><span class='ocrx_word' id='word_1_261' title='bbox 459 3727 670 3781; x_wconf 90' lang='lat' dir='ltr'><strong>modum</strong></span> <span class='ocrx_word' id='word_1_262' title='bbox 702 3728 1001 3783; x_wconf 73' lang='lat' dir='ltr'><strong>limreamus</strong></span> <span class='ocrx_word' id='word_1_263' title='bbox 1028 3770 1044 3794; x_wconf 97' lang='lat'><strong>,</strong></span> <span class='ocrx_word' id='word_1_264' title='bbox 1070 3738 1124 3783; x_wconf 90' lang='lat' dir='ltr'><strong>et</strong></span> <span class='ocrx_word' id='word_1_265' title='bbox 1148 3730 1475 3799; x_wconf 86' lang='lat' dir='ltr'><strong>conligamus</strong></span> <span class='ocrx_word' id='word_1_266' title='bbox 1506 3730 1697 3784; x_wconf 91' lang='lat' dir='ltr'><strong>timore</strong></span> <span class='ocrx_word' id='word_1_267' title='bbox 1735 3732 1851 3799; x_wconf 88' lang='lat' dir='ltr'><strong>ejus</strong></span> <span class='ocrx_word' id='word_1_268' title='bbox 1876 3733 2034 3786; x_wconf 87' lang='lat' dir='ltr'><strong>corda</strong></span> 
     </span>
    </p>
   </div>
   <div class='ocr_carea' id='block_1_37' title="bbox 459 3807 2035 3890">
    <p class='ocr_par' dir='ltr' id='par_1_37' title="bbox 459 3807 2035 3890">
     <span class='ocr_line' id='line_1_37' title="bbox 459 3807 2035 3890; baseline 0.005 -21"><span class='ocrx_word' id='word_1_269' title='bbox 459 3807 894 3888; x_wconf 78' lang='lat' dir='ltr'><strong>nostra&#39;(Psal.</strong></span> <span class='ocrx_word' id='word_1_270' title='bbox 927 3818 1049 3874; x_wconf 81' lang='grc'><strong>118.</strong></span> <span class='ocrx_word' id='word_1_271' title='bbox 1100 3817 1265 3886; x_wconf 74' lang='grc'>120).</span> <span class='ocrx_word' id='word_1_272' title='bbox 1316 3820 1423 3874; x_wconf 80' lang='lat' dir='ltr'><strong>Res</strong></span> <span class='ocrx_word' id='word_1_273' title='bbox 1472 3820 1778 3890; x_wconf 89' lang='lat' dir='ltr'><strong>hujusmodi</strong></span> <span class='ocrx_word' id='word_1_274' title='bbox 1833 3839 1936 3877; x_wconf 91' lang='lat' dir='ltr'><strong>non</strong></span> <span class='ocrx_word' id='word_1_275' title='bbox 1985 3826 2035 3878; x_wconf 93' lang='lat' dir='ltr'><strong>in</strong></span> 
     </span>
    </p>
   </div>
   <div class='ocr_carea' id='block_1_38' title="bbox 465 3910 2034 3979">
    <p class='ocr_par' dir='ltr' id='par_1_38' title="bbox 465 3910 2034 3979">
     <span class='ocr_line' id='line_1_38' title="bbox 465 3910 2034 3979; baseline 0.006 -18"><span class='ocrx_word' id='word_1_276' title='bbox 465 3923 593 3961; x_wconf 84' lang='lat' dir='ltr'><strong>nova</strong></span> <span class='ocrx_word' id='word_1_277' title='bbox 653 3911 824 3963; x_wconf 90' lang='lat' dir='ltr'><strong>solum</strong></span> <span class='ocrx_word' id='word_1_278' title='bbox 874 3910 1027 3979; x_wconf 85' lang='lat' dir='ltr'><strong>lege,</strong></span> <span class='ocrx_word' id='word_1_279' title='bbox 1078 3910 1171 3964; x_wconf 91' lang='lat' dir='ltr'><strong>sed</strong></span> <span class='ocrx_word' id='word_1_280' title='bbox 1225 3920 1276 3965; x_wconf 90' lang='lat' dir='ltr'><strong>et</strong></span> <span class='ocrx_word' id='word_1_281' title='bbox 1330 3911 1381 3965; x_wconf 93' lang='lat' dir='ltr'><strong>in</strong></span> <span class='ocrx_word' id='word_1_282' title='bbox 1440 3913 1604 3967; x_wconf 90' lang='lat' dir='ltr'><strong>veteri</strong></span> <span class='ocrx_word' id='word_1_283' title='bbox 1664 3913 2034 3971; x_wconf 84' lang='lat' dir='ltr'><strong>observantur.</strong></span> 
     </span>
    </p>
   </div>
   <div class='ocr_carea' id='block_1_39' title="bbox 442 3992 2037 4079">
    <p class='ocr_par' dir='ltr' id='par_1_39' title="bbox 442 3992 2037 4079">
     <span class='ocr_line' id='line_1_39' title="bbox 442 3992 2037 4079; baseline 0.006 -26"><span class='ocrx_word' id='word_1_284' title='bbox 442 3992 595 4073; x_wconf 35' lang='lat' dir='ltr'><strong>&quot;Quid</strong></span> <span class='ocrx_word' id='word_1_285' title='bbox 622 4005 761 4058; x_wconf 87' lang='lat' dir='ltr'><strong>enim</strong></span> <span class='ocrx_word' id='word_1_286' title='bbox 807 4004 1046 4058; x_wconf 80' lang='lat' dir='ltr'><strong>Manasse</strong></span> <span class='ocrx_word' id='word_1_287' title='bbox 1072 4005 1306 4059; x_wconf 89' lang='lat' dir='ltr'><strong>deterius</strong></span> <span class='ocrx_word' id='word_1_288' title='bbox 1332 4007 1355 4059; x_wconf 88' lang='lat'><strong>?</strong></span> <span class='ocrx_word' id='word_1_289' title='bbox 1385 4006 1488 4061; x_wconf 89' lang='lat' dir='ltr'><strong>Sed</strong></span> <span class='ocrx_word' id='word_1_290' title='bbox 1523 4008 1693 4077; x_wconf 88' lang='lat' dir='ltr'><strong>potuit</strong></span> <span class='ocrx_word' id='word_1_291' title='bbox 1734 4010 1895 4064; x_wconf 86' lang='lat' dir='ltr'><strong>Deum</strong></span> <span class='ocrx_word' id='word_1_292' title='bbox 1924 4011 2037 4079; x_wconf 74' lang='lat' dir='ltr'><strong>pla-</strong></span> 
     </span>
    </p>
   </div>
   <div class='ocr_carea' id='block_1_40' title="bbox 460 4095 2040 4167">
    <p class='ocr_par' dir='ltr' id='par_1_40' title="bbox 460 4095 2040 4167">
     <span class='ocr_line' id='line_1_40' title="bbox 460 4095 2040 4167; baseline 0.004 -19"><span class='ocrx_word' id='word_1_293' title='bbox 460 4111 581 4151; x_wconf 87' lang='lat' dir='ltr'><strong>care</strong></span> <span class='ocrx_word' id='word_1_294' title='bbox 613 4095 696 4167; x_wconf 63' lang='lat'><strong>(4.</strong></span> <span class='ocrx_word' id='word_1_295' title='bbox 723 4096 844 4167; x_wconf 82' lang='lat' dir='ltr'><strong>Reg.</strong></span> <span class='ocrx_word' id='word_1_296' title='bbox 871 4095 1009 4165; x_wconf 70' lang='lat'><strong>2|)?</strong></span> <span class='ocrx_word' id='word_1_297' title='bbox 1038 4097 1173 4166; x_wconf 83' lang='lat' dir='ltr'><strong>Quid</strong></span> <span class='ocrx_word' id='word_1_298' title='bbox 1197 4097 1479 4153; x_wconf 89' lang='lat' dir='ltr'><strong>Salomone</strong></span> <span class='ocrx_word' id='word_1_299' title='bbox 1505 4100 1751 4153; x_wconf 79' lang='lat' dir='ltr'><strong>beatius?</strong></span> <span class='ocrx_word' id='word_1_300' title='bbox 1781 4100 1885 4154; x_wconf 87' lang='lat' dir='ltr'><strong>Sed</strong></span> <span class='ocrx_word' id='word_1_301' title='bbox 1914 4101 2040 4155; x_wconf 86' lang='lat' dir='ltr'><strong>dor-</strong></span> 
     </span>
    </p>
   </div>
   <div class='ocr_carea' id='block_1_41' title="bbox 462 4188 2035 4265">
    <p class='ocr_par' dir='ltr' id='par_1_41' title="bbox 462 4188 2035 4265">
     <span class='ocr_line' id='line_1_41' title="bbox 462 4188 2035 4265; baseline 0.002 -23"><span class='ocrx_word' id='word_1_302' title='bbox 462 4189 653 4242; x_wconf 90' lang='lat' dir='ltr'><strong>mitaus</strong></span> <span class='ocrx_word' id='word_1_303' title='bbox 700 4189 892 4243; x_wconf 87' lang='lat' dir='ltr'><strong>cecidit</strong></span> <span class='ocrx_word' id='word_1_304' title='bbox 920 4188 1007 4260; x_wconf 83' lang='grc'><strong>(5.</strong></span> <span class='ocrx_word' id='word_1_305' title='bbox 1043 4188 1168 4260; x_wconf 81' lang='lat' dir='ltr'><strong>Reg.</strong></span> <span class='ocrx_word' id='word_1_306' title='bbox 1197 4191 1284 4244; x_wconf 81' lang='lat' dir='ltr'><strong>ll.</strong></span> <span class='ocrx_word' id='word_1_307' title='bbox 1319 4188 1407 4265; x_wconf 71' lang='grc'><strong>4).</strong></span> <span class='ocrx_word' id='word_1_308' title='bbox 1444 4191 1553 4245; x_wconf 84' lang='grc' dir='ltr'><strong>Ιιιιο</strong></span> <span class='ocrx_word' id='word_1_309' title='bbox 1583 4192 1699 4247; x_wconf 63' lang='lat' dir='ltr'><strong>haec</strong></span> <span class='ocrx_word' id='word_1_310' title='bbox 1727 4192 1883 4246; x_wconf 89' lang='lat' dir='ltr'><strong>ambo</strong></span> <span class='ocrx_word' id='word_1_311' title='bbox 1912 4208 2035 4261; x_wconf 83' lang='lat' dir='ltr'><strong>pos-</strong></span> 
     </span>
    </p>
   </div>
   <div class='ocr_carea' id='block_1_42' title="bbox 461 4280 2034 4355">
    <p class='ocr_par' dir='ltr' id='par_1_42' title="bbox 461 4280 2034 4355">
     <span class='ocr_line' id='line_1_42' title="bbox 461 4280 2034 4355; baseline 0.005 -23"><span class='ocrx_word' id='word_1_312' title='bbox 461 4296 575 4333; x_wconf 89' lang='lat' dir='ltr'><strong>sum</strong></span> <span class='ocrx_word' id='word_1_313' title='bbox 608 4281 658 4335; x_wconf 92' lang='lat' dir='ltr'><strong>in</strong></span> <span class='ocrx_word' id='word_1_314' title='bbox 692 4296 797 4336; x_wconf 91' lang='lat' dir='ltr'><strong>uno</strong></span> <span class='ocrx_word' id='word_1_315' title='bbox 841 4280 1124 4337; x_wconf 89' lang='lat' dir='ltr'><strong>ostendere</strong></span> <span class='ocrx_word' id='word_1_316' title='bbox 1150 4323 1163 4347; x_wconf 92' lang='lat'><strong>,</strong></span> <span class='ocrx_word' id='word_1_317' title='bbox 1202 4284 1251 4335; x_wconf 91' lang='lat' dir='ltr'><strong>iu</strong></span> <span class='ocrx_word' id='word_1_318' title='bbox 1281 4284 1399 4350; x_wconf 88' lang='lat' dir='ltr'><strong>ejus</strong></span> <span class='ocrx_word' id='word_1_319' title='bbox 1432 4285 1634 4339; x_wconf 87' lang='lat' dir='ltr'><strong>scilicet</strong></span> <span class='ocrx_word' id='word_1_320' title='bbox 1681 4296 1865 4355; x_wconf 87' lang='lat' dir='ltr'><strong>patre:</strong></span> <span class='ocrx_word' id='word_1_321' title='bbox 1914 4302 2034 4341; x_wconf 90' lang='lat' dir='ltr'><strong>nam</strong></span> 
     </span>
    </p>
   </div>
   <div class='ocr_carea' id='block_1_43' title="bbox 462 4370 2034 4441">
    <p class='ocr_par' dir='ltr' id='par_1_43' title="bbox 462 4370 2034 4441">
     <span class='ocr_line' id='line_1_43' title="bbox 462 4370 2034 4441; baseline 0.007 -19"><span class='ocrx_word' id='word_1_322' title='bbox 462 4370 549 4423; x_wconf 91' lang='lat' dir='ltr'><strong>ille</strong></span> <span class='ocrx_word' id='word_1_323' title='bbox 570 4380 623 4424; x_wconf 90' lang='lat' dir='ltr'><strong>et</strong></span> <span class='ocrx_word' id='word_1_324' title='bbox 653 4370 847 4439; x_wconf 89' lang='lat' dir='ltr'><strong>probus</strong></span> <span class='ocrx_word' id='word_1_325' title='bbox 884 4380 939 4425; x_wconf 91' lang='lat' dir='ltr'><strong>et</strong></span> <span class='ocrx_word' id='word_1_326' title='bbox 977 4371 1249 4440; x_wconf 89' lang='lat' dir='ltr'><strong>improbus</strong></span> <span class='ocrx_word' id='word_1_327' title='bbox 1278 4370 1397 4426; x_wconf 91' lang='lat' dir='ltr'><strong>fuit.</strong></span> <span class='ocrx_word' id='word_1_328' title='bbox 1433 4374 1570 4441; x_wconf 91' lang='lat' dir='ltr'><strong>Quid</strong></span> <span class='ocrx_word' id='word_1_329' title='bbox 1601 4376 1733 4430; x_wconf 85' lang='lat' dir='ltr'><strong>Juda</strong></span> <span class='ocrx_word' id='word_1_330' title='bbox 1772 4378 1985 4432; x_wconf 76' lang='lat' dir='ltr'><strong>beatius</strong></span> <span class='ocrx_word' id='word_1_331' title='bbox 2012 4382 2034 4433; x_wconf 90' lang='lat'><strong>?</strong></span> 
     </span>
    </p>
   </div>
   <div class='ocr_carea' id='block_1_44' title="bbox 460 4462 2039 4533">
    <p class='ocr_par' dir='ltr' id='par_1_44' title="bbox 460 4462 2039 4533">
     <span class='ocr_line' id='line_1_44' title="bbox 460 4462 2039 4533; baseline 0.006 -17"><span class='ocrx_word' id='word_1_332' title='bbox 460 4462 565 4517; x_wconf 91' lang='lat' dir='ltr'><strong>Sed</strong></span> <span class='ocrx_word' id='word_1_333' title='bbox 596 4464 694 4517; x_wconf 87' lang='lat' dir='ltr'><strong>fuit</strong></span> <span class='ocrx_word' id='word_1_334' title='bbox 736 4462 993 4533; x_wconf 89' lang='lat' dir='ltr'><strong>proditor.</strong></span> <span class='ocrx_word' id='word_1_335' title='bbox 1039 4464 1175 4533; x_wconf 88' lang='lat' dir='ltr'><strong>Quid</strong></span> <span class='ocrx_word' id='word_1_336' title='bbox 1219 4465 1383 4521; x_wconf 86' lang='lat' dir='ltr'><strong>Paulo</strong></span> <span class='ocrx_word' id='word_1_337' title='bbox 1440 4469 1734 4524; x_wconf 86' lang='lat' dir='ltr'><strong>miserius?</strong></span> <span class='ocrx_word' id='word_1_338' title='bbox 1787 4471 1893 4525; x_wconf 92' lang='lat' dir='ltr'><strong>Sed</strong></span> <span class='ocrx_word' id='word_1_339' title='bbox 1941 4471 2039 4526; x_wconf 88' lang='lat' dir='ltr'><strong>fuit</strong></span> 
     </span>
    </p>
   </div>
   <div class='ocr_carea' id='block_1_45' title="bbox 459 4554 2039 4633">
    <p class='ocr_par' dir='ltr' id='par_1_45' title="bbox 459 4554 2039 4633">
     <span class='ocr_line' id='line_1_45' title="bbox 459 4554 2039 4633; baseline 0.007 -26"><span class='ocrx_word' id='word_1_340' title='bbox 459 4554 755 4626; x_wconf 82' lang='lat' dir='ltr'><strong>apostolus.</strong></span> <span class='ocrx_word' id='word_1_341' title='bbox 801 4555 938 4621; x_wconf 92' lang='lat' dir='ltr'><strong>Quid</strong></span> <span class='ocrx_word' id='word_1_342' title='bbox 983 4554 1233 4610; x_wconf 78' lang='lat' dir='ltr'><strong>Matthaeo</strong></span> <span class='ocrx_word' id='word_1_343' title='bbox 1279 4556 1480 4628; x_wconf 80' lang='lat' dir='ltr'><strong>pejus?</strong></span> <span class='ocrx_word' id='word_1_344' title='bbox 1513 4560 1618 4615; x_wconf 88' lang='lat' dir='ltr'><strong>Sed</strong></span> <span class='ocrx_word' id='word_1_345' title='bbox 1665 4562 1764 4615; x_wconf 88' lang='lat' dir='ltr'><strong>fuit</strong></span> <span class='ocrx_word' id='word_1_346' title='bbox 1813 4579 2039 4633; x_wconf 78' lang='lat' dir='ltr'><strong>evange-</strong></span> 
     </span>
    </p>
   </div>
   <div class='ocr_carea' id='block_1_46' title="bbox 459 4645 2039 4713">
    <p class='ocr_par' dir='ltr' id='par_1_46' title="bbox 459 4645 2039 4713">
     <span class='ocr_line' id='line_1_46' title="bbox 459 4645 2039 4713; baseline 0.006 -12"><span class='ocrx_word' id='word_1_347' title='bbox 459 4647 601 4701; x_wconf 89' lang='lat' dir='ltr'><strong>lista.</strong></span> <span class='ocrx_word' id='word_1_348' title='bbox 653 4645 789 4713; x_wconf 89' lang='lat' dir='ltr'><strong>Quid</strong></span> <span class='ocrx_word' id='word_1_349' title='bbox 826 4647 1044 4702; x_wconf 85' lang='lat' dir='ltr'><strong>Simone</strong></span> <span class='ocrx_word' id='word_1_350' title='bbox 1098 4648 1453 4705; x_wconf 85' lang='lat' dir='ltr'><strong>laudabilius?</strong></span> <span class='ocrx_word' id='word_1_351' title='bbox 1497 4652 1602 4707; x_wconf 89' lang='lat' dir='ltr'><strong>Sed</strong></span> <span class='ocrx_word' id='word_1_352' title='bbox 1655 4654 1751 4708; x_wconf 85' lang='lat' dir='ltr'><strong>fuit</strong></span> <span class='ocrx_word' id='word_1_353' title='bbox 1802 4658 2039 4711; x_wconf 90' lang='lat' dir='ltr'><strong>omnium</strong></span> 
     </span>
    </p>
   </div>
   <div class='ocr_carea' id='block_1_47' title="bbox 459 4733 2042 4810">
    <p class='ocr_par' dir='ltr' id='par_1_47' title="bbox 459 4733 2042 4810">
     <span class='ocr_line' id='line_1_47' title="bbox 459 4733 2042 4810; baseline 0.009 -20"><span class='ocrx_word' id='word_1_354' title='bbox 459 4733 811 4793; x_wconf 61' lang='lat' dir='ltr'><strong>miscrrimus.</strong></span> <span class='ocrx_word' id='word_1_355' title='bbox 873 4738 1013 4804; x_wconf 86' lang='lat' dir='ltr'><strong>Quot</strong></span> <span class='ocrx_word' id='word_1_356' title='bbox 1065 4739 1267 4794; x_wconf 91' lang='lat' dir='ltr'><strong>similes</strong></span> <span class='ocrx_word' id='word_1_357' title='bbox 1306 4744 1665 4810; x_wconf 85' lang='lat' dir='ltr'><strong>mutationes,</strong></span> <span class='ocrx_word' id='word_1_358' title='bbox 1709 4756 1762 4800; x_wconf 90' lang='lat' dir='ltr'><strong>et</strong></span> <span class='ocrx_word' id='word_1_359' title='bbox 1808 4749 1932 4802; x_wconf 90' lang='lat' dir='ltr'><strong>olim</strong></span> <span class='ocrx_word' id='word_1_360' title='bbox 1986 4761 2042 4805; x_wconf 88' lang='lat' dir='ltr'><strong>et</strong></span> 
     </span>
    </p>
   </div>
   <div class='ocr_carea' id='block_1_48' title="bbox 464 4830 2039 4907">
    <p class='ocr_par' dir='ltr' id='par_1_48' title="bbox 464 4830 2039 4907">
     <span class='ocr_line' id='line_1_48' title="bbox 464 4830 2039 4907; baseline 0.008 -22"><span class='ocrx_word' id='word_1_361' title='bbox 464 4846 603 4886; x_wconf 90' lang='lat' dir='ltr'><strong>nunc</strong></span> <span class='ocrx_word' id='word_1_362' title='bbox 658 4831 895 4900; x_wconf 90' lang='lat' dir='ltr'><strong>quotidie</strong></span> <span class='ocrx_word' id='word_1_363' title='bbox 966 4830 1135 4886; x_wconf 88' lang='lat' dir='ltr'><strong>factas</strong></span> <span class='ocrx_word' id='word_1_364' title='bbox 1167 4874 1182 4897; x_wconf 92' lang='lat'><strong>,</strong></span> <span class='ocrx_word' id='word_1_365' title='bbox 1231 4834 1416 4891; x_wconf 90' lang='lat' dir='ltr'><strong>videre</strong></span> <span class='ocrx_word' id='word_1_366' title='bbox 1453 4839 1643 4906; x_wconf 87' lang='lat' dir='ltr'><strong>potes?</strong></span> <span class='ocrx_word' id='word_1_367' title='bbox 1682 4840 2039 4907; x_wconf 89' lang='lat' dir='ltr'><strong>Quamobrem</strong></span> 
     </span>
    </p>
   </div>
   <div class='ocr_carea' id='block_1_49' title="bbox 459 4923 2043 4999">
    <p class='ocr_par' dir='ltr' id='par_1_49' title="bbox 459 4923 2043 4999">
     <span class='ocr_line' id='line_1_49' title="bbox 459 4923 2043 4999; baseline 0.008 -23"><span class='ocrx_word' id='word_1_368' title='bbox 459 4924 600 4985; x_wconf 88' lang='lat' dir='ltr'><strong>dico,</strong></span> <span class='ocrx_word' id='word_1_369' title='bbox 634 4938 733 4978; x_wconf 90' lang='lat' dir='ltr'><strong>nec</strong></span> <span class='ocrx_word' id='word_1_370' title='bbox 763 4924 949 4977; x_wconf 89' lang='lat' dir='ltr'><strong>histrio</strong></span> <span class='ocrx_word' id='word_1_371' title='bbox 970 4923 1241 4993; x_wconf 85' lang='lat' dir='ltr'><strong>desperet,</strong></span> <span class='ocrx_word' id='word_1_372' title='bbox 1273 4940 1371 4981; x_wconf 89' lang='lat' dir='ltr'><strong>nec</strong></span> <span class='ocrx_word' id='word_1_373' title='bbox 1406 4928 1449 4981; x_wconf 95' lang='lat' dir='ltr'><strong>is</strong></span> <span class='ocrx_word' id='word_1_374' title='bbox 1475 4930 1564 4999; x_wconf 91' lang='lat' dir='ltr'><strong>qui</strong></span> <span class='ocrx_word' id='word_1_375' title='bbox 1599 4931 1649 4986; x_wconf 92' lang='lat' dir='ltr'><strong>in</strong></span> <span class='ocrx_word' id='word_1_376' title='bbox 1681 4932 1905 4988; x_wconf 90' lang='lat' dir='ltr'><strong>ecclesia</strong></span> <span class='ocrx_word' id='word_1_377' title='bbox 1961 4944 2043 4989; x_wconf 92' lang='lat' dir='ltr'><strong>est</strong></span> 
     </span>
    </p>
   </div>
   <div class='ocr_carea' id='block_1_50' title="bbox 464 5016 2040 5091">
    <p class='ocr_par' dir='ltr' id='par_1_50' title="bbox 464 5016 2040 5091">
     <span class='ocr_line' id='line_1_50' title="bbox 464 5016 2040 5091; baseline 0.009 -22"><span class='ocrx_word' id='word_1_378' title='bbox 464 5016 713 5071; x_wconf 83' lang='lat' dir='ltr'><strong>ronfidat.</strong></span> <span class='ocrx_word' id='word_1_379' title='bbox 757 5016 892 5071; x_wconf 82' lang='lat' dir='ltr'><strong>Huic</strong></span> <span class='ocrx_word' id='word_1_380' title='bbox 925 5033 1155 5088; x_wconf 89' lang='lat' dir='ltr'><strong>namque</strong></span> <span class='ocrx_word' id='word_1_381' title='bbox 1199 5018 1347 5075; x_wconf 90' lang='lat' dir='ltr'><strong>dicit.</strong></span> <span class='ocrx_word' id='word_1_382' title='bbox 1379 5022 1478 5088; x_wconf 84' lang='lat' dir='ltr'><strong>Qui</strong></span> <span class='ocrx_word' id='word_1_383' title='bbox 1523 5024 1717 5078; x_wconf 83' lang='lat' dir='ltr'><strong>videtur</strong></span> <span class='ocrx_word' id='word_1_384' title='bbox 1762 5038 1916 5091; x_wconf 86' lang='lat' dir='ltr'><strong>stare,</strong></span> <span class='ocrx_word' id='word_1_385' title='bbox 1964 5029 2040 5083; x_wconf 84' lang='lat' dir='ltr'><strong>vi-</strong></span> 
     </span>
    </p>
   </div>
   <div class='ocr_carea' id='block_1_51' title="bbox 465 5106 2043 5191">
    <p class='ocr_par' dir='ltr' id='par_1_51' title="bbox 465 5106 2043 5191">
     <span class='ocr_line' id='line_1_51' title="bbox 465 5106 2043 5191; baseline 0.008 -28"><span class='ocrx_word' id='word_1_386' title='bbox 465 5110 574 5163; x_wconf 78' lang='lat' dir='ltr'><strong>deat</strong></span> <span class='ocrx_word' id='word_1_387' title='bbox 595 5126 657 5162; x_wconf 87' lang='lat' dir='ltr'><strong>ne</strong></span> <span class='ocrx_word' id='word_1_388' title='bbox 679 5108 830 5163; x_wconf 83' lang='lat' dir='ltr'><strong>cadat</strong></span> <span class='ocrx_word' id='word_1_389' title='bbox 861 5106 936 5181; x_wconf 88' lang='lat' dir='ltr'><strong>(l.</strong></span> <span class='ocrx_word' id='word_1_390' title='bbox 972 5110 1088 5163; x_wconf 87' lang='lat' dir='ltr'><strong>Cor.</strong></span> <span class='ocrx_word' id='word_1_391' title='bbox 1115 5110 1202 5167; x_wconf 83' lang='grc'>10.</span> <span class='ocrx_word' id='word_1_392' title='bbox 1236 5111 1319 5183; x_wconf 74' lang='grc'><strong>12)</strong></span> <span class='ocrx_word' id='word_1_393' title='bbox 1347 5129 1362 5179; x_wconf 90' lang='grc'>;</span> <span class='ocrx_word' id='word_1_394' title='bbox 1402 5114 1477 5169; x_wconf 90' lang='lat' dir='ltr'><strong>illi</strong></span> <span class='ocrx_word' id='word_1_395' title='bbox 1525 5124 1702 5173; x_wconf 87' lang='lat' dir='ltr'><strong>autem</strong></span> <span class='ocrx_word' id='word_1_396' title='bbox 1727 5160 1744 5186; x_wconf 94' lang='lat'><strong>,</strong></span> <span class='ocrx_word' id='word_1_397' title='bbox 1778 5118 2043 5191; x_wconf 85' lang='lat' dir='ltr'><strong>Numquid</strong></span> 
     </span>
    </p>
   </div>
   <div class='ocr_carea' id='block_1_52' title="bbox 523 5290 1431 5358">
    <p class='ocr_par' dir='ltr' id='par_1_52' title="bbox 523 5290 1431 5358">
     <span class='ocr_line' id='line_1_52' title="bbox 523 5290 1431 5358; baseline 0.004 -18"><span class='ocrx_word' id='word_1_398' title='bbox 523 5294 537 5324; x_wconf 83' lang='grc'>¹</span> <span class='ocrx_word' id='word_1_399' title='bbox 568 5290 721 5351; x_wconf 80' lang='lat' dir='ltr'><strong>Alius,</strong></span> <span class='ocrx_word' id='word_1_400' title='bbox 744 5290 916 5343; x_wconf 76' lang='lat' dir='ltr'><strong>Multos</strong></span> <span class='ocrx_word' id='word_1_401' title='bbox 940 5291 1159 5344; x_wconf 85' lang='lat' dir='ltr'><strong>reddidit</strong></span> <span class='ocrx_word' id='word_1_402' title='bbox 1173 5291 1431 5358; x_wconf 84' lang='lat' dir='ltr'><strong>orplumos.</strong></span> 
     </span>
    </p>
   </div>
   <div class='ocr_carea' id='block_1_53' title="bbox 521 5373 2042 5487">
    <p class='ocr_par' dir='ltr' id='par_1_53' title="bbox 521 5373 2042 5487">
     <span class='ocr_line' id='line_1_53' title="bbox 521 5373 2042 5487; baseline 0.007 -65"><span class='ocrx_word' id='word_1_403' title='bbox 521 5374 748 5487; x_wconf 49' lang='lat' dir='ltr'><strong>{sior-eL,</strong></span> <span class='ocrx_word' id='word_1_404' title='bbox 766 5387 906 5426; x_wconf 86' lang='lat' dir='ltr'><strong>nemo</strong></span> <span class='ocrx_word' id='word_1_405' title='bbox 928 5373 1149 5427; x_wconf 81' lang='lat' dir='ltr'><strong>virtutem</strong></span> <span class='ocrx_word' id='word_1_406' title='bbox 1168 5387 1401 5429; x_wconf 77' lang='lat' dir='ltr'><strong>exercens</strong></span> <span class='ocrx_word' id='word_1_407' title='bbox 1421 5377 1651 5444; x_wconf 81' lang='lat' dir='ltr'><strong>conﬁdat,</strong></span> <span class='ocrx_word' id='word_1_408' title='bbox 1677 5382 1871 5432; x_wconf 85' lang='lat' dir='ltr'><strong>omissis</strong></span> <span class='ocrx_word' id='word_1_409' title='bbox 1894 5385 2042 5433; x_wconf 86' lang='lat' dir='ltr'><strong>inter-</strong></span> 
     </span>
     <span class='ocr_line' id='line_1_54' title="bbox 521 5452 643 5487; baseline 0 0"><span class='ocrx_word' id='word_1_410' title='bbox 521 5453 560 5487; x_wconf 73' lang='lat' dir='ltr'><strong>sn</strong></span> <span class='ocrx_word' id='word_1_411' title='bbox 588 5452 643 5487; x_wconf 89' lang='lat' dir='ltr'><strong>IS.</strong></span> 
     </span>
    </p>
   </div>
   <div class='ocr_carea' id='block_1_54' title="bbox 473 5452 643 5488">
    <p class='ocr_par' dir='ltr' id='par_1_54' title="bbox 473 5452 643 5488">
     <span class='ocr_line' id='line_1_55' title="bbox 473 5452 643 5488; baseline 0.018 -4"><span class='ocrx_word' id='word_1_412' title='bbox 473 5452 643 5488; x_wconf 70' lang='lat' dir='ltr'><strong>MSIllS.</strong></span> 
     </span>
    </p>
   </div>
   <div class='ocr_carea' id='block_1_55' title="bbox 458 5453 2039 5590">
    <p class='ocr_par' dir='ltr' id='par_1_55' title="bbox 458 5453 2039 5590">
     <span class='ocr_line' id='line_1_56' title="bbox 473 5453 643 5488; baseline 0.018 -4"><span class='ocrx_word' id='word_1_413' title='bbox 473 5453 643 5488; x_wconf 69' lang='lat' dir='ltr'><strong>tostus.</strong></span> 
     </span>
     <span class='ocr_line' id='line_1_57' title="bbox 458 5453 2039 5590; baseline 0.003 -19"><span class='ocrx_word' id='word_1_414' title='bbox 458 5453 472 5502; x_wconf 60' lang='grc' dir='ltr'><strong>Ι</strong></span> <span class='ocrx_word' id='word_1_415' title='bbox 521 5525 542 5556; x_wconf 83' lang='grc'>³</span> <span class='ocrx_word' id='word_1_416' title='bbox 564 5524 640 5590; x_wconf 78' lang='lat' dir='ltr'><strong>sic</strong></span> <span class='ocrx_word' id='word_1_417' title='bbox 681 5521 812 5571; x_wconf 87' lang='lat' dir='ltr'><strong>Editi</strong></span> <span class='ocrx_word' id='word_1_418' title='bbox 833 5529 909 5590; x_wconf 89' lang='lat' dir='ltr'><strong>_et</strong></span> <span class='ocrx_word' id='word_1_419' title='bbox 943 5523 1365 5585; x_wconf 79' lang='lat' dir='ltr'><strong>Manuscrlptorum</strong></span> <span class='ocrx_word' id='word_1_420' title='bbox 1401 5537 1514 5587; x_wconf 87' lang='lat' dir='ltr'><strong>pars</strong></span> <span class='ocrx_word' id='word_1_421' title='bbox 1535 5526 1792 5590; x_wconf 79' lang='lat' dir='ltr'><strong>_maxima:</strong></span> <span class='ocrx_word' id='word_1_422' title='bbox 1819 5527 1899 5576; x_wconf 89' lang='lat' dir='ltr'><strong>alii</strong></span> <span class='ocrx_word' id='word_1_423' title='bbox 1933 5542 2039 5590; x_wconf 89' lang='lat' dir='ltr'><strong>pro,</strong></span> 
     </span>
    </p>
   </div>
   <div class='ocr_carea' id='block_1_56' title="bbox 459 5583 2040 5651">
    <p class='ocr_par' dir='ltr' id='par_1_56' title="bbox 459 5583 2040 5651">
     <span class='ocr_line' id='line_1_58' title="bbox 459 5583 2040 5651; baseline 0.003 -16"><span class='ocrx_word' id='word_1_424' title='bbox 459 5588 605 5635; x_wconf 80' lang='lat' dir='ltr'><strong>corda</strong></span> <span class='ocrx_word' id='word_1_425' title='bbox 628 5591 810 5651; x_wconf 62' lang='lat' dir='ltr'><strong>nostra,</strong></span> <span class='ocrx_word' id='word_1_426' title='bbox 833 5583 1215 5651; x_wconf 70' lang='lat' dir='ltr'><strong>legunt,__ct_n?tés</strong></span> <span class='ocrx_word' id='word_1_427' title='bbox 1235 5583 1439 5651; x_wconf 69' lang='lat' dir='ltr'><strong>nostras,</strong></span> <span class='ocrx_word' id='word_1_428' title='bbox 1459 5595 1513 5636; x_wconf 91' lang='lat' dir='ltr'><strong>ut</strong></span> <span class='ocrx_word' id='word_1_429' title='bbox 1534 5587 1743 5637; x_wconf 85' lang='lat' dir='ltr'><strong>habetur</strong></span> <span class='ocrx_word' id='word_1_430' title='bbox 1758 5589 1817 5651; x_wconf 85' lang='lat' dir='ltr'><strong>in</strong></span> <span class='ocrx_word' id='word_1_431' title='bbox 1840 5583 2040 5651; x_wconf 76' lang='lat' dir='ltr'><strong>Psaliuo,</strong></span> 
     </span>
    </p>
   </div>
   <div class='ocr_carea' id='block_1_57' title="bbox 450 5644 2042 5757">
    <p class='ocr_par' dir='ltr' id='par_1_57' title="bbox 450 5644 2042 5757">
     <span class='ocr_line' id='line_1_59' title="bbox 450 5644 2042 5757; baseline 0.006 -64"><span class='ocrx_word' id='word_1_432' title='bbox 450 5658 517 5757; x_wconf 67' lang='lat' dir='ltr'><strong>lex</strong></span> <span class='ocrx_word' id='word_1_433' title='bbox 533 5658 630 5757; x_wconf 50' lang='lat' dir='ltr'><strong>qui)</strong></span> <span class='ocrx_word' id='word_1_434' title='bbox 648 5646 851 5696; x_wconf 82' lang='lat' dir='ltr'><strong>fortasse</strong></span> <span class='ocrx_word' id='word_1_435' title='bbox 867 5644 1048 5698; x_wconf 86' lang='lat' dir='ltr'><strong>librarii</strong></span> <span class='ocrx_word' id='word_1_436' title='bbox 1070 5646 1394 5720; x_wconf 78' lang='lat' dir='ltr'><strong>Chrysostomi</strong></span> <span class='ocrx_word' id='word_1_437' title='bbox 1410 5648 1569 5700; x_wconf 89' lang='lat' dir='ltr'><strong>locum</strong></span> <span class='ocrx_word' id='word_1_438' title='bbox 1591 5650 1856 5702; x_wconf 83' lang='lat' dir='ltr'><strong>emendare</strong></span> <span class='ocrx_word' id='word_1_439' title='bbox 1875 5666 1932 5702; x_wconf 89' lang='lat' dir='ltr'><strong>se</strong></span> <span class='ocrx_word' id='word_1_440' title='bbox 1958 5644 2042 5716; x_wconf 66' lang='lat' dir='ltr'><strong>[qu</strong></span> 
     </span>
     <span class='ocr_line' id='line_1_60' title="bbox 477 5721 634 5757; baseline -0.006 -2"><span class='ocrx_word' id='word_1_441' title='bbox 477 5721 597 5757; x_wconf 82' lang='lat' dir='ltr'><strong>arua</strong></span> <span class='ocrx_word' id='word_1_442' title='bbox 621 5741 634 5754; x_wconf 92' lang='lat'><strong>.</strong></span> 
     </span>
    </p>
   </div>
   <div class='ocr_carea' id='block_1_58' title="bbox 477 5721 634 5757">
    <p class='ocr_par' dir='ltr' id='par_1_58' title="bbox 477 5721 634 5757">
     <span class='ocr_line' id='line_1_61' title="bbox 477 5721 634 5757; baseline -0.006 -2"><span class='ocrx_word' id='word_1_443' title='bbox 477 5721 529 5755; x_wconf 68' lang='grc'><strong>31⁷</strong></span> <span class='ocrx_word' id='word_1_444' title='bbox 532 5721 634 5757; x_wconf 78' lang='grc' dir='ltr'><strong>ιιιιι.</strong></span> 
     </span>
    </p>
   </div>
   <div class='ocr_carea' id='block_1_59' title="bbox 1386 313 2785 389">
    <p class='ocr_par' dir='ltr' id='par_1_59' title="bbox 1386 313 2785 389">
     <span class='ocr_line' id='line_1_62' title="bbox 1386 313 2785 389; baseline 0.011 -16"><span class='ocrx_word' id='word_1_445' title='bbox 1386 317 1450 375; x_wconf 74' lang='grc' dir='ltr'><strong>ΙΝ</strong></span> <span class='ocrx_word' id='word_1_446' title='bbox 1488 313 1887 372; x_wconf 64' lang='grc' dir='ltr'><strong>ΜᾹἹΤΙΙᾹΣΙΕΜ</strong></span> <span class='ocrx_word' id='word_1_447' title='bbox 1929 315 2155 373; x_wconf 74' lang='lat' dir='ltr'><strong>HUMIL.</strong></span> <span class='ocrx_word' id='word_1_448' title='bbox 2197 321 2401 381; x_wconf 77' lang='lat' dir='ltr'><strong>LXVII.</strong></span> <span class='ocrx_word' id='word_1_449' title='bbox 2443 328 2513 382; x_wconf 82' lang='lat' dir='ltr'><strong>al.</strong></span> <span class='ocrx_word' id='word_1_450' title='bbox 2555 329 2785 389; x_wconf 73' lang='lat' dir='ltr'><strong>LXVIII.</strong></span> 
     </span>
    </p>
   </div>
   <div class='ocr_carea' id='block_1_60' title="bbox 470 433 2050 508">
    <p class='ocr_par' dir='ltr' id='par_1_60' title="bbox 470 433 2050 508">
     <span class='ocr_line' id='line_1_63' title="bbox 470 433 2050 508; baseline -0.004 -15"><span class='ocrx_word' id='word_1_451' title='bbox 470 439 610 508; x_wconf 71' lang='lat' dir='ltr'><strong>cepit</strong></span> <span class='ocrx_word' id='word_1_452' title='bbox 640 439 700 491; x_wconf 71' lang='grc' dir='ltr'>ἐ</span> <span class='ocrx_word' id='word_1_453' title='bbox 744 434 954 506; x_wconf 90' lang='lat' dir='ltr'><strong>plurimi</strong></span> <span class='ocrx_word' id='word_1_454' title='bbox 995 451 1123 491; x_wconf 90' lang='lat' dir='ltr'><strong>vero</strong></span> <span class='ocrx_word' id='word_1_455' title='bbox 1157 449 1275 489; x_wconf 90' lang='lat' dir='ltr'><strong>eam</strong></span> <span class='ocrx_word' id='word_1_456' title='bbox 1321 434 1574 489; x_wconf 88' lang='lat' dir='ltr'><strong>maleficis</strong></span> <span class='ocrx_word' id='word_1_457' title='bbox 1602 435 1677 488; x_wconf 91' lang='lat' dir='ltr'><strong>uti</strong></span> <span class='ocrx_word' id='word_1_458' title='bbox 1719 434 1922 488; x_wconf 87' lang='lat' dir='ltr'><strong>artibus</strong></span> <span class='ocrx_word' id='word_1_459' title='bbox 1967 433 2050 487; x_wconf 88' lang='lat' dir='ltr'><strong>di-</strong></span> 
     </span>
    </p>
   </div>
   <div class='ocr_carea' id='block_1_61' title="bbox 470 527 2050 599">
    <p class='ocr_par' dir='ltr' id='par_1_61' title="bbox 470 527 2050 599">
     <span class='ocr_line' id='line_1_64' title="bbox 470 527 2050 599; baseline -0.001 -15"><span class='ocrx_word' id='word_1_460' title='bbox 470 530 677 594; x_wconf 88' lang='lat' dir='ltr'><strong>cebant,</strong></span> <span class='ocrx_word' id='word_1_461' title='bbox 709 544 811 584; x_wconf 89' lang='lat' dir='ltr'><strong>nec</strong></span> <span class='ocrx_word' id='word_1_462' title='bbox 843 530 1087 599; x_wconf 87' lang='lat' dir='ltr'><strong>corporis</strong></span> <span class='ocrx_word' id='word_1_463' title='bbox 1116 527 1286 582; x_wconf 89' lang='lat' dir='ltr'><strong>forma</strong></span> <span class='ocrx_word' id='word_1_464' title='bbox 1320 536 1543 591; x_wconf 88' lang='lat' dir='ltr'><strong>tantum,</strong></span> <span class='ocrx_word' id='word_1_465' title='bbox 1568 528 1661 583; x_wconf 89' lang='lat' dir='ltr'><strong>sed</strong></span> <span class='ocrx_word' id='word_1_466' title='bbox 1688 544 1754 583; x_wconf 82' lang='lat' dir='ltr'><strong>ex</strong></span> <span class='ocrx_word' id='word_1_467' title='bbox 1778 528 2050 583; x_wconf 86' lang='lat' dir='ltr'><strong>veneficiis</strong></span> 
     </span>
    </p>
   </div>
   <div class='ocr_carea' id='block_1_62' title="bbox 3636 349 3740 406">
    <p class='ocr_par' dir='ltr' id='par_1_62' title="bbox 3636 349 3740 406">
     <span class='ocr_line' id='line_1_65' title="bbox 3636 349 3740 406; baseline 0 0"><span class='ocrx_word' id='word_1_468' title='bbox 3636 349 3740 406; x_wconf 73' lang='lat'><strong>638</strong></span> 
     </span>
    </p>
   </div>
   <div class='ocr_carea' id='block_1_63' title="bbox 2159 441 3737 525">
    <p class='ocr_par' dir='ltr' id='par_1_63' title="bbox 2159 441 3737 525">
     <span class='ocr_line' id='line_1_66' title="bbox 2159 441 3737 525; baseline 0.021 -38"><span class='ocrx_word' id='word_1_469' title='bbox 2159 442 2242 506; x_wconf 85' lang='lat' dir='ltr'><strong>qui</strong></span> <span class='ocrx_word' id='word_1_470' title='bbox 2279 441 2415 493; x_wconf 83' lang='lat' dir='ltr'><strong>cadit</strong></span> <span class='ocrx_word' id='word_1_471' title='bbox 2454 460 2553 495; x_wconf 89' lang='lat' dir='ltr'><strong>non</strong></span> <span class='ocrx_word' id='word_1_472' title='bbox 2595 457 2817 517; x_wconf 80' lang='lat' dir='ltr'><strong>resurget</strong></span> <span class='ocrx_word' id='word_1_473' title='bbox 2836 448 2964 518; x_wconf 83' lang='lat' dir='ltr'><strong>(Jer.</strong></span> <span class='ocrx_word' id='word_1_474' title='bbox 2998 451 3050 506; x_wconf 87' lang='grc'><strong>8.</strong></span> <span class='ocrx_word' id='word_1_475' title='bbox 3079 451 3151 525; x_wconf 73' lang='grc'><strong>4)</strong></span> <span class='ocrx_word' id='word_1_476' title='bbox 3176 453 3280 523; x_wconf 82' lang='lat' dir='ltr'><strong>?et,</strong></span> <span class='ocrx_word' id='word_1_477' title='bbox 3302 456 3485 514; x_wconf 72' lang='lat' dir='ltr'><strong>Munus</strong></span> <span class='ocrx_word' id='word_1_478' title='bbox 3506 466 3737 520; x_wconf 82' lang='lat' dir='ltr'><strong>remissus</strong></span> 
     </span>
    </p>
   </div>
   <div class='ocr_carea' id='block_1_64' title="bbox 2158 537 3732 623">
    <p class='ocr_par' dir='ltr' id='par_1_64' title="bbox 2158 537 3732 623">
     <span class='ocr_line' id='line_1_67' title="bbox 2158 537 3732 623; baseline 0.017 -39"><span class='ocrx_word' id='word_1_479' title='bbox 2158 541 2207 623; x_wconf 77' lang='lat' dir='ltr'><strong>et</strong></span> <span class='ocrx_word' id='word_1_480' title='bbox 2237 550 2398 603; x_wconf 86' lang='lat' dir='ltr'><strong>genua</strong></span> <span class='ocrx_word' id='word_1_481' title='bbox 2427 537 2610 590; x_wconf 82' lang='lat' dir='ltr'><strong>debilia</strong></span> <span class='ocrx_word' id='word_1_482' title='bbox 2638 540 2867 595; x_wconf 86' lang='lat' dir='ltr'><strong>roborate</strong></span> <span class='ocrx_word' id='word_1_483' title='bbox 2890 542 3057 612; x_wconf 86' lang='lat' dir='ltr'><strong>(Isai.</strong></span> <span class='ocrx_word' id='word_1_484' title='bbox 3077 547 3163 601; x_wconf 77' lang='lat'><strong>55.</strong></span> <span class='ocrx_word' id='word_1_485' title='bbox 3195 550 3285 619; x_wconf 74' lang='grc' dir='ltr'><strong>ὅ).</strong></span> <span class='ocrx_word' id='word_1_486' title='bbox 3318 554 3394 605; x_wconf 85' lang='lat' dir='ltr'><strong>Ac</strong></span> <span class='ocrx_word' id='word_1_487' title='bbox 3420 568 3603 609; x_wconf 87' lang='lat' dir='ltr'><strong>rursus</strong></span> <span class='ocrx_word' id='word_1_488' title='bbox 3628 557 3732 623; x_wconf 90' lang='lat' dir='ltr'><strong>his,</strong></span> 
     </span>
    </p>
   </div>
   <div class='ocr_carea' id='block_1_65' title="bbox 2167 621 3737 718">
    <p class='ocr_par' dir='ltr' id='par_1_65' title="bbox 2167 621 3737 718">
     <span class='ocr_line' id='line_1_68' title="bbox 2167 621 3737 718; baseline 0.017 -43"><span class='ocrx_word' id='word_1_489' title='bbox 2167 621 2406 694; x_wconf 83' lang='lat' dir='ltr'><strong>Vigilate;</strong></span> <span class='ocrx_word' id='word_1_490' title='bbox 2429 627 2534 681; x_wconf 90' lang='lat' dir='ltr'><strong>illis</strong></span> <span class='ocrx_word' id='word_1_491' title='bbox 2564 646 2687 684; x_wconf 79' lang='lat' dir='ltr'><strong>vero</strong></span> <span class='ocrx_word' id='word_1_492' title='bbox 2714 672 2726 694; x_wconf 82' lang='lat'><strong>,</strong></span> <span class='ocrx_word' id='word_1_493' title='bbox 2758 632 2924 704; x_wconf 82' lang='lat' dir='ltr'><strong>Surge</strong></span> <span class='ocrx_word' id='word_1_494' title='bbox 2955 677 2969 701; x_wconf 88' lang='lat'><strong>,</strong></span> <span class='ocrx_word' id='word_1_495' title='bbox 3013 638 3098 708; x_wconf 88' lang='lat' dir='ltr'><strong>qui</strong></span> <span class='ocrx_word' id='word_1_496' title='bbox 3120 639 3311 695; x_wconf 85' lang='lat' dir='ltr'><strong>dormis</strong></span> <span class='ocrx_word' id='word_1_497' title='bbox 3337 683 3353 709; x_wconf 90' lang='lat'><strong>,</strong></span> <span class='ocrx_word' id='word_1_498' title='bbox 3404 655 3449 697; x_wconf 89' lang='lat' dir='ltr'><strong>et</strong></span> <span class='ocrx_word' id='word_1_499' title='bbox 3475 663 3680 718; x_wconf 78' lang='lat' dir='ltr'><strong>rcsurge</strong></span> 
     </span>
    </p>
   </div>
   <div class='ocr_carea' id='block_1_66' title="bbox 2157 719 3741 802">
    <p class='ocr_par' dir='ltr' id='par_1_66' title="bbox 2157 719 3741 802">
     <span class='ocr_line' id='line_1_69' title="bbox 2157 719 3741 802; baseline 0.018 -35"><span class='ocrx_word' id='word_1_500' title='bbox 2157 720 2367 772; x_wconf 81' lang='lat' dir='ltr'><strong>mortuis</strong></span> <span class='ocrx_word' id='word_1_501' title='bbox 2389 720 2406 791; x_wconf 96' lang='lat'>(</span> <span class='ocrx_word' id='word_1_502' title='bbox 2428 719 2614 788; x_wconf 73' lang='lat' dir='ltr'><strong>Ephes.</strong></span> <span class='ocrx_word' id='word_1_503' title='bbox 2649 724 2701 778; x_wconf 83' lang='lat'><strong>5.</strong></span> <span class='ocrx_word' id='word_1_504' title='bbox 2735 726 2801 779; x_wconf 70' lang='grc'><strong>14</strong></span> <span class='ocrx_word' id='word_1_505' title='bbox 2821 730 2860 796; x_wconf 93' lang='grc'>).</span> <span class='ocrx_word' id='word_1_506' title='bbox 2885 727 3015 782; x_wconf 86' lang='lat' dir='ltr'><strong>Nam</strong></span> <span class='ocrx_word' id='word_1_507' title='bbox 3046 730 3095 782; x_wconf 91' lang='lat' dir='ltr'><strong>hi</strong></span> <span class='ocrx_word' id='word_1_508' title='bbox 3135 732 3185 785; x_wconf 89' lang='lat' dir='ltr'><strong>id</strong></span> <span class='ocrx_word' id='word_1_509' title='bbox 3217 735 3356 802; x_wconf 92' lang='lat' dir='ltr'><strong>quod</strong></span> <span class='ocrx_word' id='word_1_510' title='bbox 3386 735 3583 792; x_wconf 87' lang='lat' dir='ltr'><strong>habent</strong></span> <span class='ocrx_word' id='word_1_511' title='bbox 3626 755 3741 794; x_wconf 81' lang='lat' dir='ltr'><strong>ser-</strong></span> 
     </span>
    </p>
   </div>
   <div class='ocr_carea' id='block_1_67' title="bbox 2155 811 3735 896">
    <p class='ocr_par' dir='ltr' id='par_1_67' title="bbox 2155 811 3735 896">
     <span class='ocr_line' id='line_1_70' title="bbox 2155 811 3735 896; baseline 0.016 -35"><span class='ocrx_word' id='word_1_512' title='bbox 2155 824 2278 864; x_wconf 89' lang='lat' dir='ltr'><strong>vare</strong></span> <span class='ocrx_word' id='word_1_513' title='bbox 2309 811 2524 878; x_wconf 87' lang='lat' dir='ltr'><strong>debent,</strong></span> <span class='ocrx_word' id='word_1_514' title='bbox 2559 816 2630 867; x_wconf 88' lang='lat' dir='ltr'><strong>illi</strong></span> <span class='ocrx_word' id='word_1_515' title='bbox 2683 832 2812 870; x_wconf 89' lang='lat' dir='ltr'><strong>vero</strong></span> <span class='ocrx_word' id='word_1_516' title='bbox 2857 820 2906 872; x_wconf 92' lang='lat' dir='ltr'><strong>id</strong></span> <span class='ocrx_word' id='word_1_517' title='bbox 2962 824 3073 877; x_wconf 91' lang='lat' dir='ltr'><strong>lieri</strong></span> <span class='ocrx_word' id='word_1_518' title='bbox 3127 826 3268 893; x_wconf 91' lang='lat' dir='ltr'><strong>quod</strong></span> <span class='ocrx_word' id='word_1_519' title='bbox 3322 844 3426 881; x_wconf 91' lang='lat' dir='ltr'><strong>non</strong></span> <span class='ocrx_word' id='word_1_520' title='bbox 3475 842 3645 896; x_wconf 89' lang='lat' dir='ltr'><strong>sunt;</strong></span> <span class='ocrx_word' id='word_1_521' title='bbox 3681 832 3735 887; x_wconf 90' lang='lat' dir='ltr'><strong>hi</strong></span> 
     </span>
    </p>
   </div>
   <div class='ocr_carea' id='block_1_68' title="bbox 2157 902 3738 977">
    <p class='ocr_par' dir='ltr' id='par_1_68' title="bbox 2157 902 3738 977">
     <span class='ocr_line' id='line_1_71' title="bbox 2157 902 3738 977; baseline 0.016 -24"><span class='ocrx_word' id='word_1_522' title='bbox 2157 902 2438 953; x_wconf 81' lang='lat' dir='ltr'><strong>Sanitatem</strong></span> <span class='ocrx_word' id='word_1_523' title='bbox 2477 906 2775 971; x_wconf 57' lang='lat' dir='ltr'><strong>custodire,</strong></span> <span class='ocrx_word' id='word_1_524' title='bbox 2805 909 2873 962; x_wconf 88' lang='lat' dir='ltr'><strong>illi</strong></span> <span class='ocrx_word' id='word_1_525' title='bbox 2905 912 2971 964; x_wconf 88' lang='lat' dir='ltr'><strong>ab</strong></span> <span class='ocrx_word' id='word_1_526' title='bbox 2993 912 3298 971; x_wconf 78' lang='lat' dir='ltr'><strong>infirmitate</strong></span> <span class='ocrx_word' id='word_1_527' title='bbox 3325 918 3559 974; x_wconf 87' lang='lat' dir='ltr'><strong>liberari.</strong></span> <span class='ocrx_word' id='word_1_528' title='bbox 3605 923 3738 977; x_wconf 77' lang='lat' dir='ltr'><strong>Mul-</strong></span> 
     </span>
    </p>
   </div>
   <div class='ocr_carea' id='block_1_69' title="bbox 2158 992 3733 1079">
    <p class='ocr_par' dir='ltr' id='par_1_69' title="bbox 2158 992 3733 1079">
     <span class='ocr_line' id='line_1_72' title="bbox 2158 992 3733 1079; baseline 0.017 -37"><span class='ocrx_word' id='word_1_529' title='bbox 2158 1001 2265 1044; x_wconf 88' lang='lat' dir='ltr'><strong>ttnn</strong></span> <span class='ocrx_word' id='word_1_530' title='bbox 2326 992 2564 1047; x_wconf 84' lang='lat' dir='ltr'><strong>laborant</strong></span> <span class='ocrx_word' id='word_1_531' title='bbox 2595 999 2928 1066; x_wconf 81' lang='lat' dir='ltr'><strong>aegritudine,</strong></span> <span class='ocrx_word' id='word_1_532' title='bbox 2964 1004 3056 1057; x_wconf 92' lang='lat' dir='ltr'><strong>sed</strong></span> <span class='ocrx_word' id='word_1_533' title='bbox 3105 1007 3252 1060; x_wconf 90' lang='lat' dir='ltr'><strong>multi</strong></span> <span class='ocrx_word' id='word_1_534' title='bbox 3296 1012 3418 1079; x_wconf 62' lang='lat' dir='ltr'><strong>atgri</strong></span> <span class='ocrx_word' id='word_1_535' title='bbox 3471 1013 3733 1068; x_wconf 88' lang='lat' dir='ltr'><strong>valetudi-</strong></span> 
     </span>
    </p>
   </div>
   <div class='ocr_carea' id='block_1_70' title="bbox 2162 1092 3732 1173">
    <p class='ocr_par' dir='ltr' id='par_1_70' title="bbox 2162 1092 3732 1173">
     <span class='ocr_line' id='line_1_73' title="bbox 2162 1092 3732 1173; baseline 0.018 -40"><span class='ocrx_word' id='word_1_536' title='bbox 2162 1098 2279 1134; x_wconf 86' lang='lat' dir='ltr'><strong>nem</strong></span> <span class='ocrx_word' id='word_1_537' title='bbox 2324 1097 2679 1151; x_wconf 73' lang='lat' dir='ltr'><strong>recuperarit,</strong></span> <span class='ocrx_word' id='word_1_538' title='bbox 2719 1101 2769 1142; x_wconf 87' lang='lat' dir='ltr'><strong>et</strong></span> <span class='ocrx_word' id='word_1_539' title='bbox 2803 1092 2936 1145; x_wconf 88' lang='lat' dir='ltr'><strong>bene</strong></span> <span class='ocrx_word' id='word_1_540' title='bbox 2979 1095 3238 1163; x_wconf 80' lang='lat' dir='ltr'><strong>valentes,</strong></span> <span class='ocrx_word' id='word_1_541' title='bbox 3265 1102 3307 1153; x_wconf 93' lang='lat' dir='ltr'><strong>si</strong></span> <span class='ocrx_word' id='word_1_542' title='bbox 3341 1103 3646 1173; x_wconf 89' lang='lat' dir='ltr'><strong>negligant,</strong></span> <span class='ocrx_word' id='word_1_543' title='bbox 3681 1108 3732 1161; x_wconf 92' lang='lat' dir='ltr'><strong>iu</strong></span> 
     </span>
    </p>
   </div>
   <div class='ocr_carea' id='block_1_71' title="bbox 2155 1173 3736 1268">
    <p class='ocr_par' dir='ltr' id='par_1_71' title="bbox 2155 1173 3736 1268">
     <span class='ocr_line' id='line_1_74' title="bbox 2155 1173 3736 1268; baseline 0.018 -44"><span class='ocrx_word' id='word_1_544' title='bbox 2155 1173 2397 1226; x_wconf 79' lang='lat' dir='ltr'><strong>morbum</strong></span> <span class='ocrx_word' id='word_1_545' title='bbox 2438 1177 2696 1231; x_wconf 86' lang='lat' dir='ltr'><strong>incidunt.</strong></span> <span class='ocrx_word' id='word_1_546' title='bbox 2736 1181 2843 1235; x_wconf 92' lang='lat' dir='ltr'><strong>lllis</strong></span> <span class='ocrx_word' id='word_1_547' title='bbox 2878 1183 3052 1252; x_wconf 88' lang='lat' dir='ltr'><strong>itaque</strong></span> <span class='ocrx_word' id='word_1_548' title='bbox 3095 1187 3221 1242; x_wconf 90' lang='lat' dir='ltr'><strong>dicit</strong></span> <span class='ocrx_word' id='word_1_549' title='bbox 3251 1206 3265 1243; x_wconf 91' lang='lat'>:</span> <span class='ocrx_word' id='word_1_550' title='bbox 3298 1190 3433 1246; x_wconf 80' lang='lat' dir='ltr'><strong>Ecce</strong></span> <span class='ocrx_word' id='word_1_551' title='bbox 3474 1213 3625 1249; x_wconf 82' lang='lat' dir='ltr'><strong>sanus</strong></span> <span class='ocrx_word' id='word_1_552' title='bbox 3657 1203 3736 1268; x_wconf 82' lang='lat' dir='ltr'><strong>[a-</strong></span> 
     </span>
    </p>
   </div>
   <div class='ocr_carea' id='block_1_72' title="bbox 2149 1269 3731 1350">
    <p class='ocr_par' dir='ltr' id='par_1_72' title="bbox 2149 1269 3731 1350">
     <span class='ocr_line' id='line_1_75' title="bbox 2149 1269 3731 1350; baseline 0.018 -34"><span class='ocrx_word' id='word_1_553' title='bbox 2149 1274 2257 1319; x_wconf 86' lang='lat' dir='ltr'><strong>ctus</strong></span> <span class='ocrx_word' id='word_1_554' title='bbox 2287 1282 2337 1319; x_wconf 88' lang='lat' dir='ltr'><strong>es</strong></span> <span class='ocrx_word' id='word_1_555' title='bbox 2357 1283 2376 1320; x_wconf 83' lang='lat'><strong>.&#39;</strong></span> <span class='ocrx_word' id='word_1_556' title='bbox 2405 1269 2511 1321; x_wconf 88' lang='lat' dir='ltr'><strong>noli</strong></span> <span class='ocrx_word' id='word_1_557' title='bbox 2532 1271 2752 1339; x_wconf 82' lang='lat' dir='ltr'><strong>amplius</strong></span> <span class='ocrx_word' id='word_1_558' title='bbox 2777 1290 3001 1341; x_wconf 86' lang='lat' dir='ltr'><strong>peccare,</strong></span> <span class='ocrx_word' id='word_1_559' title='bbox 3027 1294 3087 1330; x_wconf 85' lang='lat' dir='ltr'><strong>ne</strong></span> <span class='ocrx_word' id='word_1_560' title='bbox 3110 1280 3196 1333; x_wconf 78' lang='lat' dir='ltr'><strong>tibi</strong></span> <span class='ocrx_word' id='word_1_561' title='bbox 3222 1284 3345 1350; x_wconf 85' lang='lat' dir='ltr'><strong>quid</strong></span> <span class='ocrx_word' id='word_1_562' title='bbox 3370 1286 3587 1342; x_wconf 86' lang='lat' dir='ltr'><strong>deterius</strong></span> <span class='ocrx_word' id='word_1_563' title='bbox 3609 1308 3731 1343; x_wconf 85' lang='lat' dir='ltr'><strong>con-</strong></span> 
     </span>
    </p>
   </div>
   <div class='ocr_carea' id='block_1_73' title="bbox 2148 1356 3735 1444">
    <p class='ocr_par' dir='ltr' id='par_1_73' title="bbox 2148 1356 3735 1444">
     <span class='ocr_line' id='line_1_76' title="bbox 2148 1356 3735 1444; baseline 0.019 -38"><span class='ocrx_word' id='word_1_564' title='bbox 2148 1356 2306 1424; x_wconf 83' lang='lat' dir='ltr'><strong>tingat</strong></span> <span class='ocrx_word' id='word_1_565' title='bbox 2328 1357 2507 1426; x_wconf 82' lang='lat' dir='ltr'><strong>(Joan.</strong></span> <span class='ocrx_word' id='word_1_566' title='bbox 2540 1360 2591 1415; x_wconf 82' lang='lat'><strong>5.</strong></span> <span class='ocrx_word' id='word_1_567' title='bbox 2619 1363 2729 1431; x_wconf 78' lang='lat' dir='ltr'><strong>M);</strong></span> <span class='ocrx_word' id='word_1_568' title='bbox 2761 1364 2844 1418; x_wconf 90' lang='lat' dir='ltr'><strong>his</strong></span> <span class='ocrx_word' id='word_1_569' title='bbox 2892 1382 3037 1432; x_wconf 85' lang='lat' dir='ltr'><strong>vero,</strong></span> <span class='ocrx_word' id='word_1_570' title='bbox 3086 1369 3167 1424; x_wconf 84' lang='lat' dir='ltr'><strong>Vis</strong></span> <span class='ocrx_word' id='word_1_571' title='bbox 3195 1390 3350 1427; x_wconf 85' lang='lat' dir='ltr'><strong>sanus</strong></span> <span class='ocrx_word' id='word_1_572' title='bbox 3394 1378 3547 1444; x_wconf 82' lang='lat' dir='ltr'><strong>ﬁeri?</strong></span> <span class='ocrx_word' id='word_1_573' title='bbox 3590 1380 3735 1436; x_wconf 80' lang='lat' dir='ltr'><strong>Tolle</strong></span> 
     </span>
    </p>
   </div>
   <div class='ocr_carea' id='block_1_74' title="bbox 2147 1449 3730 1533">
    <p class='ocr_par' dir='ltr' id='par_1_74' title="bbox 2147 1449 3730 1533">
     <span class='ocr_line' id='line_1_77' title="bbox 2147 1449 3730 1533; baseline 0.018 -37"><span class='ocrx_word' id='word_1_574' title='bbox 2147 1449 2413 1516; x_wconf 80' lang='lat' dir='ltr'><strong>grabatum</strong></span> <span class='ocrx_word' id='word_1_575' title='bbox 2442 1461 2596 1512; x_wconf 89' lang='lat' dir='ltr'><strong>tuum,</strong></span> <span class='ocrx_word' id='word_1_576' title='bbox 2618 1464 2663 1505; x_wconf 87' lang='lat' dir='ltr'><strong>et</strong></span> <span class='ocrx_word' id='word_1_577' title='bbox 2695 1456 2819 1507; x_wconf 84' lang='lat' dir='ltr'><strong>vade</strong></span> <span class='ocrx_word' id='word_1_578' title='bbox 2835 1458 2885 1509; x_wconf 89' lang='lat' dir='ltr'><strong>in</strong></span> <span class='ocrx_word' id='word_1_579' title='bbox 2900 1458 3105 1513; x_wconf 84' lang='lat' dir='ltr'><strong>domum</strong></span> <span class='ocrx_word' id='word_1_580' title='bbox 3136 1474 3271 1516; x_wconf 85' lang='lat' dir='ltr'><strong>tuam</strong></span> <span class='ocrx_word' id='word_1_581' title='bbox 3300 1464 3463 1533; x_wconf 87' lang='lat' dir='ltr'><strong>(Ibid.</strong></span> <span class='ocrx_word' id='word_1_582' title='bbox 3495 1484 3541 1521; x_wconf 86' lang='lat' dir='ltr'><strong>v.</strong></span> <span class='ocrx_word' id='word_1_583' title='bbox 3574 1472 3625 1524; x_wconf 82' lang='lat' dir='ltr'><strong>(i.</strong></span> <span class='ocrx_word' id='word_1_584' title='bbox 3648 1474 3730 1531; x_wconf 88' lang='lat'><strong>8).</strong></span> 
     </span>
    </p>
   </div>
   <div class='ocr_carea' id='block_1_75' title="bbox 2148 1538 3727 1628">
    <p class='ocr_par' dir='ltr' id='par_1_75' title="bbox 2148 1538 3727 1628">
     <span class='ocr_line' id='line_1_78' title="bbox 2148 1538 3727 1628; baseline 0.015 -35"><span class='ocrx_word' id='word_1_585' title='bbox 2148 1538 2338 1594; x_wconf 82' lang='lat' dir='ltr'><strong>Gravis</strong></span> <span class='ocrx_word' id='word_1_586' title='bbox 2367 1545 2530 1606; x_wconf 89' lang='lat' dir='ltr'><strong>enim,</strong></span> <span class='ocrx_word' id='word_1_587' title='bbox 2559 1547 2735 1613; x_wconf 83' lang='lat' dir='ltr'><strong>gravis</strong></span> <span class='ocrx_word' id='word_1_588' title='bbox 2778 1560 2923 1604; x_wconf 89' lang='lat' dir='ltr'><strong>certe</strong></span> <span class='ocrx_word' id='word_1_589' title='bbox 2969 1554 3227 1625; x_wconf 86' lang='lat' dir='ltr'><strong>paralysis</strong></span> <span class='ocrx_word' id='word_1_590' title='bbox 3277 1568 3359 1612; x_wconf 90' lang='lat' dir='ltr'><strong>est</strong></span> <span class='ocrx_word' id='word_1_591' title='bbox 3410 1571 3727 1628; x_wconf 88' lang='lat' dir='ltr'><strong>peccatum;</strong></span> 
     </span>
    </p>
   </div>
   <div class='ocr_carea' id='block_1_76' title="bbox 2148 1634 3730 1723">
    <p class='ocr_par' dir='ltr' id='par_1_76' title="bbox 2148 1634 3730 1723">
     <span class='ocr_line' id='line_1_79' title="bbox 2148 1634 3730 1723; baseline 0.016 -40"><span class='ocrx_word' id='word_1_592' title='bbox 2148 1634 2254 1686; x_wconf 91' lang='lat' dir='ltr'><strong>imo</strong></span> <span class='ocrx_word' id='word_1_593' title='bbox 2286 1649 2387 1686; x_wconf 89' lang='lat' dir='ltr'><strong>non</strong></span> <span class='ocrx_word' id='word_1_594' title='bbox 2421 1636 2680 1705; x_wconf 84' lang='lat' dir='ltr'><strong>paralysis</strong></span> <span class='ocrx_word' id='word_1_595' title='bbox 2702 1647 2921 1704; x_wconf 87' lang='lat' dir='ltr'><strong>tantum,</strong></span> <span class='ocrx_word' id='word_1_596' title='bbox 2954 1644 3045 1697; x_wconf 89' lang='lat' dir='ltr'><strong>sed</strong></span> <span class='ocrx_word' id='word_1_597' title='bbox 3067 1646 3263 1715; x_wconf 89' lang='lat' dir='ltr'><strong>aliquid</strong></span> <span class='ocrx_word' id='word_1_598' title='bbox 3292 1652 3526 1717; x_wconf 86' lang='lat' dir='ltr'><strong>gravius.</strong></span> <span class='ocrx_word' id='word_1_599' title='bbox 3548 1653 3730 1723; x_wconf 82' lang='lat' dir='ltr'><strong>Neque</strong></span> 
     </span>
    </p>
   </div>
   <div class='ocr_carea' id='block_1_77' title="bbox 2147 1724 3727 1802">
    <p class='ocr_par' dir='ltr' id='par_1_77' title="bbox 2147 1724 3727 1802">
     <span class='ocr_line' id='line_1_80' title="bbox 2147 1724 3727 1802; baseline 0.015 -25"><span class='ocrx_word' id='word_1_600' title='bbox 2147 1725 2291 1778; x_wconf 90' lang='lat' dir='ltr'><strong>enim</strong></span> <span class='ocrx_word' id='word_1_601' title='bbox 2324 1724 2407 1779; x_wconf 89' lang='lat' dir='ltr'><strong>hic</strong></span> <span class='ocrx_word' id='word_1_602' title='bbox 2441 1728 2592 1781; x_wconf 91' lang='lat' dir='ltr'><strong>bonis</strong></span> <span class='ocrx_word' id='word_1_603' title='bbox 2636 1740 2835 1784; x_wconf 88' lang='lat' dir='ltr'><strong>tantutn</strong></span> <span class='ocrx_word' id='word_1_604' title='bbox 2880 1736 3113 1800; x_wconf 81' lang='lat' dir='ltr'><strong>privatur</strong></span> <span class='ocrx_word' id='word_1_605' title='bbox 3146 1779 3159 1802; x_wconf 85' lang='lat'><strong>,</strong></span> <span class='ocrx_word' id='word_1_606' title='bbox 3207 1741 3301 1793; x_wconf 93' lang='lat' dir='ltr'><strong>sed</strong></span> <span class='ocrx_word' id='word_1_607' title='bbox 3358 1745 3413 1795; x_wconf 91' lang='lat' dir='ltr'><strong>in</strong></span> <span class='ocrx_word' id='word_1_608' title='bbox 3466 1746 3727 1801; x_wconf 89' lang='lat' dir='ltr'><strong>malorum</strong></span> 
     </span>
    </p>
   </div>
   <div class='ocr_carea' id='block_1_78' title="bbox 2146 1818 3727 1899">
    <p class='ocr_par' dir='ltr' id='par_1_78' title="bbox 2146 1818 3727 1899">
     <span class='ocr_line' id='line_1_81' title="bbox 2146 1818 3727 1899; baseline 0.015 -30"><span class='ocrx_word' id='word_1_609' title='bbox 2146 1818 2400 1872; x_wconf 76' lang='lat' dir='ltr'><strong>exercitio</strong></span> <span class='ocrx_word' id='word_1_610' title='bbox 2427 1830 2526 1873; x_wconf 89' lang='lat' dir='ltr'><strong>est.</strong></span> <span class='ocrx_word' id='word_1_611' title='bbox 2561 1823 2803 1877; x_wconf 81' lang='lat' dir='ltr'><strong>Attamen</strong></span> <span class='ocrx_word' id='word_1_612' title='bbox 2853 1825 2975 1879; x_wconf 88' lang='lat' dir='ltr'><strong>licet</strong></span> <span class='ocrx_word' id='word_1_613' title='bbox 3005 1827 3072 1881; x_wconf 90' lang='lat' dir='ltr'><strong>ita</strong></span> <span class='ocrx_word' id='word_1_614' title='bbox 3100 1830 3321 1885; x_wconf 68' lang='lat' dir='ltr'><strong>affectus</strong></span> <span class='ocrx_word' id='word_1_615' title='bbox 3346 1835 3438 1899; x_wconf 91' lang='lat' dir='ltr'><strong>sis,</strong></span> <span class='ocrx_word' id='word_1_616' title='bbox 3471 1836 3515 1888; x_wconf 93' lang='lat' dir='ltr'><strong>si</strong></span> <span class='ocrx_word' id='word_1_617' title='bbox 3546 1838 3727 1891; x_wconf 88' lang='lat' dir='ltr'><strong>volue-</strong></span> 
     </span>
    </p>
   </div>
   <div class='ocr_carea' id='block_1_79' title="bbox 2146 1908 3724 1984">
    <p class='ocr_par' dir='ltr' id='par_1_79' title="bbox 2146 1908 3724 1984">
     <span class='ocr_line' id='line_1_82' title="bbox 2146 1908 3724 1984; baseline 0.014 -23"><span class='ocrx_word' id='word_1_618' title='bbox 2146 1908 2219 1961; x_wconf 88' lang='lat' dir='ltr'><strong>ris</strong></span> <span class='ocrx_word' id='word_1_619' title='bbox 2270 1911 2535 1977; x_wconf 86' lang='lat' dir='ltr'><strong>paululum</strong></span> <span class='ocrx_word' id='word_1_620' title='bbox 2599 1930 2886 1984; x_wconf 79' lang='lat' dir='ltr'><strong>exsurgere</strong></span> <span class='ocrx_word' id='word_1_621' title='bbox 2921 1960 2935 1982; x_wconf 94' lang='lat'><strong>,</strong></span> <span class='ocrx_word' id='word_1_622' title='bbox 2995 1922 3171 1974; x_wconf 89' lang='lat' dir='ltr'><strong>omnia</strong></span> <span class='ocrx_word' id='word_1_623' title='bbox 3230 1924 3367 1977; x_wconf 86' lang='lat' dir='ltr'><strong>mala</strong></span> <span class='ocrx_word' id='word_1_624' title='bbox 3428 1928 3724 1983; x_wconf 88' lang='lat' dir='ltr'><strong>solvuntur.</strong></span> 
     </span>
    </p>
   </div>
   <div class='ocr_carea' id='block_1_80' title="bbox 2144 2001 3723 2079">
    <p class='ocr_par' dir='ltr' id='par_1_80' title="bbox 2144 2001 3723 2079">
     <span class='ocr_line' id='line_1_83' title="bbox 2144 2001 3723 2079; baseline 0.015 -26"><span class='ocrx_word' id='word_1_625' title='bbox 2144 2001 2363 2056; x_wconf 85' lang='lat' dir='ltr'><strong>Etiamsi</strong></span> <span class='ocrx_word' id='word_1_626' title='bbox 2407 2006 2615 2074; x_wconf 86' lang='lat' dir='ltr'><strong>triginta</strong></span> <span class='ocrx_word' id='word_1_627' title='bbox 2646 2020 2767 2061; x_wconf 91' lang='lat' dir='ltr'><strong>octo</strong></span> <span class='ocrx_word' id='word_1_628' title='bbox 2793 2025 2960 2063; x_wconf 78' lang='lat' dir='ltr'><strong>annos</strong></span> <span class='ocrx_word' id='word_1_629' title='bbox 2989 2012 3186 2069; x_wconf 81' lang='lat' dir='ltr'><strong>habeas</strong></span> <span class='ocrx_word' id='word_1_630' title='bbox 3209 2057 3224 2079; x_wconf 90' lang='lat'><strong>,</strong></span> <span class='ocrx_word' id='word_1_631' title='bbox 3253 2017 3296 2069; x_wconf 87' lang='lat' dir='ltr'><strong>si</strong></span> <span class='ocrx_word' id='word_1_632' title='bbox 3326 2019 3608 2075; x_wconf 84' lang='lat' dir='ltr'><strong>sanitatem</strong></span> <span class='ocrx_word' id='word_1_633' title='bbox 3638 2039 3723 2077; x_wconf 84' lang='lat' dir='ltr'><strong>re-</strong></span> 
     </span>
    </p>
   </div>
   <div class='ocr_carea' id='block_1_81' title="bbox 2144 2095 3725 2167">
    <p class='ocr_par' dir='ltr' id='par_1_81' title="bbox 2144 2095 3725 2167">
     <span class='ocr_line' id='line_1_84' title="bbox 2144 2095 3725 2167; baseline 0.014 -23"><span class='ocrx_word' id='word_1_634' title='bbox 2144 2106 2399 2158; x_wconf 90' lang='lat' dir='ltr'><strong>cuperare</strong></span> <span class='ocrx_word' id='word_1_635' title='bbox 2440 2095 2654 2148; x_wconf 89' lang='lat' dir='ltr'><strong>studeas</strong></span> <span class='ocrx_word' id='word_1_636' title='bbox 2688 2138 2701 2161; x_wconf 94' lang='lat'><strong>,</strong></span> <span class='ocrx_word' id='word_1_637' title='bbox 2742 2099 2870 2152; x_wconf 90' lang='lat' dir='ltr'><strong>nihil</strong></span> <span class='ocrx_word' id='word_1_638' title='bbox 2934 2102 3106 2155; x_wconf 89' lang='lat' dir='ltr'><strong>obest.</strong></span> <span class='ocrx_word' id='word_1_639' title='bbox 3168 2105 3337 2160; x_wconf 80' lang='lat' dir='ltr'><strong>Adest</strong></span> <span class='ocrx_word' id='word_1_640' title='bbox 3382 2109 3541 2163; x_wconf 89' lang='lat' dir='ltr'><strong>etiam</strong></span> <span class='ocrx_word' id='word_1_641' title='bbox 3585 2128 3725 2167; x_wconf 89' lang='lat' dir='ltr'><strong>nunc</strong></span> 
     </span>
    </p>
   </div>
   <div class='ocr_carea' id='block_1_82' title="bbox 2142 2182 3722 2263">
    <p class='ocr_par' dir='ltr' id='par_1_82' title="bbox 2142 2182 3722 2263">
     <span class='ocr_line' id='line_1_85' title="bbox 2142 2182 3722 2263; baseline 0.013 -27"><span class='ocrx_word' id='word_1_642' title='bbox 2142 2182 2385 2238; x_wconf 82' lang='lat' dir='ltr'><strong>Christus</strong></span> <span class='ocrx_word' id='word_1_643' title='bbox 2412 2196 2465 2240; x_wconf 91' lang='lat' dir='ltr'><strong>et</strong></span> <span class='ocrx_word' id='word_1_644' title='bbox 2510 2187 2669 2251; x_wconf 92' lang='lat' dir='ltr'><strong>dicit,</strong></span> <span class='ocrx_word' id='word_1_645' title='bbox 2714 2187 2857 2243; x_wconf 83' lang='lat' dir='ltr'><strong>Tolle</strong></span> <span class='ocrx_word' id='word_1_646' title='bbox 2882 2192 3062 2246; x_wconf 86' lang='lat' dir='ltr'><strong>lectum</strong></span> <span class='ocrx_word' id='word_1_647' title='bbox 3117 2205 3296 2250; x_wconf 86' lang='lat' dir='ltr'><strong>tuum:</strong></span> <span class='ocrx_word' id='word_1_648' title='bbox 3348 2201 3508 2254; x_wconf 87' lang='lat' dir='ltr'><strong>modo</strong></span> <span class='ocrx_word' id='word_1_649' title='bbox 3553 2203 3722 2263; x_wconf 86' lang='lat' dir='ltr'><strong>velis;</strong></span> 
     </span>
    </p>
   </div>
   <div class='ocr_carea' id='block_1_83' title="bbox 2142 2278 3725 2353">
    <p class='ocr_par' dir='ltr' id='par_1_83' title="bbox 2142 2278 3725 2353">
     <span class='ocr_line' id='line_1_86' title="bbox 2142 2278 3725 2353; baseline 0.014 -26"><span class='ocrx_word' id='word_1_650' title='bbox 2142 2290 2319 2344; x_wconf 86' lang='lat' dir='ltr'><strong>surge,</strong></span> <span class='ocrx_word' id='word_1_651' title='bbox 2353 2293 2417 2330; x_wconf 90' lang='lat' dir='ltr'><strong>ue</strong></span> <span class='ocrx_word' id='word_1_652' title='bbox 2459 2278 2747 2348; x_wconf 89' lang='lat' dir='ltr'><strong>desperes:</strong></span> <span class='ocrx_word' id='word_1_653' title='bbox 2790 2282 3057 2338; x_wconf 85' lang='lat' dir='ltr'><strong>hominem</strong></span> <span class='ocrx_word' id='word_1_654' title='bbox 3082 2301 3185 2340; x_wconf 92' lang='lat' dir='ltr'><strong>non</strong></span> <span class='ocrx_word' id='word_1_655' title='bbox 3210 2288 3372 2344; x_wconf 85' lang='lat' dir='ltr'><strong>habes</strong></span> <span class='ocrx_word' id='word_1_656' title='bbox 3392 2332 3406 2353; x_wconf 93' lang='lat'><strong>,</strong></span> <span class='ocrx_word' id='word_1_657' title='bbox 3438 2293 3530 2346; x_wconf 90' lang='lat' dir='ltr'><strong>sed</strong></span> <span class='ocrx_word' id='word_1_658' title='bbox 3562 2295 3725 2350; x_wconf 84' lang='lat' dir='ltr'><strong>habes</strong></span> 
     </span>
    </p>
   </div>
   <div class='ocr_carea' id='block_1_84' title="bbox 2144 2366 3721 2454">
    <p class='ocr_par' dir='ltr' id='par_1_84' title="bbox 2144 2366 3721 2454">
     <span class='ocr_line' id='line_1_87' title="bbox 2144 2366 3721 2454; baseline 0.014 -35"><span class='ocrx_word' id='word_1_659' title='bbox 2144 2366 2332 2421; x_wconf 91' lang='lat' dir='ltr'><strong>Deum.</strong></span> <span class='ocrx_word' id='word_1_660' title='bbox 2359 2369 2473 2423; x_wconf 82' lang='lat' dir='ltr'><strong>Non</strong></span> <span class='ocrx_word' id='word_1_661' title='bbox 2517 2369 2681 2426; x_wconf 88' lang='lat' dir='ltr'><strong>habes</strong></span> <span class='ocrx_word' id='word_1_662' title='bbox 2710 2374 2877 2427; x_wconf 91' lang='lat' dir='ltr'><strong>virum</strong></span> <span class='ocrx_word' id='word_1_663' title='bbox 2909 2376 2997 2444; x_wconf 89' lang='lat' dir='ltr'><strong>qui</strong></span> <span class='ocrx_word' id='word_1_664' title='bbox 3026 2384 3076 2431; x_wconf 91' lang='lat' dir='ltr'><strong>te</strong></span> <span class='ocrx_word' id='word_1_665' title='bbox 3105 2377 3156 2432; x_wconf 91' lang='lat' dir='ltr'><strong>in</strong></span> <span class='ocrx_word' id='word_1_666' title='bbox 3186 2380 3443 2448; x_wconf 89' lang='lat' dir='ltr'><strong>piscinam</strong></span> <span class='ocrx_word' id='word_1_667' title='bbox 3472 2384 3670 2454; x_wconf 88' lang='lat' dir='ltr'><strong>injiciat</strong></span> <span class='ocrx_word' id='word_1_668' title='bbox 3706 2404 3721 2453; x_wconf 91' lang='lat'><strong>;</strong></span> 
     </span>
    </p>
   </div>
   <div class='ocr_carea' id='block_1_85' title="bbox 2142 2458 3721 2544">
    <p class='ocr_par' dir='ltr' id='par_1_85' title="bbox 2142 2458 3721 2544">
     <span class='ocr_line' id='line_1_88' title="bbox 2142 2458 3721 2544; baseline 0.013 -33"><span class='ocrx_word' id='word_1_669' title='bbox 2142 2458 2234 2512; x_wconf 92' lang='lat' dir='ltr'><strong>sed</strong></span> <span class='ocrx_word' id='word_1_670' title='bbox 2266 2458 2430 2513; x_wconf 89' lang='lat' dir='ltr'><strong>habes</strong></span> <span class='ocrx_word' id='word_1_671' title='bbox 2455 2477 2575 2515; x_wconf 91' lang='lat' dir='ltr'><strong>eum</strong></span> <span class='ocrx_word' id='word_1_672' title='bbox 2606 2465 2694 2531; x_wconf 85' lang='lat' dir='ltr'><strong>qui</strong></span> <span class='ocrx_word' id='word_1_673' title='bbox 2726 2480 2830 2519; x_wconf 90' lang='lat' dir='ltr'><strong>non</strong></span> <span class='ocrx_word' id='word_1_674' title='bbox 2860 2467 2999 2521; x_wconf 89' lang='lat' dir='ltr'><strong>sinat</strong></span> <span class='ocrx_word' id='word_1_675' title='bbox 3034 2478 3086 2523; x_wconf 92' lang='lat' dir='ltr'><strong>te</strong></span> <span class='ocrx_word' id='word_1_676' title='bbox 3113 2485 3247 2539; x_wconf 90' lang='lat' dir='ltr'><strong>opus</strong></span> <span class='ocrx_word' id='word_1_677' title='bbox 3278 2471 3476 2528; x_wconf 88' lang='lat' dir='ltr'><strong>habere</strong></span> <span class='ocrx_word' id='word_1_678' title='bbox 3499 2477 3721 2544; x_wconf 89' lang='lat' dir='ltr'><strong>piscina.</strong></span> 
     </span>
    </p>
   </div>
   <div class='ocr_carea' id='block_1_86' title="bbox 2141 2548 3719 2635">
    <p class='ocr_par' dir='ltr' id='par_1_86' title="bbox 2141 2548 3719 2635">
     <span class='ocr_line' id='line_1_89' title="bbox 2141 2548 3719 2635; baseline 0.013 -34"><span class='ocrx_word' id='word_1_679' title='bbox 2141 2548 2254 2603; x_wconf 83' lang='lat' dir='ltr'><strong>Non</strong></span> <span class='ocrx_word' id='word_1_680' title='bbox 2286 2550 2449 2604; x_wconf 91' lang='lat' dir='ltr'><strong>habes</strong></span> <span class='ocrx_word' id='word_1_681' title='bbox 2469 2553 2556 2621; x_wconf 91' lang='lat' dir='ltr'><strong>qui</strong></span> <span class='ocrx_word' id='word_1_682' title='bbox 2591 2564 2641 2607; x_wconf 91' lang='lat' dir='ltr'><strong>te</strong></span> <span class='ocrx_word' id='word_1_683' title='bbox 2672 2554 2764 2608; x_wconf 92' lang='lat' dir='ltr'><strong>illo</strong></span> <span class='ocrx_word' id='word_1_684' title='bbox 2798 2558 3075 2626; x_wconf 89' lang='lat' dir='ltr'><strong>conjiciat,</strong></span> <span class='ocrx_word' id='word_1_685' title='bbox 3100 2561 3192 2614; x_wconf 84' lang='lat' dir='ltr'><strong>sed</strong></span> <span class='ocrx_word' id='word_1_686' title='bbox 3228 2563 3390 2617; x_wconf 88' lang='lat' dir='ltr'><strong>habes</strong></span> <span class='ocrx_word' id='word_1_687' title='bbox 3421 2567 3507 2633; x_wconf 88' lang='lat' dir='ltr'><strong>qui</strong></span> <span class='ocrx_word' id='word_1_688' title='bbox 3534 2568 3719 2635; x_wconf 88' lang='lat' dir='ltr'><strong>jubeat</strong></span> 
     </span>
    </p>
   </div>
   <div class='ocr_carea' id='block_1_87' title="bbox 2144 2641 3725 2728">
    <p class='ocr_par' dir='ltr' id='par_1_87' title="bbox 2144 2641 3725 2728">
     <span class='ocr_line' id='line_1_90' title="bbox 2144 2641 3725 2728; baseline 0.013 -35"><span class='ocrx_word' id='word_1_689' title='bbox 2144 2641 2328 2696; x_wconf 90' lang='lat' dir='ltr'><strong>tollere</strong></span> <span class='ocrx_word' id='word_1_690' title='bbox 2358 2642 2551 2696; x_wconf 90' lang='lat' dir='ltr'><strong>lectum</strong></span> <span class='ocrx_word' id='word_1_691' title='bbox 2581 2655 2748 2699; x_wconf 90' lang='lat' dir='ltr'><strong>tuum.</strong></span> <span class='ocrx_word' id='word_1_692' title='bbox 2790 2647 2904 2701; x_wconf 86' lang='lat' dir='ltr'><strong>Non</strong></span> <span class='ocrx_word' id='word_1_693' title='bbox 2942 2650 3062 2703; x_wconf 87' lang='lat' dir='ltr'><strong>licet</strong></span> <span class='ocrx_word' id='word_1_694' title='bbox 3090 2652 3291 2708; x_wconf 89' lang='lat' dir='ltr'><strong>diceret</strong></span> <span class='ocrx_word' id='word_1_695' title='bbox 3323 2696 3338 2720; x_wconf 93' lang='lat'><strong>,</strong></span> <span class='ocrx_word' id='word_1_696' title='bbox 3370 2656 3503 2709; x_wconf 88' lang='lat' dir='ltr'><strong>Dum</strong></span> <span class='ocrx_word' id='word_1_697' title='bbox 3523 2675 3613 2728; x_wconf 88' lang='lat' dir='ltr'><strong>ego</strong></span> <span class='ocrx_word' id='word_1_698' title='bbox 3642 2676 3725 2714; x_wconf 87' lang='lat' dir='ltr'><strong>ve-</strong></span> 
     </span>
    </p>
   </div>
   <div class='ocr_carea' id='block_1_88' title="bbox 2141 2734 3725 2814">
    <p class='ocr_par' dir='ltr' id='par_1_88' title="bbox 2141 2734 3725 2814">
     <span class='ocr_line' id='line_1_91' title="bbox 2141 2734 3725 2814; baseline 0.013 -28"><span class='ocrx_word' id='word_1_699' title='bbox 2141 2734 2246 2794; x_wconf 88' lang='lat' dir='ltr'><strong>nio.</strong></span> <span class='ocrx_word' id='word_1_700' title='bbox 2275 2735 2405 2787; x_wconf 87' lang='lat' dir='ltr'><strong>alius</strong></span> <span class='ocrx_word' id='word_1_701' title='bbox 2437 2748 2553 2791; x_wconf 87' lang='lat' dir='ltr'><strong>ante</strong></span> <span class='ocrx_word' id='word_1_702' title='bbox 2591 2755 2669 2791; x_wconf 87' lang='lat' dir='ltr'><strong>me</strong></span> <span class='ocrx_word' id='word_1_703' title='bbox 2700 2739 2953 2794; x_wconf 81' lang='lat' dir='ltr'><strong>descendit</strong></span> <span class='ocrx_word' id='word_1_704' title='bbox 2979 2739 3137 2814; x_wconf 85' lang='lat' dir='ltr'><strong>(Ibid.</strong></span> <span class='ocrx_word' id='word_1_705' title='bbox 3174 2763 3219 2799; x_wconf 91' lang='lat' dir='ltr'><strong>v.</strong></span> <span class='ocrx_word' id='word_1_706' title='bbox 3255 2749 3331 2814; x_wconf 85' lang='lat'><strong>7).</strong></span> <span class='ocrx_word' id='word_1_707' title='bbox 3364 2748 3419 2803; x_wconf 91' lang='lat' dir='ltr'><strong>Si</strong></span> <span class='ocrx_word' id='word_1_708' title='bbox 3463 2751 3604 2805; x_wconf 88' lang='lat' dir='ltr'><strong>enim</strong></span> <span class='ocrx_word' id='word_1_709' title='bbox 3634 2767 3725 2807; x_wconf 89' lang='lat' dir='ltr'><strong>vc-</strong></span> 
     </span>
    </p>
   </div>
   <div class='ocr_carea' id='block_1_89' title="bbox 2140 2824 3721 2906">
    <p class='ocr_par' dir='ltr' id='par_1_89' title="bbox 2140 2824 3721 2906">
     <span class='ocr_line' id='line_1_92' title="bbox 2140 2824 3721 2906; baseline 0.015 -29"><span class='ocrx_word' id='word_1_710' title='bbox 2140 2824 2205 2878; x_wconf 90' lang='lat' dir='ltr'><strong>lis</strong></span> <span class='ocrx_word' id='word_1_711' title='bbox 2234 2826 2284 2879; x_wconf 90' lang='lat' dir='ltr'><strong>in</strong></span> <span class='ocrx_word' id='word_1_712' title='bbox 2313 2827 2510 2881; x_wconf 90' lang='lat' dir='ltr'><strong>fontem</strong></span> <span class='ocrx_word' id='word_1_713' title='bbox 2540 2830 2885 2899; x_wconf 88' lang='lat' dir='ltr'><strong>descendere,</strong></span> <span class='ocrx_word' id='word_1_714' title='bbox 2915 2849 3073 2890; x_wconf 91' lang='lat' dir='ltr'><strong>nemo</strong></span> <span class='ocrx_word' id='word_1_715' title='bbox 3104 2837 3376 2906; x_wconf 90' lang='lat' dir='ltr'><strong>impediet.</strong></span> <span class='ocrx_word' id='word_1_716' title='bbox 3403 2842 3583 2897; x_wconf 86' lang='lat' dir='ltr'><strong>Gratia</strong></span> <span class='ocrx_word' id='word_1_717' title='bbox 3616 2861 3721 2900; x_wconf 88' lang='lat' dir='ltr'><strong>non</strong></span> 
     </span>
    </p>
   </div>
   <div class='ocr_carea' id='block_1_90' title="bbox 2140 2920 3725 3001">
    <p class='ocr_par' dir='ltr' id='par_1_90' title="bbox 2140 2920 3725 3001">
     <span class='ocr_line' id='line_1_93' title="bbox 2140 2920 3725 3001; baseline 0.013 -30"><span class='ocrx_word' id='word_1_718' title='bbox 2140 2920 2493 2983; x_wconf 89' lang='lat' dir='ltr'><strong>consumitur,</strong></span> <span class='ocrx_word' id='word_1_719' title='bbox 2542 2939 2646 2975; x_wconf 89' lang='lat' dir='ltr'><strong>non</strong></span> <span class='ocrx_word' id='word_1_720' title='bbox 2679 2923 3002 2993; x_wconf 89' lang='lat' dir='ltr'><strong>impenditur</strong></span> <span class='ocrx_word' id='word_1_721' title='bbox 3031 2946 3044 2981; x_wconf 92' lang='lat'><strong>:</strong></span> <span class='ocrx_word' id='word_1_722' title='bbox 3088 2928 3207 2981; x_wconf 88' lang='lat' dir='ltr'><strong>fons</strong></span> <span class='ocrx_word' id='word_1_723' title='bbox 3237 2932 3450 3001; x_wconf 89' lang='lat' dir='ltr'><strong>quidam</strong></span> <span class='ocrx_word' id='word_1_724' title='bbox 3477 2945 3559 2989; x_wconf 91' lang='lat' dir='ltr'><strong>est</strong></span> <span class='ocrx_word' id='word_1_725' title='bbox 3582 2951 3725 2991; x_wconf 86' lang='lat' dir='ltr'><strong>sem-</strong></span> 
     </span>
    </p>
   </div>
   <div class='ocr_carea' id='block_1_91' title="bbox 2142 3014 3720 3095">
    <p class='ocr_par' dir='ltr' id='par_1_91' title="bbox 2142 3014 3720 3095">
     <span class='ocr_line' id='line_1_94' title="bbox 2142 3014 3720 3095; baseline 0.013 -32"><span class='ocrx_word' id='word_1_726' title='bbox 2142 3026 2235 3076; x_wconf 85' lang='lat' dir='ltr'><strong>per</strong></span> <span class='ocrx_word' id='word_1_727' title='bbox 2257 3014 2584 3076; x_wconf 88' lang='lat' dir='ltr'><strong>scaturiens,</strong></span> <span class='ocrx_word' id='word_1_728' title='bbox 2616 3031 2681 3068; x_wconf 80' lang='lat' dir='ltr'><strong>ex</strong></span> <span class='ocrx_word' id='word_1_729' title='bbox 2712 3017 3045 3086; x_wconf 90' lang='lat' dir='ltr'><strong>plenitudine</strong></span> <span class='ocrx_word' id='word_1_730' title='bbox 3073 3022 3192 3087; x_wconf 90' lang='lat' dir='ltr'><strong>ejus</strong></span> <span class='ocrx_word' id='word_1_731' title='bbox 3226 3039 3414 3081; x_wconf 85' lang='lat' dir='ltr'><strong>omnes</strong></span> <span class='ocrx_word' id='word_1_732' title='bbox 3449 3043 3720 3095; x_wconf 90' lang='lat' dir='ltr'><strong>sanamur,</strong></span> 
     </span>
    </p>
   </div>
   <div class='ocr_carea' id='block_1_92' title="bbox 2139 3104 3725 3183">
    <p class='ocr_par' dir='ltr' id='par_1_92' title="bbox 2139 3104 3725 3183">
     <span class='ocr_line' id='line_1_95' title="bbox 2139 3104 3725 3183; baseline 0.01 -30"><span class='ocrx_word' id='word_1_733' title='bbox 2139 3110 2193 3154; x_wconf 93' lang='lat' dir='ltr'><strong>et</strong></span> <span class='ocrx_word' id='word_1_734' title='bbox 2222 3104 2512 3157; x_wconf 84' lang='lat' dir='ltr'><strong>secundum</strong></span> <span class='ocrx_word' id='word_1_735' title='bbox 2542 3107 2773 3160; x_wconf 89' lang='lat' dir='ltr'><strong>animam</strong></span> <span class='ocrx_word' id='word_1_736' title='bbox 2820 3118 2874 3162; x_wconf 90' lang='lat' dir='ltr'><strong>et</strong></span> <span class='ocrx_word' id='word_1_737' title='bbox 2918 3112 3212 3165; x_wconf 89' lang='lat' dir='ltr'><strong>secundum</strong></span> <span class='ocrx_word' id='word_1_738' title='bbox 3242 3128 3459 3183; x_wconf 90' lang='lat' dir='ltr'><strong>corpus.</strong></span> <span class='ocrx_word' id='word_1_739' title='bbox 3489 3118 3725 3172; x_wconf 86' lang='lat' dir='ltr'><strong>Acceda-</strong></span> 
     </span>
    </p>
   </div>
   <div class='ocr_carea' id='block_1_93' title="bbox 2141 3194 3723 3273">
    <p class='ocr_par' dir='ltr' id='par_1_93' title="bbox 2141 3194 3723 3273">
     <span class='ocr_line' id='line_1_96' title="bbox 2141 3194 3723 3273; baseline 0.013 -28"><span class='ocrx_word' id='word_1_740' title='bbox 2141 3208 2257 3246; x_wconf 84' lang='lat' dir='ltr'><strong>mus</strong></span> <span class='ocrx_word' id='word_1_741' title='bbox 2284 3194 2442 3261; x_wconf 84' lang='lat' dir='ltr'><strong>igitur</strong></span> <span class='ocrx_word' id='word_1_742' title='bbox 2469 3196 2627 3250; x_wconf 92' lang='lat' dir='ltr'><strong>etiam</strong></span> <span class='ocrx_word' id='word_1_743' title='bbox 2658 3214 2818 3251; x_wconf 90' lang='lat' dir='ltr'><strong>nunc.</strong></span> <span class='ocrx_word' id='word_1_744' title='bbox 2852 3199 2982 3253; x_wconf 91' lang='lat' dir='ltr'><strong>Nam</strong></span> <span class='ocrx_word' id='word_1_745' title='bbox 3008 3201 3153 3256; x_wconf 78' lang='lat' dir='ltr'><strong>Raab</strong></span> <span class='ocrx_word' id='word_1_746' title='bbox 3189 3207 3440 3260; x_wconf 73' lang='lat' dir='ltr'><strong>meretrix</strong></span> <span class='ocrx_word' id='word_1_747' title='bbox 3466 3220 3600 3273; x_wconf 89' lang='lat' dir='ltr'><strong>erat,</strong></span> <span class='ocrx_word' id='word_1_748' title='bbox 3628 3212 3723 3265; x_wconf 86' lang='lat' dir='ltr'><strong>sed</strong></span> 
     </span>
    </p>
   </div>
   <div class='ocr_carea' id='block_1_94' title="bbox 2140 3288 3725 3365">
    <p class='ocr_par' dir='ltr' id='par_1_94' title="bbox 2140 3288 3725 3365">
     <span class='ocr_line' id='line_1_97' title="bbox 2140 3288 3725 3365; baseline 0.011 -27"><span class='ocrx_word' id='word_1_749' title='bbox 2140 3295 2348 3339; x_wconf 87' lang='lat' dir='ltr'><strong>servata</strong></span> <span class='ocrx_word' id='word_1_750' title='bbox 2376 3298 2489 3353; x_wconf 89' lang='lat' dir='ltr'><strong>est;</strong></span> <span class='ocrx_word' id='word_1_751' title='bbox 2521 3288 2657 3342; x_wconf 85' lang='lat' dir='ltr'><strong>latro</strong></span> <span class='ocrx_word' id='word_1_752' title='bbox 2701 3289 2965 3345; x_wconf 91' lang='lat' dir='ltr'><strong>homicida</strong></span> <span class='ocrx_word' id='word_1_753' title='bbox 3010 3304 3145 3360; x_wconf 89' lang='lat' dir='ltr'><strong>erat,</strong></span> <span class='ocrx_word' id='word_1_754' title='bbox 3195 3297 3285 3349; x_wconf 84' lang='lat' dir='ltr'><strong>sed</strong></span> <span class='ocrx_word' id='word_1_755' title='bbox 3327 3298 3555 3365; x_wconf 87' lang='lat' dir='ltr'><strong>paradisi</strong></span> <span class='ocrx_word' id='word_1_756' title='bbox 3591 3301 3725 3357; x_wconf 84' lang='lat' dir='ltr'><strong>ciris</strong></span> 
     </span>
    </p>
   </div>
   <div class='ocr_carea' id='block_1_95' title="bbox 2140 3376 3721 3459">
    <p class='ocr_par' dir='ltr' id='par_1_95' title="bbox 2140 3376 3721 3459">
     <span class='ocr_line' id='line_1_98' title="bbox 2140 3376 3721 3459; baseline 0.011 -29"><span class='ocrx_word' id='word_1_757' title='bbox 2140 3376 2362 3432; x_wconf 76' lang='lat' dir='ltr'><strong>effectus</strong></span> <span class='ocrx_word' id='word_1_758' title='bbox 2383 3388 2463 3433; x_wconf 89' lang='lat' dir='ltr'><strong>est</strong></span> <span class='ocrx_word' id='word_1_759' title='bbox 2491 3391 2582 3435; x_wconf 86' lang='lat' dir='ltr'><strong>:et</strong></span> <span class='ocrx_word' id='word_1_760' title='bbox 2609 3380 2793 3448; x_wconf 85' lang='lat' dir='ltr'><strong>Judas,</strong></span> <span class='ocrx_word' id='word_1_761' title='bbox 2824 3384 2911 3452; x_wconf 91' lang='lat' dir='ltr'><strong>qui</strong></span> <span class='ocrx_word' id='word_1_762' title='bbox 2938 3399 3057 3439; x_wconf 93' lang='lat' dir='ltr'><strong>cum</strong></span> <span class='ocrx_word' id='word_1_763' title='bbox 3080 3388 3336 3457; x_wconf 85' lang='lat' dir='ltr'><strong>magistro</strong></span> <span class='ocrx_word' id='word_1_764' title='bbox 3363 3400 3499 3456; x_wconf 74' lang='lat' dir='ltr'><strong>erat,</strong></span> <span class='ocrx_word' id='word_1_765' title='bbox 3530 3393 3721 3459; x_wconf 86' lang='lat' dir='ltr'><strong>periit;</strong></span> 
     </span>
    </p>
   </div>
   <div class='ocr_carea' id='block_1_96' title="bbox 2141 3467 3724 3550">
    <p class='ocr_par' dir='ltr' id='par_1_96' title="bbox 2141 3467 3724 3550">
     <span class='ocr_line' id='line_1_99' title="bbox 2141 3467 3724 3550; baseline 0.011 -31"><span class='ocrx_word' id='word_1_766' title='bbox 2141 3467 2276 3521; x_wconf 86' lang='lat' dir='ltr'><strong>latro</strong></span> <span class='ocrx_word' id='word_1_767' title='bbox 2304 3478 2481 3525; x_wconf 87' lang='lat' dir='ltr'><strong>autem</strong></span> <span class='ocrx_word' id='word_1_768' title='bbox 2511 3512 2526 3533; x_wconf 88' lang='lat'><strong>,</strong></span> <span class='ocrx_word' id='word_1_769' title='bbox 2565 3472 2616 3525; x_wconf 89' lang='lat' dir='ltr'><strong>in</strong></span> <span class='ocrx_word' id='word_1_770' title='bbox 2647 3489 2805 3529; x_wconf 90' lang='lat' dir='ltr'><strong>cruce</strong></span> <span class='ocrx_word' id='word_1_771' title='bbox 2838 3490 2957 3529; x_wconf 92' lang='lat' dir='ltr'><strong>cum</strong></span> <span class='ocrx_word' id='word_1_772' title='bbox 2990 3486 3172 3542; x_wconf 91' lang='lat' dir='ltr'><strong>esset,</strong></span> <span class='ocrx_word' id='word_1_773' title='bbox 3221 3480 3514 3550; x_wconf 88' lang='lat' dir='ltr'><strong>discipulus</strong></span> <span class='ocrx_word' id='word_1_774' title='bbox 3554 3482 3724 3537; x_wconf 91' lang='lat' dir='ltr'><strong>factus</strong></span> 
     </span>
    </p>
   </div>
   <div class='ocr_carea' id='block_1_97' title="bbox 2140 3560 3724 3643">
    <p class='ocr_par' dir='ltr' id='par_1_97' title="bbox 2140 3560 3724 3643">
     <span class='ocr_line' id='line_1_100' title="bbox 2140 3560 3724 3643; baseline 0.01 -31"><span class='ocrx_word' id='word_1_775' title='bbox 2140 3569 2240 3612; x_wconf 83' lang='lat' dir='ltr'><strong>est.</strong></span> <span class='ocrx_word' id='word_1_776' title='bbox 2292 3560 2415 3615; x_wconf 74' lang='lat' dir='ltr'><strong>[huc</strong></span> <span class='ocrx_word' id='word_1_777' title='bbox 2442 3561 2533 3616; x_wconf 91' lang='lat' dir='ltr'><strong>Dei</strong></span> <span class='ocrx_word' id='word_1_778' title='bbox 2582 3564 2844 3619; x_wconf 90' lang='lat' dir='ltr'><strong>mirabilia</strong></span> <span class='ocrx_word' id='word_1_779' title='bbox 2869 3578 3011 3620; x_wconf 90' lang='lat' dir='ltr'><strong>sunt.</strong></span> <span class='ocrx_word' id='word_1_780' title='bbox 3058 3568 3146 3623; x_wconf 89' lang='lat' dir='ltr'><strong>Sic</strong></span> <span class='ocrx_word' id='word_1_781' title='bbox 3196 3572 3331 3640; x_wconf 88' lang='lat' dir='ltr'><strong>magi</strong></span> <span class='ocrx_word' id='word_1_782' title='bbox 3369 3573 3724 3643; x_wconf 87' lang='lat' dir='ltr'><strong>acccptabiles</strong></span> 
     </span>
    </p>
   </div>
   <div class='ocr_carea' id='block_1_98' title="bbox 2142 3650 3725 3730">
    <p class='ocr_par' dir='ltr' id='par_1_98' title="bbox 2142 3650 3725 3730">
     <span class='ocr_line' id='line_1_101' title="bbox 2142 3650 3725 3730; baseline 0.011 -27"><span class='ocrx_word' id='word_1_783' title='bbox 2142 3650 2395 3716; x_wconf 87' lang='lat' dir='ltr'><strong>fuerunt;</strong></span> <span class='ocrx_word' id='word_1_784' title='bbox 2441 3655 2519 3708; x_wconf 92' lang='lat' dir='ltr'><strong>sic</strong></span> <span class='ocrx_word' id='word_1_785' title='bbox 2564 3656 2879 3725; x_wconf 85' lang='lat' dir='ltr'><strong>publicanus</strong></span> <span class='ocrx_word' id='word_1_786' title='bbox 2917 3661 3241 3730; x_wconf 86' lang='lat' dir='ltr'><strong>evangelista</strong></span> <span class='ocrx_word' id='word_1_787' title='bbox 3288 3665 3456 3718; x_wconf 83' lang='lat' dir='ltr'><strong>factus</strong></span> <span class='ocrx_word' id='word_1_788' title='bbox 3496 3674 3617 3730; x_wconf 87' lang='lat' dir='ltr'><strong>est;</strong></span> <span class='ocrx_word' id='word_1_789' title='bbox 3647 3667 3725 3721; x_wconf 89' lang='lat' dir='ltr'><strong>sic</strong></span> 
     </span>
    </p>
   </div>
   <div class='ocr_carea' id='block_1_99' title="bbox 2141 3741 2929 3816">
    <p class='ocr_par' dir='ltr' id='par_1_99' title="bbox 2141 3741 2929 3816">
     <span class='ocr_line' id='line_1_102' title="bbox 2141 3741 2929 3816; baseline 0.009 -21"><span class='ocrx_word' id='word_1_790' title='bbox 2141 3741 2485 3807; x_wconf 87' lang='lat' dir='ltr'><strong>blasphemus</strong></span> <span class='ocrx_word' id='word_1_791' title='bbox 2510 3743 2608 3798; x_wconf 92' lang='lat' dir='ltr'><strong>fuit</strong></span> <span class='ocrx_word' id='word_1_792' title='bbox 2636 3747 2929 3816; x_wconf 90' lang='lat' dir='ltr'><strong>apostolus.</strong></span> 
     </span>
    </p>
   </div>
   <div class='ocr_carea' id='block_1_100' title="bbox 2214 3868 3727 3947">
    <p class='ocr_par' dir='ltr' id='par_1_100' title="bbox 2214 3868 3727 3947">
     <span class='ocr_line' id='line_1_103' title="bbox 2214 3868 3727 3947; baseline 0.011 -27"><span class='ocrx_word' id='word_1_793' title='bbox 2214 3868 2266 3920; x_wconf 76' lang='lat'><strong>5.</strong></span> <span class='ocrx_word' id='word_1_794' title='bbox 2316 3868 2531 3924; x_wconf 82' lang='lat' dir='ltr'><strong>Moralis</strong></span> <span class='ocrx_word' id='word_1_795' title='bbox 2560 3872 2846 3928; x_wconf 76' lang='lat' dir='ltr'><strong>exhortatio</strong></span> <span class='ocrx_word' id='word_1_796' title='bbox 2871 3875 2939 3927; x_wconf 87' lang='lat' dir='ltr'><strong>ad</strong></span> <span class='ocrx_word' id='word_1_797' title='bbox 2978 3876 3170 3931; x_wconf 87' lang='lat' dir='ltr'><strong>labores</strong></span> <span class='ocrx_word' id='word_1_798' title='bbox 3199 3879 3311 3932; x_wconf 72' lang='lat' dir='ltr'><strong>vita:</strong></span> <span class='ocrx_word' id='word_1_799' title='bbox 3337 3880 3581 3947; x_wconf 88' lang='lat' dir='ltr'><strong>patienter</strong></span> <span class='ocrx_word' id='word_1_800' title='bbox 3610 3883 3727 3936; x_wconf 83' lang='lat' dir='ltr'><strong>tole-</strong></span> 
     </span>
    </p>
   </div>
   <div class='ocr_carea' id='block_1_101' title="bbox 2140 3960 3739 4041">
    <p class='ocr_par' dir='ltr' id='par_1_101' title="bbox 2140 3960 3739 4041">
     <span class='ocr_line' id='line_1_104' title="bbox 2140 3960 3739 4041; baseline 0.01 -29"><span class='ocrx_word' id='word_1_801' title='bbox 2140 3962 2345 4016; x_wconf 82' lang='lat' dir='ltr'><strong>randos.</strong></span> <span class='ocrx_word' id='word_1_802' title='bbox 2377 3993 2448 4002; x_wconf 89' lang='lat'><strong>-—</strong></span> <span class='ocrx_word' id='word_1_803' title='bbox 2471 3963 2594 4019; x_wconf 84' lang='lat' dir='ltr'><strong>H:ec</strong></span> <span class='ocrx_word' id='word_1_804' title='bbox 2620 3968 2901 4036; x_wconf 87' lang='lat' dir='ltr'><strong>eonspiee,</strong></span> <span class='ocrx_word' id='word_1_805' title='bbox 2929 3978 2984 4024; x_wconf 84' lang='lat' dir='ltr'><strong>et</strong></span> <span class='ocrx_word' id='word_1_806' title='bbox 3013 3985 3299 4040; x_wconf 83' lang='lat' dir='ltr'><strong>numquam</strong></span> <span class='ocrx_word' id='word_1_807' title='bbox 3326 3972 3600 4041; x_wconf 85' lang='lat' dir='ltr'><strong>deSperes,</strong></span> <span class='ocrx_word' id='word_1_808' title='bbox 3631 3960 3739 4028; x_wconf 30' lang='lat' dir='ltr'><strong>sed.</strong></span> 
     </span>
    </p>
   </div>
   <div class='ocr_carea' id='block_1_102' title="bbox 2141 4056 3722 4131">
    <p class='ocr_par' dir='ltr' id='par_1_102' title="bbox 2141 4056 3722 4131">
     <span class='ocr_line' id='line_1_105' title="bbox 2141 4056 3722 4131; baseline 0.008 -26"><span class='ocrx_word' id='word_1_809' title='bbox 2141 4068 2353 4122; x_wconf 89' lang='lat' dir='ltr'><strong>semper</strong></span> <span class='ocrx_word' id='word_1_810' title='bbox 2373 4056 2602 4120; x_wconf 77' lang='lat' dir='ltr'><strong>confide,</strong></span> <span class='ocrx_word' id='word_1_811' title='bbox 2637 4067 2691 4112; x_wconf 90' lang='lat' dir='ltr'><strong>et</strong></span> <span class='ocrx_word' id='word_1_812' title='bbox 2715 4060 2890 4113; x_wconf 85' lang='lat' dir='ltr'><strong>excita</strong></span> <span class='ocrx_word' id='word_1_813' title='bbox 2919 4062 3167 4131; x_wconf 90' lang='lat' dir='ltr'><strong>teipsmn.</strong></span> <span class='ocrx_word' id='word_1_814' title='bbox 3194 4064 3345 4118; x_wconf 81' lang='lat' dir='ltr'><strong>Viam</strong></span> <span class='ocrx_word' id='word_1_815' title='bbox 3372 4065 3545 4120; x_wconf 87' lang='lat' dir='ltr'><strong>solum</strong></span> <span class='ocrx_word' id='word_1_816' title='bbox 3574 4066 3722 4131; x_wconf 89' lang='lat' dir='ltr'><strong>inito,</strong></span> 
     </span>
    </p>
   </div>
   <div class='ocr_carea' id='block_1_103' title="bbox 2142 4146 3723 4227">
    <p class='ocr_par' dir='ltr' id='par_1_103' title="bbox 2142 4146 3723 4227">
     <span class='ocr_line' id='line_1_106' title="bbox 2142 4146 3723 4227; baseline 0.009 -31"><span class='ocrx_word' id='word_1_817' title='bbox 2142 4162 2260 4215; x_wconf 76' lang='lat' dir='ltr'><strong>quae</strong></span> <span class='ocrx_word' id='word_1_818' title='bbox 2292 4146 2380 4201; x_wconf 87' lang='lat' dir='ltr'><strong>illo</strong></span> <span class='ocrx_word' id='word_1_819' title='bbox 2401 4147 2564 4216; x_wconf 87' lang='lat' dir='ltr'><strong>ducit,</strong></span> <span class='ocrx_word' id='word_1_820' title='bbox 2591 4158 2644 4204; x_wconf 90' lang='lat' dir='ltr'><strong>et</strong></span> <span class='ocrx_word' id='word_1_821' title='bbox 2664 4151 2914 4207; x_wconf 85' lang='lat' dir='ltr'><strong>celeriter</strong></span> <span class='ocrx_word' id='word_1_822' title='bbox 2943 4153 3155 4210; x_wconf 89' lang='lat' dir='ltr'><strong>incede.</strong></span> <span class='ocrx_word' id='word_1_823' title='bbox 3182 4155 3257 4210; x_wconf 85' lang='lat' dir='ltr'><strong>Ne</strong></span> <span class='ocrx_word' id='word_1_824' title='bbox 3275 4156 3491 4211; x_wconf 89' lang='lat' dir='ltr'><strong>claudas</strong></span> <span class='ocrx_word' id='word_1_825' title='bbox 3510 4157 3723 4227; x_wconf 79' lang='lat' dir='ltr'><strong>jauuas,</strong></span> 
     </span>
    </p>
   </div>
   <div class='ocr_carea' id='block_1_104' title="bbox 2142 4241 3721 4320">
    <p class='ocr_par' dir='ltr' id='par_1_104' title="bbox 2142 4241 3721 4320">
     <span class='ocr_line' id='line_1_107' title="bbox 2142 4241 3721 4320; baseline 0.008 -29"><span class='ocrx_word' id='word_1_826' title='bbox 2142 4241 2532 4309; x_wconf 83' lang='lat' dir='ltr'><strong>neingressum</strong></span> <span class='ocrx_word' id='word_1_827' title='bbox 2581 4244 2845 4314; x_wconf 84' lang='lat' dir='ltr'><strong>obsepias.</strong></span> <span class='ocrx_word' id='word_1_828' title='bbox 2876 4248 3042 4302; x_wconf 82' lang='lat' dir='ltr'><strong>Breve</strong></span> <span class='ocrx_word' id='word_1_829' title='bbox 3066 4258 3147 4303; x_wconf 90' lang='lat' dir='ltr'><strong>est</strong></span> <span class='ocrx_word' id='word_1_830' title='bbox 3196 4263 3429 4319; x_wconf 63' lang='lat' dir='ltr'><strong>pra-scus</strong></span> <span class='ocrx_word' id='word_1_831' title='bbox 3479 4259 3721 4320; x_wconf 86' lang='lat' dir='ltr'><strong>tempus,</strong></span> 
     </span>
    </p>
   </div>
   <div class='ocr_carea' id='block_1_105' title="bbox 2146 4335 3723 4413">
    <p class='ocr_par' dir='ltr' id='par_1_105' title="bbox 2146 4335 3723 4413">
     <span class='ocr_line' id='line_1_108' title="bbox 2146 4335 3723 4413; baseline 0.006 -27"><span class='ocrx_word' id='word_1_832' title='bbox 2146 4348 2337 4401; x_wconf 78' lang='lat' dir='ltr'><strong>parvus</strong></span> <span class='ocrx_word' id='word_1_833' title='bbox 2361 4335 2527 4388; x_wconf 88' lang='lat' dir='ltr'><strong>labor.</strong></span> <span class='ocrx_word' id='word_1_834' title='bbox 2573 4337 2791 4391; x_wconf 81' lang='lat' dir='ltr'><strong>Etiamsi</strong></span> <span class='ocrx_word' id='word_1_835' title='bbox 2832 4356 3052 4409; x_wconf 84' lang='lat' dir='ltr'><strong>magnus</strong></span> <span class='ocrx_word' id='word_1_836' title='bbox 3078 4352 3222 4397; x_wconf 87' lang='lat' dir='ltr'><strong>esset</strong></span> <span class='ocrx_word' id='word_1_837' title='bbox 3254 4386 3269 4409; x_wconf 87' lang='lat'><strong>,</strong></span> <span class='ocrx_word' id='word_1_838' title='bbox 3294 4358 3363 4397; x_wconf 91' lang='lat' dir='ltr'><strong>ne</strong></span> <span class='ocrx_word' id='word_1_839' title='bbox 3392 4346 3469 4398; x_wconf 90' lang='lat' dir='ltr'><strong>sic</strong></span> <span class='ocrx_word' id='word_1_840' title='bbox 3512 4344 3723 4413; x_wconf 90' lang='lat' dir='ltr'><strong>quidem</strong></span> 
     </span>
    </p>
   </div>
   <div class='ocr_carea' id='block_1_106' title="bbox 2145 4422 3728 4503">
    <p class='ocr_par' dir='ltr' id='par_1_106' title="bbox 2145 4422 3728 4503">
     <span class='ocr_line' id='line_1_109' title="bbox 2145 4422 3728 4503; baseline 0.008 -27"><span class='ocrx_word' id='word_1_841' title='bbox 2145 4422 2433 4494; x_wconf 87' lang='lat' dir='ltr'><strong>desperare</strong></span> <span class='ocrx_word' id='word_1_842' title='bbox 2489 4435 2784 4495; x_wconf 89' lang='lat' dir='ltr'><strong>oporteret.</strong></span> <span class='ocrx_word' id='word_1_843' title='bbox 2833 4429 3051 4483; x_wconf 82' lang='lat' dir='ltr'><strong>Etiamsi</strong></span> <span class='ocrx_word' id='word_1_844' title='bbox 3092 4434 3232 4485; x_wconf 90' lang='lat' dir='ltr'><strong>enim</strong></span> <span class='ocrx_word' id='word_1_845' title='bbox 3265 4449 3406 4487; x_wconf 90' lang='lat' dir='ltr'><strong>nunc</strong></span> <span class='ocrx_word' id='word_1_846' title='bbox 3432 4432 3728 4503; x_wconf 83' lang='lat' dir='ltr'><strong>pulcherri-</strong></span> 
     </span>
    </p>
   </div>
   <div class='ocr_carea' id='block_1_107' title="bbox 2148 4517 3724 4588">
    <p class='ocr_par' dir='ltr' id='par_1_107' title="bbox 2148 4517 3724 4588">
     <span class='ocr_line' id='line_1_110' title="bbox 2148 4517 3724 4588; baseline 0.004 -17"><span class='ocrx_word' id='word_1_847' title='bbox 2148 4533 2291 4571; x_wconf 89' lang='lat' dir='ltr'><strong>mum</strong></span> <span class='ocrx_word' id='word_1_848' title='bbox 2316 4517 2572 4584; x_wconf 87' lang='lat' dir='ltr'><strong>laborem,</strong></span> <span class='ocrx_word' id='word_1_849' title='bbox 2621 4534 2776 4587; x_wconf 85' lang='lat' dir='ltr'><strong>quem</strong></span> <span class='ocrx_word' id='word_1_850' title='bbox 2812 4521 3120 4587; x_wconf 75' lang='lat' dir='ltr'><strong>pmnitentia</strong></span> <span class='ocrx_word' id='word_1_851' title='bbox 3167 4532 3221 4577; x_wconf 89' lang='lat' dir='ltr'><strong>et</strong></span> <span class='ocrx_word' id='word_1_852' title='bbox 3262 4524 3429 4577; x_wconf 87' lang='lat' dir='ltr'><strong>virtus</strong></span> <span class='ocrx_word' id='word_1_853' title='bbox 3473 4526 3724 4588; x_wconf 74' lang='lat' dir='ltr'><strong>afferunt,</strong></span> 
     </span>
    </p>
   </div>
   <div class='ocr_carea' id='block_1_108' title="bbox 2146 4609 3731 4677">
    <p class='ocr_par' dir='ltr' id='par_1_108' title="bbox 2146 4609 3731 4677">
     <span class='ocr_line' id='line_1_111' title="bbox 2146 4609 3731 4677; baseline 0.004 -15"><span class='ocrx_word' id='word_1_854' title='bbox 2146 4624 2251 4663; x_wconf 91' lang='lat' dir='ltr'><strong>non</strong></span> <span class='ocrx_word' id='word_1_855' title='bbox 2281 4609 2560 4677; x_wconf 84' lang='lat' dir='ltr'><strong>suscipias,</strong></span> <span class='ocrx_word' id='word_1_856' title='bbox 2595 4610 2643 4662; x_wconf 91' lang='lat' dir='ltr'><strong>in</strong></span> <span class='ocrx_word' id='word_1_857' title='bbox 2674 4610 2872 4663; x_wconf 85' lang='lat' dir='ltr'><strong>mundo</strong></span> <span class='ocrx_word' id='word_1_858' title='bbox 2903 4623 3047 4665; x_wconf 88' lang='lat' dir='ltr'><strong>certe</strong></span> <span class='ocrx_word' id='word_1_859' title='bbox 3070 4612 3336 4667; x_wconf 89' lang='lat' dir='ltr'><strong>laborabis</strong></span> <span class='ocrx_word' id='word_1_860' title='bbox 3361 4623 3414 4668; x_wconf 90' lang='lat' dir='ltr'><strong>et</strong></span> <span class='ocrx_word' id='word_1_861' title='bbox 3437 4614 3543 4667; x_wconf 89' lang='lat' dir='ltr'><strong>alio</strong></span> <span class='ocrx_word' id='word_1_862' title='bbox 3568 4614 3731 4669; x_wconf 84' lang='lat' dir='ltr'><strong>modo</strong></span> 
     </span>
    </p>
   </div>
   <div class='ocr_carea' id='block_1_109' title="bbox 2145 4700 3728 4770">
    <p class='ocr_par' dir='ltr' id='par_1_109' title="bbox 2145 4700 3728 4770">
     <span class='ocr_line' id='line_1_112' title="bbox 2145 4700 3728 4770; baseline 0.003 -15"><span class='ocrx_word' id='word_1_863' title='bbox 2145 4700 2380 4755; x_wconf 86' lang='lat' dir='ltr'><strong>sudabis.</strong></span> <span class='ocrx_word' id='word_1_864' title='bbox 2405 4700 2554 4769; x_wconf 88' lang='lat' dir='ltr'><strong>Quod</strong></span> <span class='ocrx_word' id='word_1_865' title='bbox 2583 4700 2626 4753; x_wconf 89' lang='lat' dir='ltr'><strong>sl</strong></span> <span class='ocrx_word' id='word_1_866' title='bbox 2662 4712 2713 4754; x_wconf 92' lang='lat' dir='ltr'><strong>et</strong></span> <span class='ocrx_word' id='word_1_867' title='bbox 2742 4701 2827 4756; x_wconf 90' lang='lat' dir='ltr'><strong>hic</strong></span> <span class='ocrx_word' id='word_1_868' title='bbox 2873 4710 2926 4756; x_wconf 91' lang='lat' dir='ltr'><strong>et</strong></span> <span class='ocrx_word' id='word_1_869' title='bbox 2960 4703 3069 4757; x_wconf 91' lang='lat' dir='ltr'><strong>illic</strong></span> <span class='ocrx_word' id='word_1_870' title='bbox 3109 4703 3258 4758; x_wconf 91' lang='lat' dir='ltr'><strong>labor</strong></span> <span class='ocrx_word' id='word_1_871' title='bbox 3304 4715 3385 4758; x_wconf 88' lang='lat' dir='ltr'><strong>est</strong></span> <span class='ocrx_word' id='word_1_872' title='bbox 3410 4745 3426 4770; x_wconf 99' lang='lat'><strong>,</strong></span> <span class='ocrx_word' id='word_1_873' title='bbox 3473 4721 3568 4759; x_wconf 88' lang='lat' dir='ltr'><strong>cur</strong></span> <span class='ocrx_word' id='word_1_874' title='bbox 3618 4722 3728 4761; x_wconf 89' lang='lat' dir='ltr'><strong>non</strong></span> 
     </span>
    </p>
   </div>
   <div class='ocr_carea' id='block_1_110' title="bbox 2147 4792 3732 4865">
    <p class='ocr_par' dir='ltr' id='par_1_110' title="bbox 2147 4792 3732 4865">
     <span class='ocr_line' id='line_1_113' title="bbox 2147 4792 3732 4865; baseline 0.003 -19"><span class='ocrx_word' id='word_1_875' title='bbox 2147 4792 2291 4849; x_wconf 88' lang='lat' dir='ltr'><strong>hunc</strong></span> <span class='ocrx_word' id='word_1_876' title='bbox 2332 4792 2566 4847; x_wconf 88' lang='lat' dir='ltr'><strong>laborem</strong></span> <span class='ocrx_word' id='word_1_877' title='bbox 2604 4794 2925 4863; x_wconf 90' lang='lat' dir='ltr'><strong>suscipimus</strong></span> <span class='ocrx_word' id='word_1_878' title='bbox 2957 4835 2971 4858; x_wconf 92' lang='lat'><strong>,</strong></span> <span class='ocrx_word' id='word_1_879' title='bbox 3022 4795 3109 4865; x_wconf 92' lang='lat' dir='ltr'><strong>qui</strong></span> <span class='ocrx_word' id='word_1_880' title='bbox 3159 4796 3380 4850; x_wconf 88' lang='lat' dir='ltr'><strong>multum</strong></span> <span class='ocrx_word' id='word_1_881' title='bbox 3423 4796 3576 4851; x_wconf 77' lang='lat' dir='ltr'><strong>affert</strong></span> <span class='ocrx_word' id='word_1_882' title='bbox 3621 4797 3732 4850; x_wconf 88' lang='lat' dir='ltr'><strong>fru-</strong></span> 
     </span>
    </p>
   </div>
   <div class='ocr_carea' id='block_1_111' title="bbox 2146 4883 3730 4955">
    <p class='ocr_par' dir='ltr' id='par_1_111' title="bbox 2146 4883 3730 4955">
     <span class='ocr_line' id='line_1_114' title="bbox 2146 4883 3730 4955; baseline 0.003 -19"><span class='ocrx_word' id='word_1_883' title='bbox 2146 4891 2287 4938; x_wconf 80' lang='lat' dir='ltr'><strong>ctum</strong></span> <span class='ocrx_word' id='word_1_884' title='bbox 2320 4891 2374 4936; x_wconf 88' lang='lat' dir='ltr'><strong>et</strong></span> <span class='ocrx_word' id='word_1_885' title='bbox 2412 4898 2657 4952; x_wconf 86' lang='lat' dir='ltr'><strong>magnam</strong></span> <span class='ocrx_word' id='word_1_886' title='bbox 2706 4883 3007 4937; x_wconf 78' lang='lat' dir='ltr'><strong>mercedem</strong></span> <span class='ocrx_word' id='word_1_887' title='bbox 3035 4884 3057 4937; x_wconf 72' lang='grc' dir='ltr'><strong>ξ’</strong></span> <span class='ocrx_word' id='word_1_888' title='bbox 3086 4883 3419 4955; x_wconf 78' lang='lat' dir='ltr'><strong>Quamquam</strong></span> <span class='ocrx_word' id='word_1_889' title='bbox 3452 4902 3555 4940; x_wconf 91' lang='lat' dir='ltr'><strong>non</strong></span> <span class='ocrx_word' id='word_1_890' title='bbox 3589 4887 3730 4941; x_wconf 92' lang='lat' dir='ltr'><strong>idem</strong></span> 
     </span>
    </p>
   </div>
   <div class='ocr_carea' id='block_1_112' title="bbox 2147 4972 3725 5046">
    <p class='ocr_par' dir='ltr' id='par_1_112' title="bbox 2147 4972 3725 5046">
     <span class='ocr_line' id='line_1_115' title="bbox 2147 4972 3725 5046; baseline 0.002 -19"><span class='ocrx_word' id='word_1_891' title='bbox 2147 4972 2234 5028; x_wconf 75' lang='lat' dir='ltr'><strong>hic</strong></span> <span class='ocrx_word' id='word_1_892' title='bbox 2287 4972 2437 5029; x_wconf 89' lang='lat' dir='ltr'><strong>labor</strong></span> <span class='ocrx_word' id='word_1_893' title='bbox 2475 4976 2562 5044; x_wconf 89' lang='lat' dir='ltr'><strong>qui</strong></span> <span class='ocrx_word' id='word_1_894' title='bbox 2601 4974 2729 5029; x_wconf 90' lang='lat' dir='ltr'><strong>illic.</strong></span> <span class='ocrx_word' id='word_1_895' title='bbox 2762 4973 2817 5028; x_wconf 88' lang='lat' dir='ltr'><strong>In</strong></span> <span class='ocrx_word' id='word_1_896' title='bbox 2861 4975 3204 5030; x_wconf 64' lang='lat' dir='ltr'><strong>surcularibus</strong></span> <span class='ocrx_word' id='word_1_897' title='bbox 3248 4976 3389 5030; x_wconf 90' lang='lat' dir='ltr'><strong>enim</strong></span> <span class='ocrx_word' id='word_1_898' title='bbox 3426 4975 3725 5046; x_wconf 85' lang='lat' dir='ltr'><strong>frequentia</strong></span> 
     </span>
    </p>
   </div>
   <div class='ocr_carea' id='block_1_113' title="bbox 2147 5066 3735 5140">
    <p class='ocr_par' dir='ltr' id='par_1_113' title="bbox 2147 5066 3735 5140">
     <span class='ocr_line' id='line_1_116' title="bbox 2147 5066 3735 5140; baseline 0.002 -19"><span class='ocrx_word' id='word_1_899' title='bbox 2147 5069 2403 5136; x_wconf 78' lang='lat' dir='ltr'><strong>pericula,</strong></span> <span class='ocrx_word' id='word_1_900' title='bbox 2432 5066 2623 5121; x_wconf 89' lang='lat' dir='ltr'><strong>damna</strong></span> <span class='ocrx_word' id='word_1_901' title='bbox 2672 5068 2771 5122; x_wconf 89' lang='lat' dir='ltr'><strong>sibi</strong></span> <span class='ocrx_word' id='word_1_902' title='bbox 2814 5078 2996 5122; x_wconf 90' lang='lat' dir='ltr'><strong>mutuo</strong></span> <span class='ocrx_word' id='word_1_903' title='bbox 3041 5068 3381 5124; x_wconf 90' lang='lat' dir='ltr'><strong>succcdentia</strong></span> <span class='ocrx_word' id='word_1_904' title='bbox 3412 5112 3427 5137; x_wconf 88' lang='lat'><strong>,</strong></span> <span class='ocrx_word' id='word_1_905' title='bbox 3475 5085 3599 5140; x_wconf 90' lang='lat' dir='ltr'><strong>spes</strong></span> <span class='ocrx_word' id='word_1_906' title='bbox 3654 5072 3735 5124; x_wconf 82' lang='lat' dir='ltr'><strong>in—</strong></span> 
     </span>
    </p>
   </div>
   <div class='ocr_carea' id='block_1_114' title="bbox 2146 5161 3732 5232">
    <p class='ocr_par' dir='ltr' id='par_1_114' title="bbox 2146 5161 3732 5232">
     <span class='ocr_line' id='line_1_117' title="bbox 2146 5161 3732 5232; baseline 0.001 -17"><span class='ocrx_word' id='word_1_907' title='bbox 2146 5172 2312 5223; x_wconf 89' lang='lat' dir='ltr'><strong>certa,</strong></span> <span class='ocrx_word' id='word_1_908' title='bbox 2339 5161 2567 5215; x_wconf 83' lang='lat' dir='ltr'><strong>servitus</strong></span> <span class='ocrx_word' id='word_1_909' title='bbox 2622 5161 2810 5227; x_wconf 90' lang='lat' dir='ltr'><strong>multa,</strong></span> <span class='ocrx_word' id='word_1_910' title='bbox 2847 5162 3190 5230; x_wconf 89' lang='lat' dir='ltr'><strong>pecuniarum</strong></span> <span class='ocrx_word' id='word_1_911' title='bbox 3225 5204 3240 5229; x_wconf 97' lang='lat'><strong>,</strong></span> <span class='ocrx_word' id='word_1_912' title='bbox 3291 5178 3573 5232; x_wconf 90' lang='lat' dir='ltr'><strong>corporum</strong></span> <span class='ocrx_word' id='word_1_913' title='bbox 3609 5204 3625 5228; x_wconf 96' lang='lat'><strong>,</strong></span> <span class='ocrx_word' id='word_1_914' title='bbox 3680 5174 3732 5217; x_wconf 89' lang='lat' dir='ltr'><strong>et</strong></span> 
     </span>
    </p>
   </div>
   <div class='ocr_carea' id='block_1_115' title="bbox 2147 5251 3735 5326">
    <p class='ocr_par' dir='ltr' id='par_1_115' title="bbox 2147 5251 3735 5326">
     <span class='ocr_line' id='line_1_118' title="bbox 2147 5251 3735 5326; baseline 0.003 -21"><span class='ocrx_word' id='word_1_915' title='bbox 2147 5251 2339 5305; x_wconf 75' lang='lat' dir='ltr'><strong>anima:</strong></span> <span class='ocrx_word' id='word_1_916' title='bbox 2367 5252 2664 5321; x_wconf 78' lang='lat' dir='ltr'><strong>dispendia,</strong></span> <span class='ocrx_word' id='word_1_917' title='bbox 2694 5262 2748 5307; x_wconf 91' lang='lat' dir='ltr'><strong>et</strong></span> <span class='ocrx_word' id='word_1_918' title='bbox 2787 5253 3051 5306; x_wconf 86' lang='lat' dir='ltr'><strong>fructuum</strong></span> <span class='ocrx_word' id='word_1_919' title='bbox 3106 5265 3396 5324; x_wconf 89' lang='lat' dir='ltr'><strong>proventus</strong></span> <span class='ocrx_word' id='word_1_920' title='bbox 3446 5272 3541 5325; x_wconf 83' lang='lat' dir='ltr'><strong>spe</strong></span> <span class='ocrx_word' id='word_1_921' title='bbox 3577 5257 3735 5326; x_wconf 87' lang='lat' dir='ltr'><strong>longe</strong></span> 
     </span>
    </p>
   </div>
   <div class='ocr_carea' id='block_1_116' title="bbox 2149 5345 3730 5416">
    <p class='ocr_par' dir='ltr' id='par_1_116' title="bbox 2149 5345 3730 5416">
     <span class='ocr_line' id='line_1_119' title="bbox 2149 5345 3730 5416; baseline 0.004 -19"><span class='ocrx_word' id='word_1_922' title='bbox 2149 5345 2404 5409; x_wconf 89' lang='lat' dir='ltr'><strong>minores,</strong></span> <span class='ocrx_word' id='word_1_923' title='bbox 2439 5346 2483 5398; x_wconf 93' lang='lat' dir='ltr'><strong>si</strong></span> <span class='ocrx_word' id='word_1_924' title='bbox 2511 5353 2686 5399; x_wconf 88' lang='lat' dir='ltr'><strong>tamen</strong></span> <span class='ocrx_word' id='word_1_925' title='bbox 2716 5346 2931 5399; x_wconf 88' lang='lat' dir='ltr'><strong>veniant</strong></span> <span class='ocrx_word' id='word_1_926' title='bbox 2970 5364 2982 5401; x_wconf 93' lang='lat'>:</span> <span class='ocrx_word' id='word_1_927' title='bbox 3016 5363 3187 5416; x_wconf 90' lang='lat' dir='ltr'><strong>neque</strong></span> <span class='ocrx_word' id='word_1_928' title='bbox 3212 5349 3353 5402; x_wconf 90' lang='lat' dir='ltr'><strong>enim</strong></span> <span class='ocrx_word' id='word_1_929' title='bbox 3394 5350 3730 5403; x_wconf 69' lang='lat' dir='ltr'><strong>srrcularium</strong></span> 
     </span>
    </p>
   </div>
   <div class='ocr_carea' id='block_1_117' title="bbox 2149 5435 3719 5508">
    <p class='ocr_par' dir='ltr' id='par_1_117' title="bbox 2149 5435 3719 5508">
     <span class='ocr_line' id='line_1_120' title="bbox 2149 5435 3719 5508; baseline 0.006 -20"><span class='ocrx_word' id='word_1_930' title='bbox 2149 5451 2324 5489; x_wconf 89' lang='lat' dir='ltr'><strong>rerum</strong></span> <span class='ocrx_word' id='word_1_931' title='bbox 2354 5435 2578 5490; x_wconf 87' lang='lat' dir='ltr'><strong>sudores</strong></span> <span class='ocrx_word' id='word_1_932' title='bbox 2624 5436 2853 5491; x_wconf 91' lang='lat' dir='ltr'><strong>fructum</strong></span> <span class='ocrx_word' id='word_1_933' title='bbox 2902 5453 3116 5508; x_wconf 88' lang='lat' dir='ltr'><strong>semper</strong></span> <span class='ocrx_word' id='word_1_934' title='bbox 3142 5440 3389 5496; x_wconf 78' lang='lat' dir='ltr'><strong>afferunt.</strong></span> <span class='ocrx_word' id='word_1_935' title='bbox 3443 5441 3719 5497; x_wconf 79' lang='lat' dir='ltr'><strong>Verumta-</strong></span> 
     </span>
    </p>
   </div>
   <div class='ocr_carea' id='block_1_118' title="bbox 2150 5530 3734 5607">
    <p class='ocr_par' dir='ltr' id='par_1_118' title="bbox 2150 5530 3734 5607">
     <span class='ocr_line' id='line_1_121' title="bbox 2150 5530 3734 5607; baseline 0.007 -25"><span class='ocrx_word' id='word_1_936' title='bbox 2150 5544 2269 5582; x_wconf 88' lang='lat' dir='ltr'><strong>men</strong></span> <span class='ocrx_word' id='word_1_937' title='bbox 2299 5530 2397 5583; x_wconf 89' lang='lat' dir='ltr'><strong>etsi</strong></span> <span class='ocrx_word' id='word_1_938' title='bbox 2431 5544 2535 5583; x_wconf 87' lang='lat' dir='ltr'><strong>non</strong></span> <span class='ocrx_word' id='word_1_939' title='bbox 2573 5531 2860 5598; x_wconf 80' lang='lat' dir='ltr'><strong>excidant,</strong></span> <span class='ocrx_word' id='word_1_940' title='bbox 2896 5533 3102 5589; x_wconf 92' lang='lat' dir='ltr'><strong>etiamsi</strong></span> <span class='ocrx_word' id='word_1_941' title='bbox 3136 5536 3358 5590; x_wconf 88' lang='lat' dir='ltr'><strong>multmn</strong></span> <span class='ocrx_word' id='word_1_942' title='bbox 3413 5548 3734 5607; x_wconf 88' lang='lat' dir='ltr'><strong>proventum</strong></span> 
     </span>
    </p>
   </div>
   <div class='ocr_carea' id='block_1_119' title="bbox 2148 5620 3723 5693">
    <p class='ocr_par' dir='ltr' id='par_1_119' title="bbox 2148 5620 3723 5693">
     <span class='ocr_line' id='line_1_122' title="bbox 2148 5620 3723 5693; baseline 0.008 -20"><span class='ocrx_word' id='word_1_943' title='bbox 2148 5620 2405 5689; x_wconf 85' lang='lat' dir='ltr'><strong>afferant,</strong></span> <span class='ocrx_word' id='word_1_944' title='bbox 2460 5622 2671 5678; x_wconf 91' lang='lat' dir='ltr'><strong>modico</strong></span> <span class='ocrx_word' id='word_1_945' title='bbox 2703 5634 2943 5693; x_wconf 89' lang='lat' dir='ltr'><strong>tempore</strong></span> <span class='ocrx_word' id='word_1_946' title='bbox 2992 5637 3230 5682; x_wconf 90' lang='lat' dir='ltr'><strong>manent.</strong></span> <span class='ocrx_word' id='word_1_947' title='bbox 3263 5628 3396 5683; x_wconf 90' lang='lat' dir='ltr'><strong>Cum</strong></span> <span class='ocrx_word' id='word_1_948' title='bbox 3451 5631 3593 5685; x_wconf 89' lang='lat' dir='ltr'><strong>enim</strong></span> <span class='ocrx_word' id='word_1_949' title='bbox 3639 5646 3723 5685; x_wconf 87' lang='lat' dir='ltr'><strong>sc-</strong></span> 
     </span>
    </p>
   </div>
   <div class='ocr_carea' id='block_1_120' title="bbox 2155 5713 3728 5787">
    <p class='ocr_par' dir='ltr' id='par_1_120' title="bbox 2155 5713 3728 5787">
     <span class='ocr_line' id='line_1_123' title="bbox 2155 5713 3728 5787; baseline 0.008 -21"><span class='ocrx_word' id='word_1_950' title='bbox 2155 5713 2354 5782; x_wconf 86' lang='lat' dir='ltr'><strong>nueris,</strong></span> <span class='ocrx_word' id='word_1_951' title='bbox 2381 5730 2478 5770; x_wconf 91' lang='lat' dir='ltr'><strong>nec</strong></span> <span class='ocrx_word' id='word_1_952' title='bbox 2507 5714 2675 5785; x_wconf 86' lang='lat' dir='ltr'><strong>possis</strong></span> <span class='ocrx_word' id='word_1_953' title='bbox 2702 5715 2765 5771; x_wconf 88' lang='lat' dir='ltr'><strong>iis</strong></span> <span class='ocrx_word' id='word_1_954' title='bbox 2811 5732 2908 5787; x_wconf 70' lang='lat' dir='ltr'><strong>pro</strong></span> <span class='ocrx_word' id='word_1_955' title='bbox 2950 5727 3072 5774; x_wconf 81' lang='lat' dir='ltr'><strong>voto</strong></span> <span class='ocrx_word' id='word_1_956' title='bbox 3102 5716 3225 5787; x_wconf 88' lang='lat' dir='ltr'><strong>frui,</strong></span> <span class='ocrx_word' id='word_1_957' title='bbox 3257 5728 3379 5777; x_wconf 91' lang='lat' dir='ltr'><strong>tunc</strong></span> <span class='ocrx_word' id='word_1_958' title='bbox 3425 5722 3728 5778; x_wconf 71' lang='lat' dir='ltr'><strong>mercedem</strong></span> 
     </span>
    </p>
   </div>
  </div>
