4126 6220
326 304 429 361 659

326 412 568 467 laborum
608 405 836 474 recipies
867 404 908 458 ί.
959 400 1047 458 Sic
1076 400 1227 457 labor
1281 399 1492 469 vigente
1532 409 1757 465 corpore
1799 407 1918 474 sus-5

328 506 565 574 cipitur:
617 472 822 554 fructus
872 503 1049 550 autem
1096 504 1151 548 et
1200 494 1483 561 voluptas,
1523 502 1749 558 corpore
1800 472 1919 556 jam,

329 610 459 650 sene
488 602 541 648 et
566 591 742 646 soluto
771 630 787 654 ,
819 603 940 642 cum
979 600 1196 641 sensum
1242 596 1448 653 tempus
1474 580 1767 643 exstinxit,
1812 579 1912 632 etsi

330 700 436 741 non
457 697 676 754 prorsus
699 678 1046 744 exstinxerit,
1076 676 1261 730 mortis
1288 688 1409 743 Spt‘s
1430 688 1535 727 non
1566 669 1689 725 sinit
1713 667 1918 724 deliciis

332 778 457 833 frui.
484 777 596 832 lllic
622 789 751 831 vero
777 788 864 828 res
894 788 999 826 non
1034 771 1103 824 ita
1140 784 1199 825 se
1228 769 1386 823 habet
1408 809 1421 831 ,
1455 765 1551 821 sed
1580 765 1730 819 labor
1756 770 1838 817 est
1864 763 1914 817 En

333 868 679 937 corruptione
725 864 859 920 etin
893 862 1102 917 mortali
1137 873 1404 929 corpore;
1446 871 1643 911 corona
1687 869 1815 909 vero
1865 853 1918 907 in

331 962 583 1029 integro,
641 957 935 1013 immortali
984 959 1047 1018 ‘,
1104 955 1263 1008 linem
1324 968 1429 1004 non
1488 952 1739 1005 habente.
1796 949 1904 1005 La-

330 1052 433 1109 bor
460 1050 711 1122 praecedit
742 1062 794 1104 et
822 1050 1000 1103 brevis
1039 1056 1161 1108 est;
1201 1060 1407 1098 merces
1450 1054 1628 1097 autem
1660 1044 1907 1112 sequitur

332 1150 387 1193 et
414 1149 495 1192 est
518 1138 799 1200 immensa,
830 1143 889 1189 ut
921 1148 1043 1187 cum
1076 1131 1322 1186 libertate
1370 1128 1586 1183 demum
1638 1128 1917 1197 quiescas,

335 1228 464 1283 nihil
490 1236 809 1299 exspectans
837 1222 1206 1294 iniucundum.
1230 1220 1383 1275 Nulla
1428 1220 1568 1275 enim
1600 1219 1668 1273 ibi
1700 1219 1921 1273 mutatio

338 1320 572 1376 timenda
593 1361 609 1386 ,
638 1319 815 1373 nullus
845 1332 1021 1380 casus,
1048 1324 1105 1369 ut
1134 1315 1183 1367 in
1212 1314 1315 1367 hoc
1342 1313 1562 1366 mundo.
1591 1311 1774 1378 Qualia
1822 1326 1919 1363 an-

336 1422 441 1467 tem
473 1419 599 1466 sunt
628 1410 743 1464 htec
766 1409 926 1475 bona,
951 1422 1056 1461 non
1087 1414 1195 1459 tuta
1222 1447 1235 1469 ,
1262 1403 1356 1457 sed
1386 1404 1586 1468 brevia,
1613 1404 1771 1467 lutea,
1803 1418 1921 1472 quae

402 1547 417 1576 ¹
446 1552 640 1594 Oramus
679 1548 847 1591 textus
870 1538 1141 1589 accuratius
1164 1536 1455 1585 redderetur
1478 1535 1569 1584 hoc
1591 1533 1733 1594 modo
1774 1548 1786 1583 :
1825 1542 1924 1594 ouo

337 1606 463 1656 enim
486 1593 713 1666 tempore,
735 1598 1102 1666 tibiseuescenti
1116 1596 1365 1666 voluptatis
1377 1610 1544 1666 sensus
1564 1593 1807 1666 hebetatus
1828 1593 1919 1658 est,

338 1674 451 1716 tunc
473 1658 744 1715 mercedem
765 1662 980 1722 laborum
1004 1658 1178 1722 recipis
1192 1658 1288 1722 ;_'et
1319 1660 1473 1722 juxta
1492 1658 1654 1722 Morel.
1685 1670 1698 1705 :
1728 1666 1924 1722 Tempus

341 1727 470 1796 enim
492 1725 691 1796 φιρβρὸὶ
712 1721 974 1796 senescenti
988 1716 1244 1796 guuptatis
1266 1716 1433 1769 sensus
1453 1716 1696 1769 hebetatus
1719 1724 1806 1777 est,
1834 1717 1923 1769 hoc

338 1784 527 1851 tempus
549 1786 632 1836 tibi
654 1784 927 1857 mercedem
950 1784 1107 1856 affert.
1422 1839 1433 1850 ,
1509 1839 1520 1850 ,
1760 1840 1769 1850 ,
1809 1840 1818 1849 _
1847 1840 1858 1850 _

339 1846 620 1959 imi"
635 1853 687 1896 et
707 1845 904 1909 quidam
925 1844 1005 1892 alu
1022 1882 1034 1901 ,
1061 1854 1237 1893 corona
1274 1853 1385 1890 vero
1414 1854 1465 1890 tn
1501 1838 1856 1904 tncorrupttbtlt
1878 1848 1923 1891 et

339 1923 636 1973 mtpasstuu.

1068 289 1125 349 S.
1164 286 1441 347 JOANNIS
1477 278 1950 341 CllRYSOSTOMl
1989 279 2301 337 ARCHIEP.
2342 275 2868 335 CONSTANTINOP.

3489 271 3593 325 640

2022 393 2109 448 vix
2140 402 2397 463 apparent
2422 403 2477 447 et
2499 399 2841 456 evanescunt,
2867 405 2929 446 ac
2953 404 3072 445 cum
3101 387 3281 445 multis
3320 387 3594 443 laboribus

2021 485 2399 556 possidentur?
2435 485 2564 553 Qua:
2604 485 2741 539 bona
2768 492 2894 539 sunt
2917 483 3022 538 illis
3040 481 3261 552 mqualia
3283 523 3297 543 ,
3324 496 3442 550 qute
3471 489 3597 534 sunt

2020 577 2334 645 immobilia,
2383 593 2503 647 qua:
2550 591 2836 647 numquam
2876 582 3164 631 senescunt
3189 615 3204 639 ,
3248 588 3366 642 qua:
3398 572 3596 626 nullius

2021 678 2144 723 sunt
2170 670 2368 724 laboris
2387 710 2402 735 ,
2433 685 2551 740 quae
2577 669 2924 723 certaminum
2964 678 3203 736 tempore
3246 680 3471 719 coronas
3502 664 3595 718 tibi

2021 762 2293 817 aderunt?
2324 763 2453 816 Nam
2477 762 2563 831 qui
2596 760 2848 830 pecunias
2882 759 3137 829 despicit,
3162 758 3271 827 jam
3310 757 3435 810 lunc
3459 771 3600 808 mer-

2022 856 2209 912 cedem
2254 854 2440 923 recipit
2472 894 2487 916 ,
2520 853 2877 907 sollicitudine
2904 866 3120 915 vacuus,
3170 849 3339 902 livore
3362 888 3378 911 ,
3446 861 3599 915 syco—

2023 948 2237 1019 phantin
2268 987 2282 1011 ,
2313 946 2538 1009 insidiis,
2569 944 2783 999 invidia.
2830 943 2927 1010 Qui
2956 951 3135 998 castus
3180 949 3263 995 est
3313 949 3369 993 et
3413 949 3601 992 ornate

2024 1041 2172 1107 vivit,
2199 1041 2360 1097 etiam
2392 1050 2676 1109 antequam
2700 1036 2944 1100 decedat,
2987 1042 3277 1090 coronatur
3303 1042 3359 1087 et
3386 1033 3436 1085 in
3464 1031 3599 1085 deli-

2024 1133 2126 1187 ciis
2155 1131 2317 1203 degit,
2344 1130 2626 1195 dedecore,
2659 1127 3011 1188 irrisionibus,
3043 1125 3293 1195 periculis
3320 1165 3335 1188 ,
3383 1137 3601 1178 accusa-

2028 1224 2258 1278 tionibus
2283 1223 2505 1292 aliisque
2532 1221 2776 1275 omnibus
2804 1218 2956 1274 malis
2979 1218 3255 1272 liberatus.
3294 1216 3425 1269 Alia:
3465 1228 3599 1281 quo-

2026 1333 2128 1389 que
2149 1315 2358 1371 virtutis
2392 1323 2571 1385 partes
2603 1313 2846 1368 similiter
2866 1311 2975 1380 jam
3008 1309 3091 1363 hic
3120 1307 3271 1363 nobis
3300 1304 3601 1360 mercedem

2026 1409 2273 1463 all‘crunt.
2308 1408 2375 1464 Ut
2414 1408 2572 1478 igitur
2606 1415 2660 1462 et
2698 1405 2979 1475 praesentia
3007 1413 3062 1458 ct
3091 1404 3264 1457 l'utura
3310 1415 3604 1470 consequa-

2028 1519 2147 1557 mur
2174 1501 2308 1556 bona
2335 1542 2350 1568 ,
2383 1500 2643 1569 fugiamus
2686 1497 2973 1567 nequitiam
3013 1504 3068 1549 et
3108 1495 3355 1547 virtutem
3398 1492 3603 1560 ample-

2028 1602 2253 1647 ctamur.
2287 1590 2377 1645 Sic
2399 1589 2540 1643 enim
2578 1598 2629 1643 et
2668 1587 2754 1641 hic
2782 1586 2833 1639 in
2860 1585 3068 1640 delicils
3103 1583 3320 1642 erimus,
3352 1591 3405 1636 et
3431 1580 3603 1634 futura

2029 1700 2419 1756 consequemur
2442 1682 2581 1737 bona
2618 1699 2631 1734 :
2655 1696 2773 1750 qua:
2803 1678 3006 1733 utinam
3037 1689 3227 1730 ouittes
3252 1674 3606 1743 adipiscamur

2030 1779 2195 1850 gratia
2231 1787 2284 1833 et
2326 1775 2650 1845 benignitate
2675 1771 2887 1826 Domini
2916 1769 3081 1825 nostri
3109 1768 3236 1824 .lesu
3255 1767 3454 1823 Christi
3478 1807 3493 1830 ,
3522 1767 3606 1820 cui

2030 1870 2197 1940 gloria
2222 1878 2276 1924 et
2297 1866 2574 1938 imperium
2603 1867 2656 1919 in
2682 1863 2875 1919 saecula
2899 1861 3240 1918 saeculorum.
3272 1861 3464 1915 Amen.

345 2016 3599 2048 _________________________________._______________

1455 2102 1801 2164 HOMILIA
1841 2103 2126 2166 LXVIII.
2172 2103 2258 2165 al.
2302 2102 2528 2163 LXIX.

294 2314 295 2319 η
340 2277 469 2331 Cse.
501 2272 594 2327 Si.
625 2287 676 2324 v.
706 2271 794 2326 55.
832 2268 1003 2323 Aliam
1044 2264 1337 2335 parabolam
1378 2264 1566 2318 audite.
1621 2264 1789 2319 Homo
1813 2265 1929 2335 qui-

2031 2265 2203 2321 larum
2231 2274 2411 2330 erant,
2437 2266 2550 2334 ipse
2580 2263 2700 2318 fecit
2733 2281 2745 2317 :
2784 2263 3069 2318 maceriam
3099 2260 3502 2332 circumposuit,
3535 2262 3611 2315 vi-

414 2364 534 2417 dum
572 2371 679 2416 erat
704 2358 1090 2431 paterfamilias,
1136 2357 1226 2426 qui
1253 2356 1495 2424 plantavit
1518 2356 1731 2422 vincant,
1772 2366 1817 2410 et
1856 2372 1932 2410 se-
2031 2374 2186 2414 neam
2215 2357 2491 2429 plantavit,
2531 2356 2732 2426 reliqua
2761 2355 2938 2409 omnia
2982 2353 3264 2423 praestitit;
3310 2362 3365 2407 et
3392 2368 3610 2422 parvum

416 2471 531 2525 pem
557 2451 918 2523 circumposuit
943 2450 989 2503 ei
1016 2465 1034 2503 :
1058 2458 1106 2503 et
1135 2448 1263 2516 {odit
1284 2447 1335 2500 iu
1352 2464 1409 2500 ea
1436 2447 1679 2510 torcular,
1703 2457 1749 2501 et
1775 2447 1933 2515 cedi/i-

417 2547 548 2601 cavit
575 2546 754 2601 turrim
775 2562 794 2598 :
820 2552 868 2597 et
892 2542 1071 2596 locavit
1098 2557 1207 2595 eam
1231 2540 1489 2611 agricolis,
1514 2550 1560 2593 et
1586 2556 1789 2611 peregre
1817 2556 1936 2611 pro-

422 2645 582 2710 fectus
610 2648 702 2692 est.
736 2639 825 2693 54.
863 2636 1080 2704 Quando
1101 2646 1269 2687 autent
1295 2634 1717 2703 apprOpinquavit
1740 2643 1937 2703 tempus

426 2730 707 2797 fructuum,
733 2727 871 2781 misit
898 2742 1063 2781 servos
1104 2741 1221 2781 suos
1260 2724 1327 2777 ad
1351 2725 1623 2795 agricolas,
1660 2734 1713 2777 ut
1742 2725 1937 2792 accipe-

419 2831 531 2876 rent
553 2824 747 2893 fructus
767 2821 898 2890 ejus.
926 2818 1014 2873 55.
1047 2816 1114 2871 Et
1140 2817 1395 2887 agricolar,
1438 2816 1763 2885 apprehensis
1787 2818 1939 2869 servis

424 2914 555 2984 ejus,
601 2912 763 2965 alium
803 2909 1110 2971 ceciderunt,
1155 2909 1313 2961 alium
1351 2908 1727 2977 interfecerunt,
1780 2906 1940 2960 alium

426 3014 598 3058 autem
641 3001 1009 3072 lapidaverunt.
1051 2999 1140 3054 56.
1178 2997 1404 3052 Rursum
1445 2998 1578 3051 misit
1611 2998 1740 3052 alios
1777 3013 1943 3052 servos

430 3110 637 3149 nume
664 3093 854 3163 plures,
891 3100 937 3144 et
965 3093 1186 3161 fecerunt
1214 3088 1319 3143 illis
1353 3089 1602 3144 similiter.
1635 3089 1723 3143 57.
1756 3086 1945 3141 Novis-

432 3186 559 3240 sime
584 3193 753 3239 atttem
786 3182 922 3237 misit
943 3181 1011 3234 ad
1028 3196 1113 3235 eos
1139 3180 1303 3250 ﬁlium
1321 3197 1468 3234 suum
1489 3180 1661 3234 dicens
1684 3195 1703 3233 :
1733 3180 1944 3234 Revere-

429 3277 614 3330 buntur
634 3276 763 3345 forte
780 3273 944 3342 ﬁlium
964 3288 1147 3326 meum.
1181 3272 1270 3327 58.
1298 3270 1548 3342 Agricola:
1576 3280 1747 3324 autem
1773 3269 1947 3324 viden-

435 3376 509 3422 tes
532 3367 718 3436 ﬁlium,
749 3364 984 3418 dixerunt
1013 3366 1066 3417 in
1090 3362 1269 3432 seipsis
1291 3377 1310 3415 :
1332 3361 1379 3415 11
1388 3363 1432 3415 ic
1469 3371 1543 3416 est
1574 3363 1738 3425 lieres,
1761 3361 1942 3427 venite,

432 3456 797 3524 inter/Sciamus
822 3470 958 3520 eum,
997 3462 1043 3507 et
1071 3452 1417 3522 possideamus
1452 3452 1779 3505 hereditatem
1814 3452 1946 3521 ejus.

436 3545 527 3601 59.
559 3544 624 3599 Et
651 3544 1025 3614 apprehensum
1068 3558 1183 3596 eum
1226 3542 1476 3612 eiecerunt
1504 3550 1645 3595 extra
1680 3542 1875 3595 vineam
1904 3548 1951 3593 et

433 3634 810 3703 interfecerunt.
848 3633 937 3687 $0.
966 3632 1092 3687 Cum
1127 3647 1246 3702 ergo
1287 3632 1473 3685 venerit
1506 3631 1742 3685 dominus
1768 3631 1946 3697 vineta,

435 3726 558 3797 quid
582 3725 732 3796 faciet
755 3722 993 3795 agricolis
1020 3724 1272 3778 illisut.
1300 3721 1487 3776 Dicunt
1512 3723 1557 3777 ei
1581 3738 1599 3777 :
1628 3723 1795 3777 Malos
1818 3723 1952 3777 male

438 3814 631 3887 perdet,
681 3825 728 3869 et
772 3815 968 3868 vineam
1009 3829 1151 3867 suout
1182 3812 1364 3867 locabit
1407 3813 1521 3867 aliis
1559 3814 1817 3885 agricolis,
1866 3814 1953 3883 qui

392 3950 397 3957 .
437 3908 645 3962 reddent
685 3907 730 3960 ei
771 3911 965 3978 fructus
1015 3906 1320 3976 temporibus
1365 3906 1492 3959 suis.
1540 3905 1630 3959 42.
1672 3904 1808 3958 Dicit
1852 3906 1954 3960 illis

438 4000 590 4056 Jesus
618 4016 637 4054 :
671 3999 970 4071 Numquam
1017 3999 1206 4070 legistis
1250 3999 1305 4051 in
1348 3996 1667 4068 Seripturis,
1708 3996 1956 4067 Lapidem

439 4109 585 4164 quem
630 4093 1022 4160 reprobarerunt
1067 4091 1398 4159 aediﬁcantes,
1449 4091 1531 4143 hic
1587 4094 1749 4160 factus
1793 4101 1867 4145 est
1904 4092 1957 4144 in

444 4193 597 4248 caput
635 4182 811 4253 anguli
838 4181 1009 4252 (Psal.
1046 4182 1166 4235 H7.
1190 4179 1320 4249 22)?

445 4276 498 4328 1.
542 4273 703 4327 Multa
726 4287 820 4341 per
848 4272 985 4326 hanc
1014 4272 1318 4341 parabolam
1341 4270 1643 4327 subindicat
1666 4289 1678 4325 :
1712 4272 1808 4327 Dei
1833 4286 1961 4343 pro-

374 4365 685 4429 videntiam,
717 4380 818 4435 qua
850 4378 1063 4434 semper
1094 4365 1196 4419 illis
1224 4363 1412 4430 adfuit,
1445 4366 1844 4436 sanguinarium
1870 4382 1961 4423 eo-

376 4473 494 4512 rum
509 4472 538 4511 a
560 4456 817 4526 principio
833 4454 1089 4523 animum,
1112 4456 1347 4527 nihilque
1365 4458 1780 4527 prmtertitissum
1800 4459 1961 4515 luisse

377 4548 522 4617 quod
568 4546 635 4602 ad
678 4562 860 4601 curam
905 4562 1091 4601 eorum
1131 4548 1419 4616 gerendam
1462 4549 1774 4617 pertineret,
1818 4549 1960 4620 quod

378 4636 656 4707 prophetis
700 4636 891 4691 occisis
933 4651 1036 4690 non
1085 4651 1305 4692 aversus
1351 4636 1419 4691 ab
1464 4637 1566 4691 illis
1596 4636 1755 4693 fuerit
1802 4638 1959 4706 Deus,

378 4729 472 4784 sed
510 4739 565 4784 et
607 4728 801 4784 Filium
833 4744 986 4783 suum
1021 4729 1262 4791 miserit;
1294 4727 1433 4797 quod
1477 4727 1609 4782 Novi
1654 4739 1709 4784 ct
1750 4729 1963 4786 Veteris

382 4818 710 4877 Testamenti
742 4835 876 4875 unus
914 4830 970 4876 et
1001 4820 1139 4875 idem
1182 4820 1252 4876 sit
1280 4820 1420 4876 Deus
1446 4837 1460 4886 ;
1490 4820 1633 4891 quod
1673 4836 1819 4877 mors
1845 4823 1961 4891 ejus

386 4929 575 4984 magna
624 4922 841 4984 operata
887 4913 986 4980 sit;
1032 4912 1175 4983 quod
1216 4921 1481 4967 extremas
1508 4928 1693 4983 pinnas
1737 4913 1865 4969 dent
1892 4914 1961 4969 ob

383 5021 598 5061 erucem
627 5014 682 5060 et
721 5005 924 5059 facinus
953 5020 1109 5059 suum
1137 5022 1150 5059 :
1174 5005 1410 5076 gentium
1452 5005 1879 5074 conversionem,
1911 5015 1965 5062 et

382 5097 687 5153 Judznorum
717 5098 948 5166 lapsum.
985 5095 1111 5151 Ideo
1148 5096 1308 5166 igitur
1335 5096 1471 5151 hanc
1507 5096 1815 5167 parabolam
1847 5109 1966 5168 post

388 5190 775 5259 priceedcntem
808 5189 1004 5259 posuit,
1038 5197 1095 5242 ut
1124 5200 1178 5243 et
1203 5189 1374 5260 majus
1402 5189 1605 5245 crimen
1633 5190 1963 5256 ostenderet,

386 5282 528 5352 quod
572 5281 773 5335 nullam
803 5282 1013 5336 veniam
1060 5291 1378 5336 mereretur.
1427 5281 1543 5350 Quo
1572 5281 1731 5336 modo
1770 5292 1823 5336 et
1864 5298 1967 5353 qua

389 5373 631 5428 ratione?
657 5372 792 5440 Quia
825 5381 1021 5426 tantam
1062 5372 1201 5426 nacti
1229 5372 1319 5427 Dei
1350 5372 1758 5442 providentiam,
1790 5389 1819 5427 a
1856 5389 1965 5429 nte-

390 5462 667 5519 retricibus
692 5471 746 5518 et
774 5461 1069 5533 publicanis
1092 5461 1238 5529 victi,
1264 5463 1419 5533 longe
1445 5473 1589 5517 retro
1623 5463 1789 5517 relicti
1821 5473 1963 5517 sunt.

395 5552 668 5621 l‘erpende
706 5562 883 5608 autem
929 5562 982 5607 et
1024 5552 1139 5621 ejus
1173 5567 1415 5621 magnam
1459 5552 1866 5621 providentiam,
1917 5564 1972 5608 et

398 5644 599 5700 illorum
636 5644 997 5702 incredibilem
1031 5644 1391 5715 supinitatcm.
1437 5643 1566 5700 Nam
1600 5661 1717 5716 quzc
1760 5648 1968 5717 agrico-

2035 2449 2159 2520 quid
2192 2450 2322 2520 ipsis
2351 2449 2585 2518 reliquit,
2612 2456 2669 2502 ut
2695 2463 2781 2502 res
2808 2447 2928 2501 illas
2957 2456 3228 2511 curarent,
3260 2453 3315 2501 et
3340 2461 3458 2515 qua:
3491 2445 3612 2500 data

2035 2538 2242 2593 fuerant
2265 2547 2664 2593 eonservarent.
2686 2536 2825 2591 Nihil
2845 2537 2989 2591 enim
3011 2536 3266 2590 omissum
3292 2534 3462 2589 fuerat
3482 2551 3498 2601 ;
3522 2535 3615 2590 sed

2038 2633 2215 2684 omnia
2255 2630 2489 2700 perlecta
2534 2638 2729 2684 erant:
2767 2628 2895 2682 nihil
2934 2637 3108 2681 tamen
3153 2627 3256 2681 illis
3296 2627 3419 2682 inde
3460 2627 3614 2694 lucri,

2038 2723 2163 2777 licet
2190 2723 2317 2792 ipsis
2344 2730 2487 2777 tanta
2516 2721 2831 2775 contulisset
2851 2719 3009 2774 bona.
3032 2718 3164 2773 Nam
3194 2726 3315 2788 post
3344 2733 3618 2788 egressum

2041 2829 2107 2868 ex
2139 2813 2371 2885 IEgypto
2410 2814 2580 2883 legem
2626 2811 2794 2878 dedit,
2834 2810 3020 2865 urbem
3059 2809 3316 2873 condidit,
3365 2808 3618 2879 templum

2041 2906 2356 2971 construxit,
2386 2920 2531 2958 aram
2567 2904 2755 2958 erexit.
2787 2901 2855 2956 Et
2887 2917 3092 2972 peregre
3127 2902 3379 2971 profectus
3423 2910 3539 2963 est;
3568 2899 3620 2953 id

2044 3005 2147 3061 est,
2176 2998 2328 3066 longa
2362 3010 2490 3049 usus
2528 3004 2610 3050 est
2636 2994 2909 3064 patientia,
2937 3009 3056 3048 cum
3096 3008 3203 3047 non
3246 3008 3460 3063 semper
3500 3007 3622 3062 pec,-

2045 3088 2290 3143 cantibus
2339 3088 2518 3142 statim
2564 3086 2821 3157 supplicia
2868 3085 3102 3141 inferat:
3143 3086 3622 3156 peregrinationem

2045 3180 2241 3249 quippe
2291 3179 2501 3248 longam
2546 3178 2882 3231 tolerantiam
2935 3185 3107 3231 vocat.
3166 3177 3233 3229 Et
3280 3177 3414 3231 misit
3460 3192 3627 3229 servos

2049 3285 2195 3335 suos,
2234 3270 2335 3323 hoc
2372 3276 2493 3330 est,
2538 3268 2859 3338 prepbetas;
2907 3278 2963 3322 ut
3006 3268 3235 3322 fructum
3285 3268 3624 3337 acciperent,

2053 3361 2107 3416 id
2150 3370 2252 3425 est,
2302 3360 2661 3416 obedientiam
2707 3376 2802 3430 per
2855 3375 3016 3430 opera
3062 3358 3503 3415 demonstratam.
3550 3358 3630 3414 llli

2052 3470 2182 3510 vero
2226 3454 2311 3508 hic
2352 3454 2512 3508 etiam
2556 3453 2844 3523 nequitiam
2893 3468 3043 3507 suam
3100 3451 3477 3518 exhibuerunt,
3520 3467 3629 3506 non

2053 3545 2215 3601 modo
2248 3544 2389 3615 quod
2415 3554 2535 3614 post
2556 3552 2755 3599 tantam
2795 3559 2977 3599 curam
3018 3543 3246 3598 fructum
3284 3558 3387 3599 nou
3418 3547 3630 3611 darent,

2052 3636 2196 3707 quod
2236 3636 2610 3706 negligentiam
2639 3651 2748 3705 pra:
2783 3650 2843 3690 se
2884 3634 3146 3699 ferebant,
3178 3635 3273 3689 sed
3300 3635 3460 3690 etiam
3490 3635 3632 3705 quod

2056 3728 2176 3783 illos
2212 3729 2491 3784 venientes
2521 3727 2734 3799 indigne
2776 3728 3000 3783 ferrent.
3047 3726 3180 3782 Nam
3225 3728 3314 3799 qui
3344 3728 3630 3796 debebant,

2055 3833 2154 3874 nec
2202 3817 2426 3874 reddere
2475 3826 2740 3888 poterant,
2794 3834 2898 3872 non
2954 3818 3222 3889 indignari
3272 3834 3441 3889 neque
3493 3836 3637 3892 aegre

2056 3908 2195 3964 ferre
2224 3909 2525 3978 Oportebat,
2550 3908 2643 3964 sed
2667 3924 2873 3980 rogare.
2906 3909 2980 3964 llli
3008 3926 3136 3966 vero
3158 3926 3262 3966 non
3291 3912 3639 3984 indignaban—

2059 4007 2145 4054 tur
2190 4000 2370 4067 modo,
2420 4001 2514 4056 sed
2568 4016 2756 4056 manus
2797 4001 3056 4072 sanguine
3093 4003 3404 4071 replebant,
3451 4014 3506 4060 et
3547 4008 3640 4077 qui

2059 4105 2245 4161 ptenas
2263 4091 2391 4147 dare
2419 4091 2703 4156 debebant,
2735 4107 2921 4164 pmnas
2950 4095 3295 4163 expetebant.
3330 4094 3559 4167 Ideoque
3588 4109 3641 4153 et

2059 4184 2324 4239 secundos
2363 4194 2417 4239 et
2448 4184 2633 4240 tertios
2672 4185 2836 4248 misit,
2870 4193 2927 4239 ut
2954 4186 3324 4242 ostenderetur
3350 4198 3403 4244 et
3429 4189 3641 4244 illorum

2061 4276 2295 4346 nequitia
2335 4285 2388 4331 et
2428 4277 2686 4332 mittentis
2725 4277 3043 4349 benignitas.
3088 4280 3154 4335 Et
3195 4297 3290 4335 cur
3330 4297 3435 4336 non
3477 4282 3643 4337 lilium

2063 4367 2243 4420 statim
2275 4366 2463 4421 misit?
2504 4366 2574 4423 Ut
2616 4382 2681 4422 ex
2726 4368 2880 4423 malis
2913 4385 3032 4435 qua:
3077 4370 3129 4425 in
3171 4369 3291 4426 illos
3332 4372 3640 4439 intulerunt,

2062 4470 2183 4511 sese
2207 4455 2523 4512 damnantes
2573 4458 2810 4527 iramque
2848 4463 3200 4525 remittentes,
3232 4461 3381 4516 illum
3420 4464 3645 4518 venien-

2066 4558 2170 4602 tem
2196 4558 2524 4603 vererentur.
2556 4549 2839 4605 l’ossemus
2863 4551 2991 4606 alias
3021 4551 3403 4623 explicationes
3426 4554 3646 4619 addere,

2064 4638 2159 4692 sed
2189 4639 2254 4692 ad
2282 4640 2557 4707 sequentia
2590 4654 2888 4709 pergamus.
2911 4641 3047 4707 Quid
3068 4642 3166 4697 sibi
3189 4643 3301 4697 vult
3322 4644 3467 4710 illud,
3493 4644 3650 4711 Forte

2066 4730 2464 4783 reverebantur?
2494 4729 2609 4785 Non
2638 4731 2928 4800 ignorantis
2963 4741 3064 4797 est,
3096 4734 3253 4798 absit,
3297 4736 3389 4791 sed
3422 4738 3650 4793 volentis

2067 4819 2351 4875 ostendere
2386 4831 2640 4890 quantum
2673 4833 2944 4891 peccatum
2977 4833 3137 4889 esset,
3167 4835 3220 4880 et
3246 4829 3388 4881 omni
3422 4845 3649 4884 excusa-

2068 4911 2213 4967 tione
2256 4925 2502 4966 vacuum.
2542 4911 2674 4966 Cum
2719 4914 2881 4968 sciret
2922 4915 3066 4970 enim
3117 4917 3463 4973 occidendum
3514 4920 3647 4986 fore,

2069 5004 2212 5059 misit
2237 5012 2434 5059 tamen.
2464 5005 2593 5060 Illud
2623 5014 2822 5073 autem,
2855 5007 3229 5063 Reverebuntur
3253 5013 3418 5080 ﬁlium
3461 5032 3647 5082 meum,

2070 5096 2210 5165 quod
2239 5096 2411 5151 facere
2438 5095 2703 5151 debebant
2741 5101 2980 5154 enuntiat
3006 5119 3018 5154 :
3049 5102 3167 5171 quia
3197 5106 3473 5171 oportebat
3503 5118 3647 5164 certe

2072 5185 2190 5240 illos
2217 5188 2467 5241 revereri.
2498 5185 2770 5258 Siquidem
2798 5199 2852 5244 et
2872 5191 2994 5246 alibi
3025 5192 3152 5248 dicit
3181 5212 3193 5248 :
3225 5195 3287 5249 Si
3311 5200 3441 5266 forte
3474 5200 3652 5252 audie-

2072 5279 2171 5330 rint
2193 5277 2404 5347 (Ezech.
2439 5279 2491 5331 2.
2515 5279 2569 5347 5)
2597 5298 2609 5334 :
2644 5295 2813 5351 neque
2839 5281 2944 5338 illic
2974 5284 3264 5354 ignorabat,
3298 5289 3390 5343 sed
3415 5306 3480 5346 ne
3504 5290 3652 5347 dice-

2074 5380 2193 5424 rent
2223 5371 2435 5440 quidam
2479 5371 2726 5441 improbi,
2756 5375 3153 5444 praediolionem
3187 5380 3350 5438 fuisse
3391 5400 3495 5438 non
3526 5385 3654 5440 obe-

2073 5460 2249 5515 diendi
2282 5464 2635 5519 necessariam
2663 5481 2899 5533 causam,
2932 5469 3054 5527 ideo
3088 5472 3168 5530 sic
3202 5474 3341 5531 dicta
3372 5486 3651 5547 temperat,

2078 5555 2139 5610 Si
2170 5560 2299 5625 forte
2325 5557 2533 5624 dicens,
2577 5568 2629 5613 et
2658 5558 2911 5615 Fortasse.
2942 5562 3073 5619 Nam
3099 5566 3141 5620 si
3175 5568 3316 5623 circa
3344 5586 3529 5626 servos
3559 5572 3657 5625 im-

2082 5650 2228 5719 probi
2254 5649 2487 5715 lucrunt,
2520 5648 2610 5706 lilii
2641 5651 2950 5720 dignitatem
2981 5660 3211 5712 revereri
3236 5662 3489 5731 oportuit.
3517 5665 3653 5733 Quid
