3990 6216
309 318 407 372 6M

313 443 445 498 ergo
476 426 608 483 isti?
633 426 769 481 Cum
795 440 1079 482 accurrere
1105 426 1455 495 oportuisset,
1481 426 1800 496 veniamque
1822 426 1888 480 de
1913 442 1917 447 ’

311 521 551 589 peccatis
572 530 771 590 petere,
794 519 975 589 priora
1002 533 1261 586 superare
1282 526 1619 582 concertant,
1647 527 1699 571 et
1720 516 1890 571 scele-

313 630 370 667 ra
404 613 707 669 sceleribus
740 612 960 665 vincere
982 650 998 677 ,
1033 611 1209 679 priora
1251 625 1465 678 semper
1500 610 1889 678 posterioribus

301 712 631 775 obruentes;
666 707 810 779 quod
835 714 886 759 ct
917 707 1032 776 ipse
1048 706 1332 760 declarans
1356 705 1465 757 ait:
1490 703 1707 772 implete
1734 717 1875 755 men-

302 816 489 854 suram
520 810 729 868 patrum
760 806 1047 851 vestrorum
1080 795 1295 865 (Matth.
1325 794 1415 849 25.
1448 793 1558 864 32).
1593 792 1710 847 Jam
1747 791 1876 846 olim

302 894 449 945 enim
493 890 771 960 propheta:
811 888 877 942 de
923 889 1008 943 his
1056 889 1177 942 illos
1222 887 1551 941 accusabant
1584 884 1827 939 dicentes
1864 896 1878 932 :

312 982 507 1034 Manus
550 989 734 1033 vestra:
766 980 932 1047 plena:
960 988 1080 1032 sunt
1111 980 1366 1048 sanguine
1403 976 1558 1046 (1δαὶ.
1594 976 1644 1030 1.
1678 975 1799 1041 15);
1831 978 1887 1025 et

310 1068 636 1138 Sanguinem
676 1068 920 1137 sanguini
957 1069 1169 1121 miscent
1196 1066 1353 1137 (Osee
1383 1067 1435 1119 4.
1466 1066 1545 1137 2);
1576 1073 1649 1129 et,
1685 1063 1886 1132 Addiﬁ-

294 1168 442 1210 cattle
472 1157 600 1210 Sion
630 1158 682 1209 in
713 1156 1038 1227 sanguinibus
1066 1155 1251 1226 (Mich.
1285 1157 1336 1210 5.
1372 1156 1481 1225 10),
1526 1154 1631 1209 Sed
1662 1170 1764 1207 non
1792 1169 1875 1207 re-

295 1248 643 1317 sipiseebant,
689 1248 788 1301 etsi
836 1247 937 1301 hoc
984 1247 1287 1302 mandatum
1337 1247 1699 1315 accepissent,
1755 1244 1874 1297 Non

294 1340 513 1401 occides,
544 1346 597 1391 et
638 1352 667 1390 a
697 1338 965 1391 sexcentis
989 1337 1106 1389 aliis
1132 1337 1449 1405 juberentur
1494 1336 1782 1400 abstinere,
1813 1350 1874 1388 ac

298 1442 395 1494 per
421 1427 540 1486 hoc.
584 1442 779 1496 perque
804 1426 907 1480 alia
943 1427 1105 1480 multa
1145 1426 1211 1480 ad
1250 1427 1677 1481 observationem
1721 1426 1877 1493 hujus

298 1519 554 1588 prmcepti
586 1518 981 1572 inducerentur.
1024 1520 1270 1571 Attamen
1315 1516 1451 1570 hanc
1492 1531 1706 1585 pravam
1751 1530 1878 1569 cou-

296 1610 632 1664 suctudinem
663 1624 766 1663 non
793 1609 1174 1678 deposuerunt.
1203 1609 1308 1664 Sed
1340 1610 1461 1678 quid
1486 1610 1666 1663 diennt
1698 1608 1879 1661 viden-

297 1714 380 1755 tes
409 1701 568 1755 eum?
603 1700 774 1755 Venite
801 1701 1087 1754 occidamus
1113 1717 1246 1753 eum.
1272 1700 1384 1767 Qua
1426 1700 1491 1754 de
1530 1699 1724 1753 causa?
1754 1698 1877 1766 quid

296 1802 391 1845 aut
415 1807 633 1862 parvum
659 1800 750 1845 aut
777 1807 1027 1859 magnum
1056 1791 1322 1845 criminari
1354 1790 1614 1859 potestis?
1643 1804 1709 1842 an
1738 1788 1876 1858 quod

298 1898 395 1937 vos
428 1883 789 1947 honoravcrit,
833 1898 894 1937 ac
937 1883 1075 1937 Deus
1103 1898 1222 1936 cum
1272 1892 1431 1947 esset,
1463 1882 1623 1935 homo
1664 1891 1880 1949 propter

295 1989 396 2028 vos
437 1974 605 2028 lactus
648 1974 737 2038 sit,
769 1974 1155 2043 innumeraque
1186 1974 1271 2027 illa
1319 1973 1546 2027 ediderit
1589 1972 1879 2026 miracula?

296 2080 370 2118 an
396 2065 536 2134 quod
571 2073 784 2133 peccata
831 2063 1113 2127 dimiserit,
1147 2064 1231 2118 vel
1274 2063 1341 2117 ad
1382 2079 1604 2133 regnum
1641 2063 1880 2116 vocarit?

300 2156 436 2211 Vide
461 2172 581 2210 cum
615 2157 887 2225 impietate
911 2156 1252 2225 conjunctam
1279 2155 1605 2210 dementiam
1638 2155 1876 2219 multam,

292 2257 353 2301 ct
382 2246 527 2301 necis
547 2261 759 2301 causam
793 2246 997 2300 insania
1025 2246 1255 2315 plenam.
1287 2244 1589 2299 Occidanius
1627 2262 1759 2308 eum,
1801 2246 1877 2297 in-

296 2338 509 2408 quiunt,
557 2348 601 2391 et
630 2346 801 2390 nostra
833 2337 925 2391 erit
966 2336 1216 2390 hereditas
1247 2334 1394 2407 (Luc.
1425 2334 1513 2389 20.
1547 2336 1657 2404 ll).
1702 2334 1766 2387 Et
1794 2334 1879 2389 ubi

297 2431 547 2485 occidere
577 2428 906 2484 deliberant?
937 2429 1095 2482 Extra
1129 2430 1357 2483 vineam.

371 2522 426 2575 2.
474 2521 715 2575 Vidistin‘
756 2520 1023 2590 quomodo
1050 2520 1210 2573 etiam
1248 2520 1424 2573 locum
1468 2518 1746 2588 pr0phelet
1792 2518 1879 2572 ubi

299 2613 611 2667 mactandus
650 2622 785 2667 erat.
832 2611 897 2665 Et
925 2612 1174 2681 ejicientes
1202 2611 1486 2665 occiderunt
1511 2611 1669 2682 (Ibid.
1700 2628 1745 2663 υ.
1776 2610 1882 2664 16-

300 2706 415 2773 18).
442 2705 612 2760 Lucas
641 2705 853 2774 quidem
889 2705 962 2759 ait
988 2705 1157 2773 ipsum
1186 2704 1571 2759 determinasse
1598 2705 1723 2774 quid
1762 2704 1881 2757 illos

294 2798 408 2865 pati
453 2804 740 2866 oporteret,
787 2796 1035 2865 ipsosque
1075 2795 1295 2859 dixisse,
1326 2796 1503 2859 Absit;
1550 2807 1603 2850 et
1643 2798 1881 2851 testimo-

298 2888 446 2940 nium
487 2887 777 2941 induxisse.
808 2884 938 2940 Illos
976 2886 1117 2941 enim
1144 2887 1352 2939 intuitus
1390 2888 1515 2940 dixit
1542 2903 1561 2940 :
1592 2888 1726 2953 Quid
1762 2903 1881 2959 ergo

292 2989 369 3032 est
417 2978 554 3048 quod
590 2979 835 3047 scriptum
871 2987 966 3043 est,
1008 2976 1254 3046 Lapidem
1296 2994 1442 3049 quem
1492 2981 1882 3047 reprobaverunt

292 3072 631 3139 adiﬁcantes,
673 3072 755 3124 hic
784 3075 946 3141 factus
975 3080 1047 3124 est
1072 3072 1124 3123 in
1160 3081 1310 3140 caput
1346 3072 1521 3141 anguli
1557 3070 1723 3141 (Psal.
1755 3072 1877 3127 “7.

296 3162 434 3231 22)?
473 3163 557 3226 Et,
588 3163 898 3231 Quicumque
923 3162 1153 3215 ceciderit
1181 3179 1332 3230 super
1352 3178 1482 3226 eum,
1514 3165 1877 3234 confringatur.

301 3253 581 3307 Matthmus
606 3267 733 3305 vero
758 3251 887 3306 dicit
922 3252 1042 3306 illos
1086 3253 1371 3321 protulisse
1407 3256 1747 3309 sententiam.
1780 3254 1881 3309 Ve-

296 3361 419 3400 rum
457 3361 563 3398 non
591 3355 847 3413 repugnat
891 3359 1011 3398 cum
1054 3346 1179 3398 alio.
1215 3345 1337 3399 llaec
1377 3346 1518 3399 enim
1559 3348 1714 3402 ambo
1743 3347 1879 3401 facta

292 3444 445 3501 sunt,
478 3436 683 3505 ipsique
718 3436 1035 3490 sententiam
1073 3435 1308 3489 tulerunt
1333 3448 1516 3489 contra
1561 3437 1783 3505 seipsos.
1817 3452 1883 3491 ac

299 3544 487 3581 rursus
516 3544 636 3581 cum
668 3527 928 3581 dictorum
955 3526 1060 3581 vim
1089 3527 1404 3593 sensissent,
1433 3527 1700 3589 dixerunt,
1719 3527 1877 3581 Absit.

290 3621 621 3690 i’rophetam
661 3630 836 3675 autem
882 3620 1010 3689 ipsis
1048 3622 1315 3689 Opposuit,
1364 3629 1419 3674 ut
1457 3620 1722 3685 suaderet,
1767 3638 1878 3675 rem

294 3726 522 3779 prorsus
550 3727 671 3767 esse
701 3712 948 3765 futuram.
980 3713 1231 3766 Attamen
1272 3713 1605 3767 vocationem
1643 3715 1879 3783 gentium

294 3821 365 3857 ne
395 3802 648 3871 carpendi
689 3818 901 3856 causam
936 3802 1210 3865 haberent,
1247 3818 1350 3857 non
1392 3814 1575 3872 aperte
1602 3804 1754 3868 dixit,
1785 3806 1877 3858 sed

298 3894 651 3948 subindicavit
667 3904 868 3947 tantum
887 3893 1091 3957 dicens,
1110 3893 1261 3947 Dabit
1283 3895 1398 3947 aliis
1415 3899 1606 3949 vineam
1623 3895 1770 3966 (Luc.
1786 3895 1876 3952 20.

302 3988 411 4057 16).
445 3986 569 4041 Ideo
598 3996 743 4041 certe
775 3985 871 4041 hac
894 3986 1142 4055 parabola
1170 4002 1297 4041 usus
1320 3996 1422 4051 est,
1452 3997 1509 4040 ut
1540 3988 1635 4057 ipsi
1664 3997 1883 4043 senten-

300 4081 426 4132 tiam
467 4077 691 4133 ferrent.
735 4077 887 4144 Quod
944 4080 993 4131 in
1045 4078 1239 4132 Davide
1282 4095 1491 4149 quoque
1538 4079 1730 4135 factum
1775 4091 1876 4145 est,

301 4168 517 4239 quando
560 4168 628 4223 de
680 4168 931 4238 parabola
980 4168 1203 4223 Nalhatti
1257 4173 1572 4225 sententiam
1619 4172 1757 4226 tulit.
1800 4172 1879 4226 Ἰίι

298 4276 429 4314 vero
470 4260 603 4314 mihi
642 4259 766 4313 hinc
802 4259 1076 4314 considera
1104 4276 1261 4329 quant
1297 4260 1436 4328 justa
1482 4263 1551 4315 sit
1594 4264 1877 4325 sententia,

297 4350 513 4419 quando
556 4350 612 4409 ii.
639 4350 729 4418 qui
764 4349 1009 4418 puniendi
1038 4359 1181 4417 sunt,
1214 4351 1308 4419 ipsi
1340 4366 1456 4406 sese
1500 4353 1875 4409 condemnant.

300 4441 505 4496 Deinde
536 4440 868 4494 utdiscerent
896 4456 997 4494 non
1021 4442 1189 4493 solum
1224 4441 1272 4495 id
1301 4442 1557 4510 justitiam
1580 4446 1875 4513 requirere,

298 4531 393 4587 sed
447 4532 607 4585 etiam
653 4531 761 4597 jam
811 4532 935 4589 olim
985 4532 1033 4583 id
1074 4531 1328 4601 Spiritum
1374 4535 1765 4599 pronuntiasse,
1825 4545 1879 4589 et

300 4623 472 4677 Deum
506 4621 674 4691 ipsum
702 4622 1018 4675 sententiam
1053 4624 1258 4687 tulisse,
1293 4625 1621 4692 prophetiam
1650 4626 1872 4691 induxit,

299 4717 526 4784 illosque
573 4714 865 4781 increpavit
909 4713 1115 4775 dicens,
1161 4713 1453 4785 Numquam
1484 4716 1690 4786 legistis,
1720 4716 1867 4787 Lapi-

298 4809 410 4857 rtem
454 4822 598 4873 quem
624 4804 1011 4873 reprobuverunt
1047 4806 1372 4871 a’tliﬁcantcs,
1410 4808 1489 4859 hic
1528 4812 1690 4877 factus
1730 4811 1875 4861 estin

296 4907 449 4962 caput
478 4894 699 4966 anguli?
728 4897 768 4948 Α
814 4896 1027 4948 Domino
1058 4902 1246 4967 factum
1273 4907 1343 4950 est
1370 4899 1522 4961 istud,
1554 4910 1599 4953 et
1625 4912 1694 4953 cst
1723 4903 1876 4953 mira‘

298 4991 395 5041 bile
428 4991 482 5041 in
509 4989 671 5041 oculis
695 4990 879 5041 nostris
900 5004 919 5041 :
949 4988 1030 5041 his
1060 4990 1306 5043 onmibus
1333 4992 1638 5051 ostendens,
1664 4992 1875 5047 .Iudccns

301 5083 356 5126 ut
386 5072 693 5127 incredulos
735 5072 1080 5141 abjiciendos,
1127 5084 1311 5143 gentes
1342 5085 1519 5128 autem
1554 5076 1877 5131 inducendas

301 5181 437 5220 esse.
471 5165 522 5218 Id
554 5165 712 5218 etiam
755 5181 847 5232 per
872 5165 1243 5226 Chananccam,
1291 5167 1337 5219 id
1370 5183 1460 5236 per
1490 5170 1751 5229 asinum‘,
1782 5185 1876 5239 per

301 5257 690 5319 centurionem,
716 5271 913 5327 perque
946 5258 1135 5311 multas
1158 5258 1289 5313 alias
1324 5260 1603 5328 parabolas
1628 5263 1872 5317 subindi-

302 5354 456 5408 cavit.
501 5351 614 5405 Hoc
659 5350 817 5405 etiam
868 5367 1027 5405 nunc.
1063 5350 1184 5405 Ideo
1226 5352 1496 5421 subjunxit
1522 5373 1533 5407 :
1563 5355 1607 5406 Α
1653 5353 1873 5413 Domina

301 5439 492 5507 factum
518 5452 587 5493 est
611 5441 764 5504 istud,
792 5452 839 5495 et
874 5452 946 5496 est
974 5445 1199 5497 mirabile
1217 5446 1268 5497 in
1300 5445 1458 5499 oculis
1484 5448 1665 5501 nostris
1689 5464 1707 5501 :
1734 5465 1875 5519 pra:-

298 5531 599 5599 signiﬁcans
622 5534 914 5590 credituras
949 5549 1153 5607 gentes,
1184 5548 1238 5592 et
1261 5536 1470 5593 Judreos
1500 5540 1587 5610 qui
1634 5542 1876 5599 credide-

356 5727 375 5758 ⁸
400 5726 616 5782 Ouulam.
640 5742 725 5784 per
749 5732 951 5781 estnon.

1224 309 1287 365 IN
1320 310 1728 366 MATTIl/EUM
1765 308 1997 365 llOMIL.
2042 306 2266 362 LXVIII.
2307 309 2378 361 al.
2422 308 2606 364 LXIX.

3456 317 3564 373 ΜΡ.

1983 421 2108 481 rint,
2133 435 2295 473 unum
2332 435 2450 476 esse
2475 420 2701 487 futuros,
2746 423 2986 493 quamvis
3030 432 3174 479 tanto
3203 426 3351 495 prius
3395 428 3563 484 inter-

1982 513 2126 565 vallo
2152 512 2432 567 distarent.
2474 513 2673 567 Deinde
2704 522 2761 566 ut
2789 514 3090 570 ediscerent
3130 516 3257 571 nihil
3285 529 3565 587 gestorum

1980 617 2098 656 esse
2124 604 2229 672 Deo
2254 602 2559 669 adversum,
2592 604 2686 659 sed
2711 604 2863 659 valde
2893 617 3171 676 acceptum
3205 618 3362 679 atque
3394 612 3557 665 mira-

1983 694 2108 758 bile,
2133 695 2272 764 quod
2299 696 2597 750 videntibus
2629 707 2901 766 stuporem
2945 698 3159 754 all'erret
3198 700 3335 769 (erat
3364 704 3564 772 quippe

1982 785 2293 838 miraculum
2330 785 2636 856 iuell‘abile,)
2686 788 2956 857 subjunxit
3000 789 3204 855 dicens,
3248 790 3291 843 Α
3344 791 3558 845 Domino

1981 875 2171 945 factum
2210 888 2280 930 est
2330 878 2485 933 istud.
2528 879 2778 950 Lapidem
2827 898 2952 935 Vero
3005 884 3239 952 seipsum
3285 897 3457 951 vocat,
3505 899 3560 941 et

1982 968 2302 1022 aediﬁcantes
2322 969 2625 1023 Juda-orunt
2651 970 2930 1036 doctores;
2960 960 3099 1042 quod
3127 976 3285 1028 etiam
3316 977 3559 1032 Ezechiel

1982 1059 2056 1111 ait
2109 1079 2121 1113 :
2173 1060 2513 1129 zEdiﬁcantes
2567 1081 2803 1129 murum,
2853 1080 2897 1119 et
2952 1070 3177 1122 timentes
3233 1071 3567 1138 incomposite

1985 1148 2195 1220 (Ezech.
2253 1153 2338 1206 l5.
2382 1154 2492 1224 lO).
2541 1154 2821 1219 Quomodo
2871 1168 3046 1210 autem
3106 1162 3561 1228 reprobaverunt?

1982 1242 2113 1293 Cum
2138 1242 2397 1307 dicerent,
2428 1244 2524 1297 Hic
2549 1264 2647 1299 non
2673 1258 2743 1301 est
2766 1265 2827 1301 ea:
2847 1248 2952 1302 Deo
2976 1265 2993 1302 :
3017 1252 3096 1302 hic
3115 1254 3302 1305 seducit
3329 1254 3560 1319 turbam;

1984 1342 2039 1386 et
2080 1351 2311 1398 rursum,
2352 1336 2707 1393 Samaritanus
2747 1357 2796 1393 es
2851 1353 2923 1405 tu,
2972 1352 3015 1394 et
3060 1344 3361 1397 dieinonium
3411 1348 3563 1399 habes

1985 1424 2161 1493 (Joan.
2196 1428 2245 1479 7.
2282 1427 2364 1480 12.
2395 1440 2437 1480 et
2469 1429 2519 1482 8.
2551 1430 2664 1495 48).
2698 1432 2894 1484 Deinde
2925 1442 2981 1485 ut
3018 1444 3422 1501 cognoscerent,
3455 1451 3560 1489 non

1986 1516 2035 1569 id
2061 1527 2259 1570 tantum
2289 1519 2387 1571 sibi
2416 1519 2594 1573 inferri
2621 1521 2761 1590 quod
2785 1522 3124 1590 cjiccrcntur,
3149 1524 3404 1594 supplicia
3432 1542 3565 1595 quo-

1984 1625 2087 1678 que
2122 1609 2293 1674 all‘erl,
2326 1611 2508 1665 dicens
2539 1629 2550 1664 :
2589 1614 2676 1666 44.
2712 1612 2887 1666 Omnis
2916 1615 3001 1682 qui
3030 1617 3261 1669 ceciderit
3300 1633 3453 1683 super
3481 1618 3566 1670 la—

1988 1700 2152 1768 pidem
2180 1703 2329 1765 hunc,
2359 1705 2700 1773 confringetur
2728 1721 2747 1757 :
2772 1722 2922 1771 super
2950 1723 3094 1774 quem
3120 1718 3284 1761 autem
3309 1709 3563 1776 ceciderit,

1988 1790 2237 1843 ventilabit
2277 1808 2407 1844 eum.
2458 1793 2596 1846 Duas
2651 1794 2734 1847 hic
2779 1795 3044 1863 pernicies
3092 1806 3350 1862 annotat;
3394 1801 3568 1867 primo

1986 1880 2125 1949 quod
2165 1882 2263 1935 hoc
2291 1882 2419 1950 ipsis
2448 1882 2766 1936 oll'endiculo
2797 1883 2951 1937 fuerit
2980 1903 2993 1937 :
3024 1885 3124 1939 hoc
3149 1896 3229 1940 est
3270 1891 3431 1950 enim,
3466 1890 3565 1955 Qui

1985 1972 2216 2026 ceciderit
2242 1990 2393 2041 super
2415 1974 2637 2044 lapidem
2663 1975 2796 2028 hunc
2820 1991 2839 2038 ;
2869 1978 3103 2033 secundo
3143 1980 3444 2034 subiudicat
3472 1998 3566 2035 cx-

1987 2063 2181 2117 cidium
2213 2080 2416 2129 eorum,
2451 2081 2735 2128 terumnas,
2770 2069 3079 2136 perniciem,
3109 2087 3266 2139 quam
3312 2073 3455 2127 clare
3485 2074 3568 2126 in-

1987 2156 2181 2211 dicavit
2225 2156 2427 2223 dicens,
2477 2156 2747 2212 Ventilabit
2777 2161 2963 2229 ipsum.
2997 2161 3087 2214 llis
3118 2165 3567 2219 resurrectionem

1987 2262 2139 2300 suam
2171 2247 2543 2304 subindicavit.
2589 2250 2850 2320 Propheta
2888 2264 3033 2307 certe
3074 2253 3234 2307 Isaias
3264 2256 3468 2310 vineam
3496 2256 3566 2308 ab

1988 2336 2103 2406 ipso
2124 2350 2425 2392 accusatam
2447 2339 2595 2402 dicit,
2622 2341 2992 2410 principesque
3016 2344 3191 2411 populi
3218 2345 3565 2400 criminatur:

1988 2439 2040 2481 et
2080 2430 2146 2482 ibi
2175 2431 2388 2498 quidem
2438 2432 2532 2496 ait,
2569 2429 2706 2497 Quid
2744 2432 2889 2485 debui
2934 2438 3101 2503 facere
3148 2437 3301 2489 vincte
3341 2454 3483 2505 metu,
3521 2448 3568 2493 et

1988 2535 2086 2571 non
2125 2520 2221 2587 feci
2269 2520 2420 2591 (lsai.
2451 2521 2503 2575 5.
2545 2521 2642 2592 4)?
2685 2522 2809 2576 alibi
2842 2538 2971 2577 vero
3010 2541 3023 2577 :
3069 2525 3203 2590 Quid
3232 2528 3328 2595 feci
3369 2528 3476 2591 tibi,
3521 2540 3567 2581 et

1987 2611 2119 2679 quod
2157 2611 2446 2665 invenerunt
2474 2622 2640 2681 patres
2679 2616 2750 2667 tui
2780 2616 2832 2667 in
2868 2632 2945 2668 me
2970 2616 3205 2670 delictum
3227 2617 3358 2687 (Jer.
3385 2621 3438 2674 9..
3473 2622 3571 2691 5)?

1988 2716 2049 2755 ac
2081 2719 2309 2763 rursum,
2345 2702 2543 2773 Papute
2586 2721 2748 2770 meus,
2799 2706 2920 2775 quid
2948 2708 3042 2775 feci
3068 2710 3195 2761 tibi?
3241 2721 3328 2762 aut
3375 2712 3427 2763 in
3471 2729 3570 2781 quo

1987 2794 2273 2846 contristari
2304 2804 2350 2847 te
2379 2794 2564 2863 (Mich.
2594 2797 2646 2850 6.
2676 2795 2769 2867 '5)?
2796 2799 3057 2865 ingratum
3098 2800 3306 2853 illorum
3333 2801 3567 2857 animum

1988 2886 2294 2947 ostendens,
2327 2896 2379 2939 et
2400 2887 2673 2940 beneficiis
2699 2887 2941 2953 allectos,
2967 2893 3231 2943 comraria
3260 2893 3570 2961 rependisse

1988 2976 2282 3031 declarans.
2314 2978 2411 3033 Ilic
2450 2990 2625 3033 autem
2660 2980 2788 3033 illud
2818 2980 3187 3035 vehementius
3211 2986 3566 3052 exprimitur:

1990 3085 2160 3139 neque
2199 3070 2340 3123 enim
2373 3071 2485 3139 ipse
2509 3071 2658 3136 dicit,
2711 3070 2847 3136 Quid
2892 3074 3151 3141 oportebat
3199 3090 3276 3127 me
3304 3078 3489 3144 facere.
3523 3086 3569 3127 et

1989 3181 2087 3216 non
2115 3165 2208 3233 feci
2231 3163 2255 3217 ?
2276 3163 2367 3217 sed
2394 3163 2512 3217 illos
2544 3162 2742 3218 inducit
2771 3166 3088 3219 sententiam
3110 3163 3368 3228 dicentes,
3398 3167 3569 3236 ipsum

1988 3256 2203 3323 quidem
2232 3255 2360 3309 nihil
2392 3255 2672 3324 reliquisse
2716 3258 3139 3324 pronuntiantes,
3174 3266 3332 3327 atque
3362 3260 3569 3326 seipstis

1988 3344 2427 3398 condemnantes.
2462 3343 2591 3399 Nam
2630 3360 2749 3399 cum
2778 3344 2981 3408 dicunt,
3009 3344 3175 3398 Malos
3215 3349 3343 3400 male
3371 3348 3566 3417 perdet,

1989 3445 2033 3489 et
2059 3437 2251 3489 vineam
2276 3453 2418 3489 suam
2449 3437 2632 3490 locabit
2662 3438 2777 3490 aliis
2820 3439 3075 3508 agricolis,
3122 3440 3248 3492 nihil
3282 3441 3422 3493 aliud
3464 3442 3565 3497 sibi

1990 3526 2195 3591 volunt,
2226 3536 2278 3581 et
2306 3542 2424 3581 cum
2453 3543 2640 3598 magna
2673 3528 2909 3597 emphasi
2939 3531 3253 3584 sententiam
3286 3530 3477 3585 lerunt.
3514 3532 3569 3586 Id

1987 3618 2289 3685 Stephanus
2314 3634 2523 3687 quoque
2548 3619 2677 3686 ipsis
2713 3619 3075 3686 exprobravit,
3108 3632 3158 3674 et
3188 3622 3307 3674 illos
3337 3625 3567 3678 maxime

1989 3706 2268 3761 mordebat
2289 3707 2421 3779 (Act.
2456 3708 2509 3762 6.
2536 3718 2581 3760 et
2608 3710 2686 3775 7),
2715 3709 2855 3777 quod
2884 3726 3069 3779 magna
3107 3712 3196 3765 Dei
3236 3714 3567 3781 providentia

1989 3814 2200 3866 semper
2226 3799 2445 3868 dignati,
2489 3798 2811 3853 benefactori
2853 3803 3117 3854 contraria
3166 3804 3558 3871 rependereut;

1990 3889 2128 3960 quod
2159 3908 2406 3961 magnum
2445 3893 2651 3961 signum
2679 3901 2812 3958 erat,
2844 3907 2948 3953 non
2980 3894 3310 3961 punientem,
3343 3896 3435 3949 sed
3470 3913 3565 3953 eos

1990 3982 2080 4050 qui
2114 3982 2487 4052 puniebantur,
2520 3998 2735 4037 causam
2778 3984 3019 4052 supplicii
3066 3999 3205 4040 esse.
3250 3986 3361 4039 IIoe
3394 3988 3565 4054 ipsum

1991 4072 2075 4126 hic
2116 4084 2441 4127 monstratur
2486 4090 2579 4143 per
2628 4075 2930 4144 parabolam
2973 4087 3027 4130 et
3070 4092 3165 4144 per
3211 4078 3563 4146 prophetiam.

1988 4164 2169 4233 Neque
2196 4165 2337 4219 enim
2368 4166 2495 4219 satis
2527 4165 2708 4219 habuit
2733 4166 3033 4234 parabolam
3064 4167 3281 4231 dixisse,
3318 4168 3409 4223 sed
3440 4186 3566 4238 pro-

1989 4258 2224 4327 phetiam
2255 4257 2519 4325 duplicem
2564 4258 2801 4322 adduxit,
2837 4258 3047 4312 Davidis
3080 4274 3271 4330 nempe
3310 4270 3361 4315 et
3391 4278 3562 4319 suam.

1988 4350 2121 4417 Quid
2172 4366 2299 4419 ergo
2336 4350 2613 4419 oportebat
2655 4351 2768 4404 hcce
2810 4350 3088 4405 audientes
3132 4351 3346 4407 facere?
3386 4369 3565 4410 annon

1990 4440 2258 4493 adorare?
2298 4455 2472 4491 annon
2522 4439 2774 4492 admirari
2820 4441 3205 4506 providentiam
3251 4445 3479 4510 priorem
3509 4456 3565 4499 et

1989 4533 2335 4601 posteriorem
2360 4531 2382 4581 ?
2409 4530 2462 4582 Si
2491 4538 2665 4583 autem
2695 4545 2756 4582 ex
2789 4530 2934 4581 nullo
2955 4544 3139 4583 eorum
3168 4532 3416 4585 meliores
3443 4533 3563 4587 facti

1987 4632 2128 4685 sont,
2162 4637 2336 4674 annon
2366 4629 2507 4673 metu
2553 4619 2796 4688 supplicii
2828 4620 3176 4688 sapientiores
3209 4622 3320 4675 licri
3352 4632 3565 4691 oporte-

1989 4712 2111 4765 bat?
2137 4710 2241 4766 Sed
2272 4726 2374 4765 non
2408 4710 2656 4763 meliores
2685 4708 2809 4764 facti
2852 4719 2996 4764 sunt.
3029 4710 3163 4775 Quid
3196 4726 3355 4779 porro
3385 4714 3562 4782 sequi~

1990 4805 2110 4857 tur?
2144 4805 2233 4857 43.
2280 4803 2403 4857 Cum
2444 4803 2720 4866 audissent,
2769 4802 2961 4867 inquit,
2998 4814 3332 4871 cognoverunt
3359 4806 3475 4871 quia
3501 4806 3563 4858 de

1987 4898 2110 4964 ipsis
2153 4895 2367 4947 dicebat.
2410 4893 2497 4947 46.
2531 4891 2595 4944 Et
2621 4903 2898 4961 qttterentes
2925 4909 3037 4945 eum
3068 4902 3250 4953 tenere,
3288 4894 3560 4948 timuerunt

1985 4988 2176 5049 turbas,
2204 4986 2442 5054 quoniam
2488 4985 2614 5035 sicut
2656 4983 2950 5052 prophetam
2980 4998 3091 5035 eum
3121 4982 3384 5036 habebant.
3418 4984 3558 5039 Sen—

1986 5088 2169 5131 serunt
2194 5078 2333 5129 enim
2364 5076 2595 5137 tandem,
2629 5074 2768 5143 quod
2800 5074 2940 5141 ipsos
2984 5073 3191 5126 occulte
3223 5082 3447 5129 notaret.
3493 5076 3559 5130 Et

1986 5168 2267 5237 aliquando
2311 5168 2657 5233 interceptus,
2690 5179 2785 5233 per
2824 5163 3054 5217 medium
3096 5163 3303 5217 illorum
3350 5167 3557 5230 transit,

1984 5272 2039 5314 et
2066 5260 2136 5311 illi
2162 5275 2263 5310 non
2297 5257 2476 5311 vident
2502 5273 2515 5319 ;
2546 5254 2828 5325 aliquando
2854 5269 3193 5323 comparens,
3234 5255 3438 5308 illorum
3467 5256 3561 5309 de-

1984 5355 2237 5409 siderium
2294 5353 2552 5422 reprimit.
2594 5352 2745 5418 Quod
2791 5351 3115 5405 admirantes
3164 5352 3233 5404 illi
3265 5351 3508 5406 dicebant
3544 5371 3556 5407 :

1985 5446 2170 5502 Nonne
2193 5446 2272 5499 hic
2306 5457 2376 5500 est
2401 5444 2589 5498 Jesus?
2620 5444 2750 5497 Ecce
2774 5444 2943 5513 palam
2966 5444 3206 5513 loquitur,
3248 5455 3292 5497 et
3321 5447 3447 5499 nihil
3465 5449 3562 5503 ipsi

1984 5542 2152 5596 dicunt
2180 5538 2357 5613 (Joan.
2390 5540 2440 5592 7.
2470 5537 2560 5591 23.
2592 5538 2710 5608 26).
2753 5537 2847 5591 llic
2876 5552 3024 5603 vero,
3055 5539 3174 5607 quia
3202 5540 3560 5594 multitudinis

1985 5634 2176 5687 timore
2201 5626 2591 5695 detinebantur,
2640 5630 2741 5683 hoc
2770 5630 2901 5684 satis
2933 5629 3135 5695 habuit,
3171 5643 3269 5686 nec
3302 5632 3557 5688 miracula

1986 5737 2042 5781 ut
2070 5738 2191 5781 ante
2217 5725 2382 5781 voluit
2407 5726 2589 5786 edere.
2624 5725 2768 5780 verbi
2799 5724 2965 5794 gratia
2995 5740 3090 5794 per
3117 5723 3349 5780 medium
3372 5739 3556 5780 eorum
