4000 6206
501 333 607 390 6&3

502 441 850 506 transeundo,
877 449 977 491 nec
1004 448 1060 487 se
1085 426 1401 484 invisibilem
1436 418 1755 492 praestando.
1787 415 1902 470 Non
1931 412 2070 468 enim

503 538 682 595 omnia
715 546 874 600 supra
902 526 1169 580 hominem
1203 521 1376 574 facere
1406 513 1634 576 volebat,
1680 520 1737 564 ut
1770 507 2078 600 crederetur

503 599 822 684 (Bcouomia.
854 619 932 674 Illi
969 625 1142 670 autem
1170 626 1277 666 non
1304 609 1492 662 timore
1525 599 1886 658 multitudinis-
1906 611 2067 652 einen

501 719 794 776 dabantur,
847 725 952 764 non
999 707 1066 760 ab
1113 703 1283 780 ipsius
1323 698 1478 753 dictis
1507 714 1519 750 :
1546 711 1652 750 non
1699 691 2075 761 prophetarum

506 806 865 867 testimonium
905 796 1308 856 reverebantur,
1354 805 1457 844 non
1499 801 1648 840 suam
1681 785 1914 852 ipsorum
1960 793 2082 832 sen-

505 899 751 961 tentiam,
793 908 895 948 non
937 889 1221 944 multorum
1265 878 1760 937 existimationem:
1796 875 1866 926 ita
1914 868 2080 924 semel

502 992 624 1047 illos
654 983 958 1045 dominandi
1004 976 1265 1047 cupiditas
1308 981 1363 1027 et
1391 986 1540 1023 vana:
1580 968 1763 1037 glorim
1802 979 1952 1016 amor
1989 975 2079 1015 oc-

509 1091 754 1144 rmcarat,
787 1074 926 1147 quod
962 1080 1300 1138 temporauea
1331 1068 1649 1134 quaererent.

575 1197 630 1250 3.
649 1191 846 1247 Futura
871 1180 1192 1257 prmsentibus
1208 1175 1558 1248 anteponenda
1578 1185 1712 1230 sunt.
1731 1175 1916 1231 Contra
1942 1177 2082 1231 thea-

505 1287 568 1340 tri
599 1281 906 1351 spectacula.
940 1273 1309 1328 Monachorum
1333 1270 1452 1322 vita.
1508 1267 1761 1321 Exercitia
1789 1269 2082 1322 monastica.

512 1374 730 1431 ——Nihil
777 1370 916 1426 enim
960 1368 1029 1420 ita
1079 1362 1302 1433 impellit
1330 1369 1386 1416 et
1424 1358 1748 1429 praecipitem
1789 1358 1915 1423 dat;
1956 1359 2085 1413 nihil

511 1481 617 1522 tam
649 1481 677 1518 a
710 1464 1005 1518 futurorum
1038 1470 1220 1511 amore
1243 1452 1442 1519 dejieit,
1463 1460 1518 1503 ut
1546 1450 1703 1504 ﬂuxis
1718 1450 1876 1520 afﬂigi
1905 1451 2084 1516 rebus;

510 1559 640 1614 nihil
672 1558 742 1610 ita
775 1563 826 1607 ct
854 1547 1202 1620 praesentibus
1231 1553 1285 1598 et
1313 1543 1503 1596 futuris
1525 1541 1756 1611 jucunde
1773 1545 1845 1596 uti
1881 1543 2082 1611 tribuit,

509 1662 567 1704 ut
595 1650 768 1704 futura
798 1641 1040 1696 omnibus
1065 1647 1412 1704 anteponere.
1441 1633 1530 1686 Ait
1557 1635 1751 1702 quippe
1795 1632 2040 1690 Christus
2071 1651 2087 1690 ε

514 1741 735 1806 Qum-ite
762 1736 978 1805 primunt
1006 1744 1214 1798 regnum
1239 1725 1352 1786 Dei,
1378 1733 1424 1778 et
1453 1723 1560 1777 hwc
1591 1724 1761 1777 omnia
1788 1724 2090 1796 adjiciantur

510 1833 645 1887 nobis
676 1825 885 1899 (Matth.
917 1823 970 1877 6.
1002 1819 1118 1888 55).
1150 1816 1307 1886 Atqui
1345 1815 1550 1869 etiamsi
1584 1813 1697 1868 hare
1730 1814 1958 1883 adjectio
1992 1830 2087 1885 po-

509 1927 607 1979 sita
629 1937 735 1976 non
759 1925 923 1982 esset,
949 1929 1052 1967 non
1084 1920 1258 1965 tamen
1289 1907 1402 1961 haec
1423 1904 1709 1960 admodum
1740 1904 2089 1961 desideranda

510 2020 726 2074 essent;
757 2021 896 2062 nunc
937 2012 1113 2058 autem
1142 2013 1264 2053 cum
1293 1997 1378 2050 illa
1407 1995 1637 2064 accipis,
1670 1995 1783 2049 haec
1810 1997 1967 2049 etiam
1999 2011 2090 2066 ap-

511 2099 816 2175 prehendis.
845 2091 1096 2151 Nonnulli
1126 2100 1300 2144 tamen
1329 2087 1413 2141 his
1435 2101 1541 2140 non
1563 2085 1964 2153 obtemperant;
1995 2086 2090 2141 sed

511 2192 772 2264 lapidibus
794 2200 953 2242 sensu
985 2180 1292 2239 carentibus
1319 2176 1544 2240 similes,
1565 2175 1849 2244 voluptatis
1877 2175 2090 2230 umbras

511 2294 823 2358 sequuntur.
871 2276 1007 2346 Quid
1050 2273 1191 2329 enim
1237 2270 1392 2324 dulce
1434 2269 1488 2322 in
1523 2267 1772 2337 praisenti
1820 2269 1924 2322 vita
1969 2269 2092 2323 est?

511 2377 635 2450 quid
661 2368 988 2446 jucundum?
1008 2366 1137 2421 Nam
1161 2377 1280 2418 cum
1307 2359 1506 2431 majore
1546 2358 1738 2413 fiducia
1770 2373 1864 2412 vos
1891 2359 2094 2428 alloqui

513 2470 672 2525 hodie
695 2465 816 2521 volo
847 2482 860 2518 :
892 2459 982 2517 sed
1031 2472 1115 2512 me
1163 2455 1324 2520 ferte,
1371 2463 1430 2507 ut
1472 2450 1689 2506 discatis
1719 2491 1734 2514 ,
1768 2451 1928 2504 vitam
1972 2466 2092 2521 quae

513 2565 647 2620 dura
678 2569 731 2615 et
757 2568 981 2612 onerosa
1004 2549 1242 2610 videtur,
1283 2543 1666 2600 monachorum
1696 2542 1900 2596 scilicet
1927 2550 1981 2596 et
2004 2556 2096 2595 eo-

511 2671 630 2713 rum
669 2652 755 2721 qui
786 2648 991 2717 seipsos
1016 2639 1424 2702 crucifixerunt,
1452 2635 1607 2704 longe
1635 2633 1926 2688 dulciorem
1953 2633 2094 2687 desi-

512 2745 994 2808 derabilioremquc
1023 2751 1142 2792 esse
1169 2734 1267 2786 hac
1295 2731 1400 2785 vita
1434 2769 1449 2794 ,
1483 2744 1602 2798 qua:
1645 2727 1853 2782 videtur
1881 2741 2095 2780 suavror

513 2837 913 2903 delicatiorque.
947 2829 1221 2897 Hujusque
1241 2824 1316 2878 rei
1346 2831 1508 2876 testes
1534 2834 1628 2874 vos
1653 2820 1800 2885 estis,
1833 2818 1922 2887 qui
1950 2833 2094 2886 smpe

515 2932 568 2986 in
608 2921 995 2984 calamitatibus
1033 2925 1087 2972 et
1129 2913 1382 2969 aerumnis
1425 2918 1652 2964 mortem
1683 2908 1928 2976 optastis,
1961 2907 2096 2960 illos-

514 3035 619 3092 que
647 3020 828 3073 beatos
861 2997 1207 3081 prmdicastis,
1227 3003 1314 3072 qui
1346 3003 1396 3054 in
1431 2999 1720 3062 montibus,
1743 2997 1795 3050 in
1824 2996 2092 3066 speluncis

515 3087 1092 3180 degunt,c:clibemqae
1115 3103 1169 3150 et
1188 3091 1414 3162 negotiis
1432 3103 1648 3142 vacuam
1675 3087 1872 3141 ducunt
1895 3087 2052 3138 vitam
2078 3102 2092 3150 ;

515 3177 611 3258 vos
634 3211 825 3265 nempe
852 3236 867 3260 ,
898 3192 986 3263 qui
1019 3188 1100 3244 vel
1141 3185 1371 3240 artifices
1391 3223 1406 3246 ,
1441 3181 1523 3236 vel
1556 3179 1750 3234 milites
1781 3178 1912 3232 estis
1936 3219 1949 3239 ,
1983 3177 2095 3230 sive

514 3292 605 3365 qui
634 3290 796 3344 vitam
817 3282 1012 3340 ducitis
1031 3277 1212 3343 otiosi,
1245 3276 1356 3329 sive
1385 3273 1474 3344 qui
1507 3271 1559 3325 in
1601 3284 1761 3324 scena
1804 3277 1859 3322 et
1892 3266 2082 3365 orche-

509 3358 638 3435 s'tris
654 3377 794 3432 diem
821 3371 1141 3442 trausigitis.
1164 3369 1290 3422 lude
1312 3371 1479 3426 enim,
1498 3363 1747 3434 quamvis
1767 3360 1912 3413 mille
1933 3358 2086 3412 volu-

510 3479 686 3541 ptates
727 3465 993 3523 scaturire
1031 3462 1336 3522 videantur,
1369 3465 1622 3511 sexcenta
1661 3455 1762 3508 tela
1796 3453 2087 3506 mittuntur

513 3560 858 3617 amarissima
880 3557 919 3612 ¹.
942 3556 997 3609 Si
1020 3555 1144 3624 quis
1157 3553 1300 3606 enim
1325 3549 1574 3605 saltantis
1594 3546 1783 3618 puella:
1798 3557 1984 3598 amore
2005 3543 2089 3596 in-

515 3654 842 3716 flammetur,
866 3648 1010 3704 omni
1040 3645 1251 3709 militia,
1283 3642 1430 3696 omni
1458 3637 1890 3711 peregrinatione
1913 3635 2095 3690 durio-

518 3762 609 3802 res
624 3744 759 3800 feret
775 3742 1074 3800 cruciatus,
1099 3736 1376 3809 pejorique
1397 3734 1451 3788 in
1477 3742 1642 3794 statu,
1661 3746 1826 3801 quam
1847 3728 1976 3782 urbs
1994 3727 2094 3780 ob-

521 3854 696 3905 sessa,
713 3836 834 3893 erit.
857 3835 962 3890 Sed
984 3849 1049 3887 ne
1073 3834 1180 3887 illis
1198 3831 1403 3884 diutius
1425 3813 1830 3887 incumbamus,
1851 3821 1983 3891 ipsis
2003 3835 2100 3873 eo-

524 3947 646 3987 rum
659 3930 752 4000 qui
772 3929 852 3984 sic
863 3927 1004 3997 capti
1020 3934 1146 3980 sunt
1160 3921 1511 3978 cunscientia'
1526 3915 1946 3985 relictis,age,de
1965 3911 2100 3966 mul-

523 4035 706 4079 torum
731 4023 839 4076 vita
877 4033 1018 4073 nunc
1044 4028 1299 4085 agamus:
1327 4022 1380 4066 et
1411 4020 1620 4064 tantum
1653 4008 1790 4059 inter
1814 4016 2102 4071 utramque

528 4119 696 4172 vitam
712 4115 1053 4169 inveniemus
1070 4105 1702 4169 iutervallum.quautum
1725 4100 1864 4151 inter
1882 4106 2098 4166 portum

518 4214 569 4256 et
613 4198 859 4252 fluctibus
889 4193 1143 4264 agitatum
1177 4190 1414 4260 pelagus.
1452 4188 1533 4243 Ex
1563 4187 1882 4244 habitaculis
1917 4193 2095 4246 statim

517 4286 586 4348 ab
623 4288 844 4346 exordio
883 4287 1070 4340 horum
1113 4284 1417 4338 felicitatem
1449 4281 1724 4336 considera
1757 4297 1772 4346 ;
1815 4280 1926 4336 fora
1954 4284 2094 4337 enim

517 4396 573 4441 et
617 4383 777 4438 urbes
820 4378 1179 4445 tumultusque
1230 4375 1281 4429 in
1335 4374 1513 4429 medio
1559 4374 1759 4444 positos
1790 4374 2048 4444 fugientes
2079 4418 2092 4442 ,

519 4479 680 4532 vitam
730 4475 781 4528 in
813 4470 1082 4526 montibus
1126 4465 1475 4536 delegerunt,
1507 4480 1625 4534 qum
1654 4464 1783 4518 nihil
1812 4479 1930 4518 cum
1966 4483 2098 4532 pra:-

517 4568 656 4624 senti
681 4569 786 4620 vita
813 4575 1096 4619 commune
1125 4559 1301 4623 habet,
1329 4573 1447 4627 qua:
1476 4555 1605 4610 nihil
1635 4557 1918 4609 humanum
1950 4557 2098 4625 pati-

521 4674 644 4728 tur;
685 4675 791 4716 non
817 4657 1060 4712 dolorem
1088 4667 1182 4722 pro
1209 4652 1370 4705 rebus
1398 4649 1744 4703 s:rcularibus
1774 4689 1788 4712 ,
1832 4665 1935 4701 non
1966 4663 2072 4705 mm

521 4767 696 4810 rorem
726 4749 813 4805 vel
836 4743 1271 4807 sollicitudinem,
1305 4755 1410 4793 non
1441 4739 1693 4808 pericula.
1729 4754 1832 4792 non
1858 4740 2098 4804 insidias,

521 4861 627 4900 non
646 4840 922 4900 invidiam.
955 4851 1059 4892 non
1093 4835 1334 4894 livorem,
1364 4846 1468 4884 non
1500 4839 1680 4898 turpes
1709 4845 1922 4884 amores
1945 4873 1958 4891 .
1993 4847 2096 4884 null

517 4937 662 4994 aliud
703 4934 972 5006 quidpiam
1003 4929 1195 4985 simile.
1223 4925 1338 4980 Jam
1369 4925 1454 4978 hic
1494 4924 1567 4977 illi
1611 4939 1730 4992 quae
1771 4923 1835 4976 ad
1879 4940 2096 4993 regnum

519 5031 774 5086 crelorum
806 5018 1068 5094 pertinent
1101 5018 1445 5081 meditantur,
1478 5017 1529 5069 in
1557 5015 1780 5069 saltibus
1802 5025 2095 5079 versantes,

526 5119 794 5176 montibus
820 5113 1161 5181 foutibusque
1191 5151 1206 5175 ,
1246 5123 1364 5163 cum
1392 5107 1569 5176 quiete
1598 5106 1758 5160 multa
1791 5123 1805 5157 τ
1837 5107 2100 5176 prmcipne

521 5219 700 5265 autem
747 5208 856 5261 Deo
900 5204 1148 5265 haerent,
1195 5200 1566 5271 tuguriumque
1607 5197 1816 5253 illorum
1847 5199 1989 5253 omni
2015 5208 2098 5252 ιιιο

524 5299 690 5354 ιιιιιιιιι
715 5309 939 5356 vacuum
953 5303 1056 5362 est,
1079 5291 1254 5355 anima
1281 5289 1427 5356 omni
1451 5289 1640 5346 morbo
1666 5297 1722 5344 et
1762 5303 1926 5360 pravo
1965 5287 2101 5343 atie-

599 5537 616 5566 ¹
645 5532 728 5583 Sic
751 5538 856 5581 tres
893 5530 1028 5578 codd.
1061 5526 1190 5578 liditi
1217 5540 1336 5576 vero
1363 5543 1374 5576 :
1403 5525 1480 5578 Ibi
1502 5526 1627 5576 enim
1652 5528 1778 5575 unde
1804 5526 1938 5577 mtl’e
1965 5525 2102 5577 volu-

538 5599 688 5664 ptates
707 5590 946 5650 scaturire
964 5589 1236 5649 uideantur,
1261 5596 1483 5641 scamna
1503 5592 1595 5640 tela
1617 5588 1869 5640 mittuntur
1899 5586 2114 5640 amaris-

543 5668 701 5764 milii:
737 5716 907 5765 Morel.
933 5716 1055 5777 haec,
1077 5710 1208 5763 omni
1239 5709 1433 5775 militia,
1451 5711 1639 5760 desunt

1263 311 1319 366 S.
1359 304 1634 366 JOANNIS
1660 296 2130 360 CIIRYSOSTOMI
2172 295 2489 351 ARCHIEP.
2528 289 3054 349 CONSTANTINOP.

3634 301 3719 358 0M

2187 419 2275 463 ctu
2306 409 2489 472 libera,
2524 408 2675 472 levis,
2699 407 2963 477 expedita,
2995 415 3049 460 et
3077 405 3382 462 tenuissimo
3404 423 3522 464 aere
3545 415 3720 481 purior.

2184 499 2326 570 Opus
2353 511 2529 554 autem
2565 499 2776 552 illorum
2807 497 3036 566 idipsum
3076 509 3176 561 est,
3207 498 3347 568 quod
3400 499 3558 554 Adam
3597 503 3726 559 initio

2188 590 2411 652 habuit,
2449 600 2732 660 antequam
2756 600 3038 660 peccaret,
3083 590 3293 660 quando
3332 591 3495 661 gloria
3541 594 3720 652 indutus

2191 695 2306 735 cum
2357 681 2464 735 Deo
2502 681 2671 735 libere
2715 679 3029 750 loquebatur
3059 721 3074 746 ,
3105 690 3161 734 et
3208 679 3382 735 locum
3419 682 3559 736 illum
3585 687 3724 741 multa

2192 773 2516 827 beatitudine
2543 771 2794 826 refertum
2820 772 3104 826 incolebat.
3137 771 3192 825 lu
3220 785 3327 841 quo
3350 772 3489 828 enim
3527 774 3572 828 hi
3600 777 3724 845 pejus

2185 879 2343 934 quam
2373 864 2463 918 ille
2486 862 2702 933 degunt,
2729 877 2849 917 cum
2874 871 2996 917 ante
3023 862 3432 917 inobedientiam
3461 867 3642 934 positus
3661 880 3727 926 est

2189 955 2244 1008 in
2277 954 2524 1024 paradiso
2557 963 2614 1007 ut
2633 954 2986 1023 operaretur?
3012 953 3160 1007 Nulla
3186 953 3282 1022 ipsi
3313 954 3574 1009 saecularis
3601 958 3724 1011 soli;-

2189 1048 2368 1103 citudo
2396 1047 2570 1101 inerat
2591 1087 2607 1112 ,
2647 1047 2786 1100 nulla
2812 1046 2969 1100 etiam
2998 1046 3270 1100 monachis
3307 1046 3410 1100 illis
3437 1064 3451 1100 :
3479 1063 3597 1116 pura
3620 1065 3726 1103 con-

2190 1139 2410 1194 seientia
2468 1139 2632 1193 Deum
2677 1138 3085 1208 alloquebatur,
3135 1146 3191 1192 et
3240 1136 3295 1191 hi
3340 1137 3576 1194 similiter
3604 1159 3615 1193 :
3643 1142 3728 1198 imo

2191 1231 2358 1284 multo
2395 1229 2652 1298 majorem
2698 1243 2857 1298 quam
2898 1229 2988 1282 ille
3033 1228 3276 1282 fiduciam
3314 1228 3548 1294 habent,
3578 1241 3728 1300 utpote

2192 1321 2379 1389 majori
2423 1321 2659 1375 fruentes
2701 1320 2867 1390 gratia
2899 1320 3151 1390 Spiritus.
3187 1320 3291 1374 Par
3319 1330 3464 1376 esset
3499 1333 3631 1378 certe
3654 1340 3728 1380 vos

2193 1413 2306 1466 haec
2329 1411 2498 1465 oculis
2528 1411 2839 1480 percipere:
2871 1411 2962 1466 sed
2991 1411 3112 1480 quia
3145 1426 3248 1465 non
3278 1412 3439 1466 vultis
3467 1453 3482 1476 ,
3524 1416 3728 1481 atquein

2192 1503 2419 1557 tumultu
2450 1511 2502 1558 el
2533 1503 2647 1556 foro
2679 1503 2888 1573 degitis,
2914 1517 3007 1558 vos
3032 1501 3220 1557 saltem
3254 1503 3418 1556 verbo
3446 1503 3728 1562 doceamus:

2191 1610 2351 1648 unam
2377 1610 2505 1650 vero
2532 1604 2732 1664 partem
2760 1596 2881 1649 vitae
2911 1595 3121 1649 illorum
3148 1597 3472 1666 eicipiemus
3490 1640 3503 1663 ,
3529 1614 3634 1652 nam
3659 1610 3730 1654 to-

2194 1692 2303 1739 tam
2333 1686 2580 1755 persequi
2609 1700 2713 1739 non
2745 1699 3047 1754 possumus.
3097 1683 3176 1738 llli
3204 1686 3294 1753 qui
3329 1687 3597 1741 luminaria
3633 1701 3732 1744 sunt

2194 1775 2360 1839 orbis,
2389 1790 2508 1829 cum
2539 1775 2618 1829 sol
2646 1782 2794 1829 ortus
2819 1784 2930 1838 est,
2963 1775 3071 1829 imo
3099 1775 3189 1830 diu
3223 1784 3503 1846 antequam
3549 1777 3692 1833 luceat
3714 1821 3727 1845 ,

2194 1883 2225 1921 e
2273 1867 2410 1922 lecto
2449 1875 2726 1937 surgentes
2773 1869 2910 1932 sani,
2941 1878 3065 1922 sunt
3087 1869 3296 1937 vigiles,
3327 1867 3549 1939 expediti
3571 1871 3730 1939 (nullus

2194 1959 2335 2013 enim
2367 1958 2438 2012 ibi
2461 1957 2635 2025 dolor,
2668 1960 2747 2014 vel
2769 1957 3091 2022 sollicitudo,
3125 1959 3207 2013 vel
3236 1973 3422 2028 SOpOI',
3450 1975 3547 2013 nou
3573 1961 3728 2019 fabor.

2197 2064 2303 2103 non
2335 2049 2664 2119 negotiorum
2695 2051 2845 2103 turba
2867 2091 2882 2116 ,
2938 2064 3044 2102 non
3088 2049 3212 2116 quid
3242 2049 3418 2104 simile
3449 2092 3464 2116 ,
3499 2050 3583 2104 sed
3609 2052 3728 2118 quasi

2197 2143 2368 2212 angeli
2400 2143 2452 2195 in
2485 2141 2618 2196 caelo
2645 2142 2886 2213 degunt)
2917 2159 2931 2195 :
2964 2150 3242 2212 surgentes
3275 2141 3431 2212 igitur
3459 2143 3618 2195 statim
3643 2143 3726 2197 farti

2196 2242 2250 2289 et
2279 2233 2493 2300 hilares,
2523 2234 2743 2289 chorum
2770 2234 3021 2289 facientes
3049 2249 3228 2296 unum,
3263 2234 3386 2288 Iacto
3414 2216 3550 2288 vultu
3569 2245 3615 2288 et
3631 2249 3730 2288 cou-

2196 2327 2415 2381 scientia
2444 2326 2600 2380 simul
2633 2342 2842 2392 omnes,
2871 2326 3020 2396 quasi
3050 2342 3153 2380 uno
3183 2342 3301 2389 ore,
3333 2325 3534 2397 hymnis
3560 2328 3730 2382 univer-

2197 2431 2376 2472 sorum
2428 2417 2592 2472 Deum
2635 2416 2972 2479 celebrante
3003 2414 3288 2470 laudantes
3321 2431 3440 2470 eum
3481 2425 3531 2470 et
3573 2415 3730 2484 gratias

2199 2506 2294 2578 ipsi
2323 2517 2537 2576 agentes
2565 2523 2660 2576 pro
2682 2507 2946 2571 omnibus,
2977 2506 3088 2559 sive
3112 2506 3345 2575 pr0priis
3362 2547 3376 2570 ,
3403 2505 3510 2560 sive
3531 2521 3727 2560 commu-

2199 2600 2359 2654 nibus
2389 2600 2679 2654 beneficiis.
2711 2600 2886 2667 Quare
2917 2599 3082 2653 misso
3116 2580 3343 2664 Adamo,
3377 2599 3726 2670 interrogemus,

2201 2689 2252 2742 in
2301 2703 2408 2760 quo
2448 2689 2657 2742 diﬂ‘erat
2692 2690 2760 2742 ab
2797 2690 2999 2758 angelis
3031 2689 3119 2742 ille
3152 2689 3354 2743 chorus
3397 2690 3665 2742 canentium
3692 2691 3728 2739 in

2201 2790 2341 2835 terra
2365 2790 2418 2834 et
2442 2780 2730 2835 dicentium
2757 2797 2768 2833 :
2801 2778 2976 2833 Gloria
2999 2781 3052 2832 in
3079 2780 3294 2834 excelsis
3323 2778 3425 2832 Deo
3448 2820 3460 2839 ,
3489 2791 3531 2832 et
3554 2781 3598 2832 in
3621 2789 3725 2833 term

2199 2892 2319 2946 pax,
2342 2876 2392 2928 in
2425 2875 2710 2927 hominibus
2738 2874 2868 2927 bona
2899 2874 3133 2926 voluntas
3163 2871 3181 2943 (
3199 2871 3330 2926 Luc.
3358 2872 3412 2924 2.
3443 2871 3559 2940 24).
3588 2870 3729 2924 Vestis

2203 2974 2378 3019 autem
2424 2965 2527 3018 illis
2558 2965 2686 3018 viris
2717 2964 2874 3029 digna
2900 2973 2984 3016 est
3015 2980 3026 3015 :
3060 2976 3230 3025 neque
3268 2963 3410 3016 enim
3440 2960 3634 3030 perinde
3659 2975 3707 3012 ve

2200 3055 2432 3108 stiuntur
2455 3063 2612 3124 atque
2643 3055 2674 3107 ii
2706 3055 2794 3122 qui
2819 3055 3024 3108 tunicas
3053 3051 3274 3106 trahunt
3303 3068 3398 3121 per
3422 3052 3585 3112 vicos,
3604 3066 3728 3104 ener-

2204 3148 2312 3200 vati
2342 3156 2394 3214 et
2427 3146 2716 3200 effeminati
2752 3145 2862 3215 (a):
2897 3144 2988 3198 sed
3013 3154 3069 3198 ut
3090 3144 3226 3198 beati
3265 3144 3338 3198 illi
3367 3142 3548 3213 angeli,
3582 3141 3727 3200 Elias.

2203 3237 2426 3293 Elisa‘us
2450 3279 2466 3303 ,
2494 3237 2725 3292 Joannes
2748 3279 2763 3303 ,
2790 3237 3052 3304 apostoli,
3084 3237 3389 3290 vestiuntur
3414 3277 3426 3299 ,
3459 3235 3539 3288 alii
3563 3250 3616 3286 ex
3638 3233 3729 3302 pilis

2202 3327 2436 3397 caprinis
2460 3370 2473 3391 ,
2507 3327 2594 3381 alii
2637 3342 2698 3381 ex
2747 3327 2867 3395 pilis
2911 3327 3234 3381 camelorum
3274 3326 3520 3396 :quidam
3550 3323 3728 3394 pellibus

2205 3425 2407 3471 tantum
2457 3418 2779 3472 amiciuntur
2819 3426 3078 3472 vetustate
3127 3417 3290 3472 tritis.
3323 3417 3520 3472 Deinde
3546 3414 3725 3486 postilla

2201 3511 2403 3564 cantica
2431 3525 2601 3577 genua
2635 3509 2910 3564 ﬂcctcntcs
2940 3550 2955 3575 ,
2990 3510 3155 3564 Deum
3195 3519 3478 3580 precantur
3495 3524 3581 3579 pro
3605 3505 3728 3562 rebus

2201 3615 2320 3669 qua:
2372 3600 2551 3654 multis
2599 3615 2666 3655 ne
2709 3601 2759 3654 in
2812 3611 3044 3655 mentem
3090 3600 3306 3669 quidem
3351 3600 3522 3656 venire
3551 3597 3726 3668 possint.

2203 3689 2548 3744 Prazsentium
2581 3691 2721 3745 enim
2769 3691 2900 3744 nihil
2939 3701 3123 3760 petunt
3168 3690 3288 3762 (illa
3317 3691 3502 3760 quippe
3529 3688 3637 3741 nihil
3659 3701 3730 3739 cu.

2202 3778 2356 3845 rant)
2393 3796 2407 3843 ;
2448 3779 2539 3834 sed
2581 3789 2638 3834 ut
2679 3796 2796 3834 cum
2837 3781 3027 3834 fiducia
3056 3792 3198 3835 stare
3227 3783 3432 3850 possint
3455 3788 3568 3833 ante
3595 3776 3725 3830 tribu-

2161 3910 2163 3913 .
2203 3870 2287 3923 nal
2336 3869 2462 3924 illud
2513 3871 2836 3924 horrendum
2863 3913 2880 3937 ,
2911 3871 3121 3940 quando
3159 3872 3333 3925 veniet
3367 3869 3640 3940 unigenitus
3660 3864 3725 3916 Dei

2201 3962 2369 4018 Filius
2391 3963 2631 4032 judicare
2673 3965 2819 4018 vivos
2845 3975 2899 4018 et
2927 3975 3165 4018 mortuos
3191 3981 3206 4029 ;
3236 3973 3291 4018 et
3335 3973 3388 4017 ut
3421 3977 3566 4018 nemo
3587 3957 3727 4013 audiat

2203 4053 2502 4108 terribilem
2536 4053 2676 4107 illam
2709 4069 2889 4109 vocem
2917 4097 2931 4119 ,
2961 4053 3145 4108 Nescio
3175 4071 3260 4108 vos
3287 4053 3492 4124 (Matth.
3519 4051 3597 4104 25.
3625 4046 3723 4116 12);

2203 4155 2363 4217 atque
2394 4156 2449 4200 ut
2488 4162 2608 4202 eum
2642 4163 2767 4216 pura
2811 4147 3135 4202 conscientia
3167 4156 3221 4202 et
3245 4147 3396 4200 bonis
3420 4144 3642 4214 operibus
3663 4139 3724 4192 la-

2203 4240 2471 4294 boriosam
2497 4240 2633 4293 hanc
2666 4240 2827 4294 vitam
2856 4240 3195 4302 emetiamur.
3224 4250 3278 4293 et
3304 4237 3630 4308 procellosum
3649 4231 3725 4282 huc

2203 4349 2350 4388 mare
2387 4332 2669 4401 tranquille
2697 4339 3042 4387 transmeent.
3076 4331 3186 4384 Dux
3219 4341 3302 4385 est
3328 4339 3495 4384 autem
3522 4327 3612 4380 Illis
3627 4335 3724 4376 ora-

2203 4426 2362 4479 tionis
2393 4469 2407 4488 ,
2449 4435 2600 4493 pater
2641 4435 2694 4479 et
2747 4424 3047 4493 pra'fectus.
3097 4423 3297 4478 Deinde
3337 4427 3597 4489 surgentes
3632 4419 3723 4482 post

2202 4526 2413 4570 sanctas
2442 4517 2560 4570 illas
2579 4527 2628 4570 et
2664 4515 2972 4586 frequentes
2991 4514 3275 4576 oratioizes,
3307 4513 3499 4566 oriente
3524 4507 3621 4563 sole
3641 4505 3726 4556 sin-

2201 4609 2308 4677 gnli
2339 4609 2401 4660 ad
2429 4624 2580 4663 suum
2613 4623 2746 4678 opus
2772 4624 2832 4663 se
2857 4607 3138 4662 conferunt
3163 4623 3177 4672 ;
3223 4606 3346 4661 hinc
3370 4615 3596 4674 maguum
3620 4610 3720 4666 ege-

2203 4701 2286 4754 nis
2310 4713 2622 4770 proventum
2655 4712 2920 4770 parantes.

2273 4819 2325 4871 4.
2359 4815 2458 4873 Ubi
2490 4827 2613 4870 sunt
2641 4830 2780 4870 nunc
2809 4815 2881 4868 illi
2902 4815 2989 4884 qui
3017 4814 3292 4869 diabolicis
3307 4811 3478 4868 choris
3493 4823 3545 4862 se
3561 4801 3721 4860 dedunt

2204 4909 2624 4977 meretriciisque
2652 4907 2892 4961 cantibus
2918 4947 2932 4971 ,
2963 4917 3017 4960 et
3057 4907 3106 4959 in
3148 4905 3365 4959 theatris
3403 4897 3607 4956 sedent?
3631 4892 3719 4947 Non

2204 5002 2321 5054 sine
2350 5000 2549 5069 pudore
2579 4999 2695 5054 illos
2723 5013 3019 5053 memorare
3051 5011 3264 5067 possum
3291 5013 3304 5059 ;
3337 4993 3424 5048 sed
3449 4990 3512 5045 ob
3537 4980 3719 5041 infirmi-

2207 5099 2366 5144 tatem
2417 5099 2643 5144 vestram
2673 5089 2720 5142 id
2765 5088 2938 5143 facerc
2971 5103 3148 5156 opera:
3179 5085 3396 5156 pretium
3429 5078 3584 5135 fuerit.
3615 5071 3717 5127 Nam

2205 5183 2276 5237 ait
2304 5184 2498 5238 Paulus
2524 5200 2536 5237 :
2568 5181 2712 5236 Sicut
2739 5181 2892 5251 igitur
2918 5179 3209 5234 exhibuistir
3238 5174 3446 5230 membra
3471 5177 3610 5225 vestra
3635 5177 3719 5215 ser-

2204 5276 2309 5329 vire
2331 5273 2659 5328 inmunditia:
2689 5314 2701 5332 ,
2729 5271 2799 5325 ita
2842 5287 2977 5324 nunc
3006 5269 3226 5324 exhibete
3255 5266 3342 5320 illa
3366 5263 3532 5319 servire
3544 5252 3717 5328 Ῑυειὶῑίω

2205 5367 2256 5420 in
2283 5365 2729 5434 sanctiﬁcationem
2757 5363 2774 5435 (
2805 5363 2951 5416 Rom.
2977 5361 3029 5415 6.
3068 5361 3135 5414 15
3233 5359 3337 5416 Nos
3362 5357 3522 5424 itaque
3538 5347 3715 5403 chorum

2270 5569 2343 5648 (ᾳ.)
2366 5567 2444 5648 Pe
2465 5565 2782 5648 ,δεπεῖωίεῑιιίὲ
2801 5561 3095 5648 retusae“
3118 5543 3714 5648 Ἆξὶέῑιεητιξξθίὲἑξεῖῑίῖὶᾟ

2210 5609 2349 5743 caiit'.
2370 5609 2404 5678 Ξ
2418 5609 2443 5679 ἷ
2457 5609 3094 5689 ιῖἀὶὶεὲἇέίἷᾶιιῶἶδῖέὶῃῶ
3115 5609 3302 5682 tunicis,
3328 5617 3434 5669 vctis
3472 5609 3624 5662 σηιξεη,

2230 5705 2347 5757 oms.
