4000 6206
215 344 316 398 655

212 453 356 509 illaut
402 451 737 505 meretricam
770 448 1048 502 mulierum
1086 448 1103 477 ‘
1141 446 1480 515 exploremus
1508 486 1521 507 ,
1553 460 1649 499 nec
1678 463 1688 496 ι
1713 460 1782 495 on

208 559 568 616 corruptorum
592 544 868 614 juvennm,
898 544 987 612 qui
1015 552 1157 596 stant
1185 543 1235 594 itt
1263 556 1422 595 seena
1443 582 1459 602 .
1490 549 1542 592 et
1563 552 1781 605 compa-

209 656 379 695 reinus
407 654 499 694 eos
519 654 640 693 cum
671 638 749 690 his
776 636 945 691 beatis
976 635 1101 687 viris
1132 676 1146 695 ,
1193 633 1333 703 quod
1359 634 1424 686 ad
1456 633 1779 700 Voluptatem

212 735 466 803 pertinet:
492 747 593 801 qua
627 730 898 800 voluptate
929 728 1211 798 capiuntur
1258 726 1407 780 multi
1454 727 1678 795 juvenes
1716 738 1783 778 ex

208 822 713 896 negligentioribus,
761 822 971 875 illorum
1041 819 1245 872 artibus
1292 819 1503 871 irretiti.
1556 818 1781 870 Tantum

205 919 337 973 enim
370 918 511 969 inter
534 926 789 982 utrosque
816 912 1104 966 discrimen
1130 911 1457 979 reperiemus
1482 952 1495 971 ,
1524 917 1779 976 quantum

206 1011 339 1065 inter
368 1010 585 1077 angelos
610 1008 659 1061 in
681 1007 812 1059 czclo
842 1015 1098 1059 canentes
1122 1046 1137 1070 ,
1161 1012 1215 1059 et
1246 1015 1463 1057 suavem
1496 1002 1639 1054 illam
1669 1014 1781 1052 me-

210 1102 396 1155 ludiam
425 1099 734 1153 emittentes
759 1139 773 1161 ,
803 1106 859 1151 ct
882 1111 1043 1150 canes
1091 1110 1386 1165 porcosque
1429 1094 1478 1147 in
1511 1095 1635 1146 lituo
1662 1093 1781 1143 nluo

204 1196 363 1249 tantes
385 1203 441 1248 et
464 1192 826 1263 grunnientes.
856 1189 957 1244 Per
987 1190 1177 1241 horum
1203 1188 1344 1242 enim
1371 1201 1462 1239 ora
1481 1186 1755 1246 Christus,

204 1303 293 1353 per
318 1286 528 1338 illorum
561 1284 791 1352 linguam
820 1281 1061 1335 diabolus
1086 1279 1339 1349 loquitur.
1371 1276 1537 1332 Tibia:
1570 1278 1677 1330 illis
1703 1278 1784 1329 itt-

202 1377 404 1431 condita
438 1391 566 1429 voce
600 1383 792 1429 sonant
823 1415 837 1435 ,
886 1372 1339 1441 injucumlmnqne
1376 1378 1649 1437 aspectum
1697 1368 1779 1420 in-

204 1468 333 1522 ﬂata:
371 1483 522 1537 gena:
561 1475 614 1520 et
647 1464 890 1519 distracti
935 1464 1080 1518 nervi
1128 1462 1368 1517 efllciunt
1408 1479 1421 1514 :
1456 1478 1640 1515 verum
1694 1459 1780 1514 hic

200 1562 357 1631 gratia
389 1557 623 1627 Spiritus
653 1558 883 1616 inSonat,
916 1564 1012 1623 pro
1034 1554 1157 1608 tibia
1180 1597 1195 1619 ,
1229 1553 1429 1607 cithara
1461 1562 1515 1606 et
1543 1552 1776 1621 syringe,

202 1659 496 1704 sanctorum
516 1649 728 1703 vocith
756 1663 869 1699 usa.
902 1646 1011 1699 Itno
1034 1644 1363 1713 quantalibet
1383 1644 1644 1707 (l’lt‘ﬂlltlls,
1672 1656 1776 1695 non

204 1757 475 1811 possumus
501 1741 645 1795 illam
668 1740 990 1808 voluptatem
1019 1736 1323 1791 describere
1347 1736 1646 1789 hominibus
1668 1735 1779 1788 luto

206 1845 255 1888 et
286 1834 527 1888 lateritio
568 1833 718 1903 operi
764 1831 1007 1886 addictis.
1053 1832 1227 1897 Quare
1259 1830 1446 1885 telletn
1476 1829 1775 1899 quempiam

200 1943 259 1979 ex
290 1925 668 1979 insanientium
704 1922 911 1977 illorum
952 1936 1173 1974 numero
1217 1921 1340 1974 illuc
1375 1920 1681 1982 adducere,
1722 1930 1778 1973 ut

198 2022 410 2074 chorum
448 2020 593 2073 illum
642 2029 945 2072 sanctorum
979 2015 1181 2070 videret
1216 2057 1229 2077 ,
1265 2032 1434 2084 neque
1479 2014 1605 2067 tnihi
1654 2023 1778 2065 tunc

199 2112 370 2164 verbis
390 2120 537 2163 esset
562 2123 715 2176 Opus.
741 2107 1002 2161 Caeterum
1030 2107 1127 2160 etsi
1171 2105 1341 2158 Iuleos
1369 2104 1611 2157 homines
1640 2104 1773 2157 allo-

198 2218 440 2272 quamur,
469 2210 523 2254 et
558 2217 621 2255 ex
651 2201 760 2253 luto
791 2201 909 2252 illos
948 2209 1000 2252 et
1028 2215 1092 2252 ex
1120 2213 1278 2253 emno
1319 2198 1570 2266 paulatim
1610 2197 1778 2250 abdu-

198 2312 312 2349 cere
334 2294 672 2349 tentabimus.
696 2294 841 2346 illinc
859 2293 997 2346 enim
1019 2292 1139 2361 igne
1164 2290 1354 2358 itnpttri
1379 2290 1578 2343 amoris
1599 2290 1775 2343 statim

199 2386 553 2441 inﬂammatur
592 2384 803 2438 auditor
832 2400 845 2434 :
870 2399 989 2435 nam
1035 2383 1183 2451 quasi
1228 2398 1331 2435 non
1378 2382 1506 2435 satis
1543 2390 1684 2434 esset
1709 2381 1773 2434 ad

196 2478 420 2530 animant
450 2475 883 2529 inﬂammandam
916 2474 1211 2528 meretricis
1241 2482 1508 2541 aspectus,
1548 2488 1614 2525 ex
1643 2486 1775 2526 voce

196 2582 400 2636 quoque
430 2566 723 2635 perniciem
752 2562 1026 2632 adjiciunt.
1060 2562 1153 2616 Hic
1183 2572 1362 2615 autem
1387 2562 1429 2615 si
1456 2561 1579 2631 quid
1603 2562 1775 2615 simile

196 2658 422 2711 hauserit
463 2657 639 2710 anima
668 2698 682 2718 ,
716 2657 895 2709 statim
939 2655 1174 2724 deponit.
1204 2654 1387 2723 Neque
1426 2670 1526 2708 Vox
1568 2662 1771 2707 tantum

197 2750 395 2803 illorum
425 2792 439 2814 ,
471 2748 565 2802 Sed
599 2749 756 2802 etiam
799 2756 1066 2815 aspectus,
1118 2747 1225 2800 imo
1264 2747 1422 2799 etiam
1460 2746 1771 2799 vestimenta

194 2851 516 2909 spectatores
546 2837 886 2893 conturbant.
914 2837 967 2891 Si
998 2852 1196 2906 pauper
1224 2835 1437 2905 quidam
1479 2837 1546 2888 sit
1579 2851 1645 2888 ex
1686 2851 1772 2889 ru-

196 2931 426 2985 diorilms
477 2929 1004 2999 altjectioribusqtte,
1062 2925 1165 2982 hoc
1219 2925 1579 2997 spectaculum
1630 2941 1773 2995 sarpe

193 3025 404 3077 moleste
430 3023 584 3084 Ieret,
616 3036 669 3076 et
691 3024 825 3075 intra
857 3036 914 3076 se
941 3021 1083 3075 dicet
1106 3038 1118 3070 :
1140 3019 1390 3074 Meretrix
1420 3020 1507 3073 illa
1539 3028 1593 3073 et
1624 3033 1771 3075 scor-

194 3125 341 3176 tator,
369 3114 644 3167 lanionum
668 3113 751 3166 vel
772 3125 1038 3176 sutorum,
1067 3127 1465 3181 nonnumquam
1495 3128 1768 3166 servorum

192 3206 276 3259 lilii
306 3249 319 3269 ,
351 3209 400 3259 in
439 3215 584 3259 tanta
615 3207 802 3259 vivunt
839 3208 1110 3274 voluptate
1137 3224 1149 3259 :
1182 3219 1281 3275 ego
1312 3221 1439 3259 vero
1463 3205 1597 3260 liber
1628 3214 1681 3260 et
1704 3218 1767 3261 ex

191 3298 358 3350 liberis
380 3310 551 3359 ortus.
571 3296 717 3366 justo
743 3297 923 3351 labore
945 3297 1138 3351 victum
1164 3311 1376 3364 parans,
1406 3312 1470 3351 ne
1499 3296 1771 3352 somnians

187 3389 389 3457 quidem
420 3389 493 3442 ita
527 3388 761 3442 deliciari
796 3403 1011 3455 possunt
1037 3397 1124 3443 :et
1141 3389 1217 3443 sic
1247 3401 1476 3443 mmrore
1497 3388 1771 3444 confectus

188 3481 308 3532 altit.
343 3480 498 3548 Apud
531 3482 823 3534 monachos
855 3488 1031 3534 autem
1057 3480 1190 3534 nihil
1216 3480 1408 3543 simile.
1440 3480 1534 3536 sed
1561 3490 1771 3536 contra-

186 3573 311 3625 rimn
340 3574 585 3626 omnino.
617 3572 750 3627 Cum
778 3574 919 3627 enim
947 3574 1037 3627 ille
1065 3574 1259 3628 viderit
1299 3574 1520 3629 divitum
1552 3575 1691 3629 ﬁlios
1716 3586 1771 3630 et

187 3666 438 3733 majorum
471 3666 761 3735 insignium
794 3675 1017 3734 nepotes
1048 3666 1113 3718 iis
1142 3667 1363 3720 vestitos
1407 3665 1765 3728 indumentis.

184 3772 292 3826 qua:
320 3774 387 3812 ne
423 3774 716 3827 pauperum
744 3757 955 3827 quidem
988 3756 1157 3811 ultimi
1189 3756 1329 3812 ferre
1369 3758 1719 3827 dignarentur
1750 3802 1765 3824 ,

184 3862 232 3903 et
262 3853 309 3903 in
340 3853 442 3906 hac
482 3868 537 3905 re
564 3852 816 3920 gaudere,
849 3852 1077 3921 cogitate
1107 3861 1301 3920 quanta
1335 3853 1660 3921 paupertatis
1680 3868 1770 3907 ac-

183 3953 326 4010 cepta
346 3942 719 3996 consolatione
738 3943 971 3997 recedat.
991 3942 1045 3995 Si
1068 3942 1217 3997 dives
1246 3942 1424 4002 fuerit.
1445 3942 1768 3997 moderatior

182 4045 229 4084 et
272 4035 464 4088 melior
515 4034 734 4088 recedit.
769 4032 822 4086 In
868 4033 1075 4087 theatro
1102 4034 1145 4086 si
1179 4032 1394 4087 videant
1426 4035 1763 4087 meretricem

182 4125 353 4177 aureis
385 4125 776 4178 cireumdatam
815 4123 1145 4177 ornamentis
1168 4166 1184 4189 ,
1212 4139 1413 4191 pauper
1434 4125 1652 4191 ejulabit
1671 4166 1684 4187 ,
1716 4133 1770 4179 et

181 4216 499 4282 deplorabit,
531 4232 755 4269 uxorem
783 4231 933 4268 suam
968 4215 1153 4270 videns
1176 4216 1303 4268 nihil
1336 4215 1634 4268 istiusmodi
1667 4217 1759 4267 Ita-

182 4308 389 4359 ltentem
427 4325 441 4359 :
474 4316 528 4360 et
567 4308 756 4360 divites
777 4323 840 4360 ex
870 4306 971 4360 hoc
994 4309 1298 4376 Spectacnlo
1320 4311 1542 4371 rexersi,
1573 4324 1768 4363 uxores

181 4413 295 4451 sitas
316 4398 619 4467 deSpieient
655 4418 668 4452 :
701 4416 820 4451 nam
841 4410 1116 4469 postquam
1138 4402 1387 4453 meretrix
1412 4410 1465 4454 et
1495 4402 1764 4468 vestitum,

178 4504 226 4542 et
249 4502 552 4559 aspectum,
587 4500 637 4544 et
671 4507 879 4557 vocem,
903 4504 957 4546 et
984 4492 1271 4556 incessum,
1300 4502 1353 4546 et
1382 4496 1558 4546 omnia
1591 4495 1766 4548 molli-

178 4584 257 4636 tia:
283 4584 450 4652 plena
479 4582 775 4636 exhibuerit
804 4582 1176 4652 praisentibns,
1208 4581 1517 4637 inﬂammati
1550 4586 1619 4637 illi
1647 4585 1763 4639 dis-

178 4673 398 4738 cedunt,
432 4682 490 4727 et
522 4673 714 4742 captivi
748 4673 799 4727 in
825 4673 967 4728 mdes
996 4689 1119 4728 snas
1162 4674 1379 4729 intrant.
1414 4674 1547 4729 lliuc
1575 4685 1767 4730 contn-

179 4767 364 4829 tnelim,
389 4766 568 4836 jurgia
592 4810 605 4831 ,
633 4768 795 4833 rixzn,
821 4766 957 4821 bella
976 4809 991 4833 ,
1021 4776 1223 4821 mortes
1252 4769 1573 4836 quotidiana:
1601 4789 1611 4823 :
1644 4768 1765 4825 hinc

179 4856 277 4909 vita
319 4860 499 4926 captis
544 4858 746 4928 ingrata
775 4876 787 4913 :
817 4858 1010 4927 conjux
1040 4857 1297 4929 deinceps
1326 4859 1606 4929 injucunda
1630 4904 1644 4926 ,
1671 4861 1760 4915 Iilii

180 4949 348 5001 minus
378 4948 661 5007 amabiles.
693 4950 869 5002 omnia
892 4948 1034 5001 domi
1067 4964 1278 5018 pessum
1301 4958 1464 5012 eunt,
1499 4952 1567 5003 ita
1601 4959 1657 5003 ttt
1685 4952 1764 5004 vel

178 5042 300 5094 solis
327 5041 515 5094 radios
538 5042 762 5095 moleste
800 5036 934 5095 ferat
960 5041 1048 5111 qui
1081 5041 1201 5095 talis
1230 5052 1331 5097 est.
1363 5040 1560 5096 Verum
1593 5059 1657 5097 ex
1686 5041 1767 5097 his

174 5134 347 5188 choris
362 5134 497 5187 nihil
517 5134 859 5201 injucttndntn
875 5134 1101 5188 refertur
1127 5135 1282 5189 :hinc
1300 5138 1599 5191 venientem
1634 5154 1767 5191 uxor

176 5223 342 5276 virum
361 5232 701 5277 mansuetum
720 5223 968 5278 etmitem
987 5226 1235 5293 excipiet.
1258 5226 1327 5279 ab
1354 5227 1498 5280 omni
1532 5227 1758 5281 absurda

180 5314 453 5384 voluptate
482 5314 727 5374 liberum,
760 5325 813 5367 et
841 5316 1133 5369 faciliorem
1163 5332 1319 5385 quam
1351 5327 1474 5371 ante
1505 5320 1757 5387 reperic..

182 5405 301 5459 llatc
342 5405 485 5458 mala
528 5406 725 5459 chorus
752 5407 837 5460 ille
869 5447 882 5466 .
924 5408 1037 5461 ha‘c
1064 5406 1203 5460 bona
1243 5408 1327 5460 hic
1358 5408 1496 5477 parit
1524 5426 1535 5458 :
1582 5409 1668 5462 ille
1696 5424 1759 5463 ex

180 5498 368 5551 ovibus
399 5496 587 5567 lupos.
619 5496 702 5552 hic
740 5513 804 5551 ex
848 5498 984 5566 lupis
1030 5514 1195 5569 agnos
1238 5500 1380 5552 facit.
1426 5499 1529 5553 Sed
1582 5499 1759 5555 forsan

177 5588 240 5643 de
277 5591 553 5659 voluptate
589 5590 715 5643 nihil
751 5590 926 5644 adhuc
949 5591 1150 5645 dixisse
1179 5591 1437 5647 videmur.
1485 5592 1619 5661 Quid
1649 5593 1767 5649 dul-

235 5743 253 5778 ¹
277 5745 451 5796 ﬂoret.
472 5745 638 5803 habet,
665 5745 955 5803 puellarum.
982 5760 1083 5806 pro.
1114 5747 1386 5797 mulierum.

518 5823 790 5883 PATRUL.
841 5826 956 5884 (in.
1014 5827 1199 5884 |.\'lIl

1129 334 1193 389 lN
1232 332 1632 389 MATTIIIEUM
1672 330 1902 388 llOMIL.
1944 333 2169 389 LXVIII.
2214 338 2283 391 al.
2329 336 2509 392 LXIX.

3379 346 3480 406 856

1895 445 2009 498 eius
2033 465 2189 516 quam
2218 452 2451 505 animum
2485 470 2580 508 nec
2606 458 3004 526 perturbatione
3030 476 3127 515 nec
3152 462 3340 518 dolore
3369 482 3477 535 agt-

1897 545 2061 590 tatnm
2093 538 2307 606 habere,
2343 559 2627 613 numquam
2661 547 2710 599 in
2741 546 2929 603 dolore
2953 564 3074 606 esse
3098 592 3113 616 ,
3146 554 3226 607 vel
3256 555 3477 624 ingemi-

1894 644 2043 683 scere
2068 631 2091 683 ?
2121 631 2495 689 Verumtamen
2525 652 2828 693 sermonem
2857 641 3079 697 ulterius
3102 646 3472 713 producamus.

1894 731 2054 788 atque
2082 724 2357 795 utriusque
2385 738 2494 781 tum
2526 740 2732 797 cantus,
2766 742 2875 787 tum
2908 737 3197 804 spectaculi
3225 741 3473 809 gaudium

1891 817 2256 871 omittinentus
2281 839 2294 873 :
2325 820 2726 895 videbimusque
2746 828 2889 883 aliud
2918 845 3087 899 usque
3111 834 3174 886 ad
3199 849 3475 905 vesperam

1893 921 2128 971 manere,
2157 909 2329 964 donec
2382 914 2589 968 scilicet
2633 917 2684 969 iu
2733 918 2939 975 theatro
2985 933 3257 993 spectator
3284 928 3476 990 sedet,

1888 995 2082 1051 deinde
2111 1010 2289 1054 autem
2313 1003 2528 1057 stimulo
2557 1008 2732 1061 acrius
2762 1010 2931 1079 ipsum
2965 1029 3234 1084 pungere;
3268 1018 3351 1073 hic
3381 1036 3447 1074 an

1891 1096 1995 1139 tetu
2026 1090 2275 1156 gaudium
2307 1105 2563 1163 perpetuo
2592 1098 2769 1167 vigere
2798 1102 2848 1154 in
2872 1107 3222 1171 spectantium
3246 1110 3467 1164 animis:

1891 1194 2011 1232 nam
2046 1190 2100 1234 et
2138 1183 2373 1238 virorum
2408 1185 2630 1242 formam
2662 1231 2674 1251 ,
2708 1200 2762 1243 et
2803 1193 2903 1246 loci
2948 1194 3336 1263 jucunditatem
3369 1242 3385 1267 ,
3418 1214 3473 1255 et

1888 1277 2310 1330 Conversationis
2338 1279 2694 1347 dulcedinem,
2721 1293 2775 1338 et
2802 1286 2924 1339 vita:
2954 1290 3255 1354 puritatem,
3279 1303 3331 1346 et
3352 1296 3470 1361 pul-

1886 1362 2137 1418 cherrimi
2182 1368 2577 1439 spiritualiSque
2607 1375 2797 1428 cantici
2838 1380 3061 1446 gratiam
3089 1382 3282 1436 habent
3316 1388 3367 1438 in
3413 1403 3471 1440 se

1887 1471 2101 1525 semper
2124 1459 2463 1517 insidentem.
2484 1465 2579 1532 Qui
2599 1465 2699 1521 hoc
2723 1468 2880 1537 igitur
2891 1481 3043 1538 portu
3064 1488 3275 1544 semper
3290 1477 3471 1530 fruun-

1891 1557 2012 1613 tur,
2046 1554 2327 1608 tumultum
2379 1567 2558 1624 postea
2612 1562 2762 1628 quasi
2818 1571 3187 1633 tempestatem
3245 1568 3469 1638 fugiunt.

1883 1641 2067 1710 Neque
2097 1646 2269 1700 solum
2300 1661 2552 1706 canentes
2576 1654 2658 1707 vel
2687 1667 2990 1725 precantes,
3024 1659 3117 1713 sed
3139 1661 3298 1715 etiam
3322 1662 3471 1717 libris

1887 1732 2075 1789 intenti
2106 1779 2120 1801 ,
2154 1736 2447 1806 jucundum
2483 1743 2784 1801 videntibus
2816 1750 3056 1817 praebent
3082 1756 3471 1822 spectaculum.

1883 1822 2069 1879 Soluto
2108 1830 2305 1900 quippe
2346 1834 2513 1888 cltoro
2542 1836 2676 1889 alius
2717 1838 2902 1894 Isaiam
2943 1856 3162 1897 sumens
3190 1860 3310 1900 cum
3347 1850 3463 1917 ipso

1885 1917 2118 1988 loquitur
2142 1940 2155 1985 ;
2186 1925 2322 1978 alius
2351 1942 2471 1981 cum
2508 1931 2762 1998 apostolis
2785 1943 3027 1989 versatur
3050 1953 3064 2001 ;
3090 1937 3225 1992 alius
3255 1940 3321 1993 ab
3349 1942 3467 1996 aliis

1883 2014 2216 2084 conscriptos
2257 2018 2419 2073 libros
2450 2021 2597 2091 legit,
2618 2039 2682 2078 ac
2709 2025 2776 2080 de
2812 2027 2920 2081 Deo
2947 2028 3367 2101 philosophatur,
3401 2036 3468 2090 de

1883 2106 2157 2168 ttniverso.
2188 2108 2255 2162 de
2280 2111 2598 2178 visibilibus,
2625 2115 2693 2172 de
2721 2118 3076 2176 invisibilibus
3100 2165 3113 2187 ,
3142 2124 3209 2179 de
3233 2128 3463 2180 sensihi-

1884 2196 2038 2263 libus,
2073 2199 2139 2253 de
2165 2202 2545 2268 spiritualibus.
2580 2208 2646 2264 de
2669 2210 2869 2267 vilitate
2896 2213 3052 2283 lmjns
3097 2218 3216 2271 vitae
3240 2258 3253 2284 ,
3287 2221 3353 2275 de
3382 2220 3461 2274 fn-

1884 2296 2013 2342 tura:
2044 2293 2405 2360 magnitudine
2434 2306 2473 2349 λ.

1967 2384 2019 2435 5.
2080 2384 2307 2440 Aluntur
2366 2405 2540 2445 autem
2599 2394 2719 2448 cibo
2781 2398 3019 2465 optimo,
3070 2417 3175 2455 non
3226 2403 3463 2460 decoctis

1881 2472 2186 2528 animalium
2235 2479 2501 2545 carnilms,
2552 2485 2643 2537 sed
2707 2487 2931 2557 eloquiis
2993 2491 3081 2545 Dei
3136 2494 3465 2551 dulcioribus

1880 2582 2035 2634 quam
2088 2570 2190 2623 nth
2239 2582 2292 2625 ct
2340 2574 2511 2629 I'avnm
2545 2595 2556 2631 :
2586 2581 2685 2632 mel
2736 2583 2996 2647 mirabile,
3028 2588 3300 2657 multhue
3346 2605 3462 2644 tne-

1882 2656 1980 2711 lius
2034 2676 2190 2729 quam
2236 2665 2360 2717 illttd
2401 2684 2505 2737 quo
2549 2670 2783 2725 Joannes
2831 2675 2880 2727 in
2930 2675 3143 2730 deserto
3192 2656 3317 2733 olim
3358 2682 3464 2735 ale—

1880 2749 2052 2809 batur.
2104 2754 2200 2810 Mel
2232 2759 2427 2829 quippe
2474 2760 2607 2816 istud
2665 2782 2767 2819 non
2800 2785 2927 2836 apes
2969 2783 3205 2840 agrestes
3245 2770 3463 2829 ﬂoribus

1880 2845 2168 2903 insidentes
2195 2850 2469 2920 colligunt,
2504 2870 2674 2923 neque
2700 2874 2872 2913 rorem
2895 2875 3205 2918 concoctum
3235 2865 3462 2922 alvcari-

1879 2936 1975 2991 btts
2001 2938 2112 2993 suis
2138 2940 2427 2995 immittunt
2454 2961 2467 3008 ;
2500 2945 2592 2999 sed
2629 2948 2858 3016 Spiritus
2884 2954 3048 3021 gratia
3076 2970 3339 3025 apparens
3368 2976 3462 3026 pro

1880 3026 2012 3082 favis
2038 3070 2053 3091 ,
2080 3031 2381 3087 alvearibus
2403 3047 2455 3089 et
2487 3037 2679 3093 Iistnlis
2710 3041 2760 3094 in
2793 3058 3093 3100 Sanctorum
3125 3051 3328 3105 animas
3360 3052 3461 3105 itu-

1879 3124 2059 3190 mitlit,
2086 3136 2141 3179 ut
2189 3130 2411 3199 quisque
2457 3134 2624 3199 possit
2675 3150 2770 3204 pro
2800 3138 2965 3191 luhito
2994 3154 3251 3209 perpetuo
3278 3146 3457 3201 edcte.

1880 3216 1982 3271 llas
2005 3236 2131 3287 apes
2164 3223 2450 3288 imitantes,
2486 3241 2757 3282 sacrorum
2785 3232 2918 3285 favis
2956 3235 3205 3290 librorum
3235 3241 3461 3297 circum-

1878 3308 2073 3373 volant,
2105 3312 2322 3365 mullant
2353 3315 2471 3369 inde
2503 3317 2851 3386 decerpenles
2882 3324 3228 3391 Voluptatem.
3254 3330 3306 3383 Si
3333 3348 3461 3403 ergo

1878 3400 2109 3455 volueris
2139 3420 2254 3471 qua:
2284 3406 2492 3460 illorum
2526 3426 2705 3465 mensa
2734 3414 2802 3466 sit
2842 3415 3100 3476 ediscere.
3136 3424 3349 3491 pmpius
3393 3400 3459 3481 ad

1874 3508 1968 3548 cos
1987 3496 2229 3561 accedas,
2263 3508 2316 3553 et
2344 3517 2362 3549 κ
2380 3501 2546 3556 idebis
2571 3515 2814 3561 eructare
2831 3525 2923 3563 eos
2947 3510 3118 3566 dulcia
3135 3525 3189 3569 et
3212 3518 3462 3585 spiritua-

1878 3588 1908 3681 Ii
1935 3588 2099 3644 odore
2131 3590 2303 3658 plena.
2362 3594 2575 3649 lllotttm
2622 3615 2712 3651 ora
2744 3601 2871 3655 nihil
2905 3614 3127 3671 possunt
3151 3618 3302 3678 turpe
3333 3627 3461 3681 pro-

1876 3676 2036 3743 ferre,
2070 3680 2196 3733 nihil
2250 3685 2474 3738 scurrile
2513 3687 2594 3740 vel
2642 3705 2911 3757 asperum,
2953 3695 3045 3748 sed
3095 3676 3273 3753 omnia
3328 3676 3461 3756 casio

1874 3767 2051 3838 digna.
2104 3769 2217 3825 Non
2250 3773 2345 3827 abs
2387 3791 2442 3828 re
2474 3776 2683 3839 feceris,
2732 3781 2777 3834 si
2806 3798 2898 3836 ora
2940 3786 3225 3841 multorum
3274 3792 3361 3859 qui
3407 3794 3458 3845 in

1876 3861 1989 3915 foro
2020 3874 2295 3933 vagantur,
2328 3877 2382 3921 et
2418 3868 2483 3921 ad
2524 3872 2798 3925 sarcularia
2821 3875 2969 3943 quasi
3004 3878 3148 3932 rabie
3177 3879 3419 3937 feruntur
3444 3928 3457 3947 ,

1873 3953 2067 4008 cloacis
2096 3960 2510 4024 comparaveris,
2545 3962 2924 4018 monachorum
2945 3977 3122 4021 autem
3154 3984 3266 4034 ora,
3297 3974 3457 4027 fonti-

1874 4044 1972 4098 bus
1990 4046 2093 4099 mel
2116 4047 2531 4115 eﬂttttdetttilttts,
2562 4053 2862 4122 ﬂuentaque
2889 4071 3039 4124 pura.
3057 4057 3112 4114 Si
3138 4061 3255 4128 quis
3276 4074 3453 4119 autem

1873 4151 2013 4205 :rgre
2028 4138 2181 4204 ferat,
2208 4140 2347 4209 quod
2369 4144 2652 4196 multorum
2677 4161 2767 4199 ora
2793 4147 2989 4203 cloacis
3010 4158 3454 4222 comparaverim,

1876 4227 1918 4279 is
1947 4230 2080 4283 sciat
2120 4247 2204 4285 tne
2234 4249 2391 4301 parce
2435 4235 2728 4304 loquntntu.
2782 4239 3057 4310 Scriptura
3098 4260 3324 4315 namque
3354 4264 3456 4300 non

1876 4317 1971 4374 hac
2002 4323 2165 4374 tttitnr
2203 4338 2473 4390 mensura,
2512 4328 2604 4380 sed
2639 4329 3039 4388 vehementiore
3090 4336 3458 4401 similitudine.

1872 4412 2076 4477 ιιξροης,
2125 4414 2373 4468 Venenum
2414 4420 2645 4483 aspidum
2683 4423 2774 4474 sub
2820 4424 2966 4477 labiis
3002 4442 3193 4488 corum,
3220 4441 3265 4481 et
3292 4434 3461 4499 sepul-

1871 4504 2046 4555 chrum
2077 4518 2249 4573 patens
2272 4518 2341 4561 est
2367 4520 2537 4577 gulmr
2567 4528 2737 4563 eorum
2779 4512 2950 4581 (Pent.
2994 4518 3073 4569 l5.
3099 4520 3173 4585 3).
3220 4521 3321 4573 Sed
3353 4540 3457 4576 uott

1877 4595 1998 4649 talia
2020 4608 2143 4650 sunt
2171 4598 2380 4652 illorum
2406 4616 2498 4653 ora
2526 4643 2539 4663 ,
2569 4613 2622 4655 at
2651 4604 2791 4657 bono
2818 4605 2983 4661 odore
3026 4608 3201 4675 plena.
3232 4608 3299 4665 Et
3327 4628 3458 4681 prze-

1873 4688 2041 4741 sentia
2093 4691 2305 4757 quidem
2368 4692 2672 4761 lntjusmodi
2716 4705 2841 4749 sunt
2886 4698 3106 4754 :futnra
3163 4717 3290 4756 vero
3341 4720 3461 4774 qua:

1874 4783 2045 4834 oratio
2074 4787 2421 4853 assequatur?
2467 4804 2585 4857 qua:
2632 4804 2782 4843 mens
2811 4792 3208 4862 apprehendat?
3255 4806 3453 4851 sortem

1883 4872 2024 4924 illam
2088 4877 2416 4944 angelicam,
2466 4878 2896 4949 beatitudinem,
2946 4883 3232 4939 ineﬂabilia
3284 4887 3460 4942 bona?

1875 4966 2022 5019 Multi
2053 4968 2277 5025 fortasse
2308 4970 2517 5027 fervore
2545 4973 2792 5040 incensi,
2823 4978 3253 5047 concupiscentia
3300 4980 3457 5050 hujus

1876 5062 2057 5127 optimi
2088 5060 2309 5116 instituti
2332 5066 2470 5133 capti
2498 5066 2627 5121 estis
2653 5082 2666 5119 :
2699 5066 2794 5122 sed
2821 5067 2945 5137 quid
2980 5068 3101 5124 hinc
3123 5072 3462 5127 emolumen-

1878 5164 1935 5213 tt,
1967 5154 2010 5206 si
2039 5153 2122 5207 hic
2149 5166 2350 5210 tantum
2382 5157 2481 5211 hoc
2511 5159 2631 5227 igne
2657 5160 2910 5228 ardeatis,
2937 5161 3059 5217 hinc
3087 5174 3264 5219 autem
3282 5182 3461 5237 egres-

1876 5264 1943 5313 st,
2001 5245 2265 5301 ﬂammam
2321 5250 2706 5320 exstinguatis.
2754 5264 2807 5307 et
2856 5253 2943 5308 hic
2987 5270 3138 5309 amor
3189 5259 3460 5315 tabescat.=

1877 5339 2157 5403 Quomodo
2212 5340 2372 5410 igitur
2424 5341 2546 5395 huic
2594 5344 2737 5398 malo
2789 5344 3131 5402 medeberis?
3172 5349 3239 5405 Ut
3265 5355 3464 5407 amoris

1894 5428 2101 5483 fervore
2129 5431 2342 5496 teneris,
2384 5432 2469 5486 adi
2498 5433 2717 5501 angelos
2753 5435 2907 5501 illos;
2952 5447 3003 5493 te
3031 5440 3257 5510 amplius
3287 5443 3468 5498 incen-

1878 5525 1962 5580 de.
2006 5524 2119 5579 Non
2147 5526 2289 5581 enim
2321 5526 2435 5583 hrcc
2464 5530 2635 5584 oratio
2655 5531 2878 5601 perinde
2904 5543 2955 5588 te
2982 5535 3277 5593 accendere
3303 5538 3463 5609 valet,

1946 5730 1959 5758 ι
1988 5728 2185 5786 Quidam
2211 5728 2412 5790 habent,
2434 5728 2677 5795 felicitate,
2708 5747 2809 5795 pro,
2837 5734 3182 5799 "multitudine.

3074 5826 3146 5885 12
