4104 6218
561 294 663 350 617

556 420 612 462 ιιι
643 410 813 477 ipsum
856 422 1031 461 rerum
1079 406 1459 476 spectaculum.
1491 404 1568 460 Ne
1612 405 1832 472 dixeris,
1854 407 2139 477 Colloquar

556 518 675 554 mm
701 515 885 565 uxore,
915 509 968 553 et
998 514 1083 553 res
1109 498 1381 552 absolvam
1413 497 2025 568 primtnn.Negligentiae
2049 497 2140 551 ini-

556 595 689 646 tium
718 600 800 647 est
825 591 939 645 hanc
963 590 1392 659 procrastinatio.
1416 589 1551 642 Audi
1579 590 1878 658 quempiam
1906 590 2139 643 voluisse

555 684 783 753 primum
814 683 878 737 iis
903 682 991 751 qui
1018 681 1159 734 domi
1190 692 1342 735 erant
1361 680 1675 743 valedicere,
1703 690 1755 735 et
1778 680 2093 750 prophetam
2117 680 2135 711 ⁸

555 791 662 830 non
711 774 1017 843 permisisse
1052 773 1126 842 (5.
1159 772 1282 841 Reg.
1320 771 1404 826 19.
1436 771 1506 825 20
1529 771 1570 841 ).
1613 772 1811 840 Ecquid
1843 772 1964 825 dico
1999 772 2140 825 vale-

557 865 775 919 dicere?
816 864 1025 917 Patrem
1078 864 1307 931 sepelire
1350 861 1515 914 voluit
1544 861 1856 929 discipulus,
1888 877 2061 930 neque
2087 861 2137 915 id

553 955 818 1010 concessit
840 953 1262 1021 Christus(l.uc.
1291 953 1342 1007 9.
1373 952 1489 1021 60).
1543 952 1703 1022 Atqui
1752 951 1878 1021 quid
1931 954 2140 1008 videtur

555 1051 646 1104 tibi
679 1051 747 1104 ita
778 1048 1139 1103 necessarium
1169 1062 1289 1100 esse
1320 1054 1377 1098 ut
1403 1045 1674 1114 sepultura
1705 1045 1908 1114 patris?
1937 1046 2007 1099 At
2033 1061 2138 1100 non

554 1142 605 1195 id
635 1140 896 1210 permisit.
920 1138 1136 1205 Quare?
1162 1137 1295 1202 Quia
1322 1137 1664 1190 vehementer
1693 1136 1853 1190 instat
1873 1136 2136 1203 diabolus,

555 1244 610 1287 ut
639 1246 758 1287 sese
789 1232 1025 1286 insinuet
1054 1246 1066 1281 :
1098 1239 1152 1284 ct
1192 1230 1239 1284 si
1271 1228 1530 1282 tantillmn
1558 1227 1819 1283 socordia:
1843 1238 1898 1283 et
1918 1228 2139 1283 tardita-

558 1328 626 1379 tis
651 1322 1038 1395 deprehendat,
1067 1322 1119 1375 in
1149 1336 1395 1390 magnam
1442 1320 1699 1375 desidiam
1727 1321 1959 1389 conjicit.
2015 1320 2139 1376 Ideo

556 1423 740 1471 monet
761 1414 1041 1484 quispiam,
1071 1411 1152 1466 Ne
1172 1411 1338 1465 tardes
1359 1412 1420 1464 de
1439 1412 1521 1464 die
1536 1413 1588 1463 in
1605 1412 1735 1463 die»:
1757 1410 1951 1482 (Eccle.
1975 1411 2028 1466 5.
2042 1410 2096 1482 8)
2119 1427 2136 1476 ;

556 1509 635 1561 sic
677 1506 821 1560 enim
875 1504 1104 1575 plurima
1147 1503 1346 1573 poteris
1397 1502 1712 1566 emendare,
1746 1502 1823 1556 sic
1850 1517 1968 1572 qua:
1991 1501 2137 1557 domi

620 1680 635 1710 ¹
663 1679 717 1728 In
744 1676 1130 1741 itorel.rlegitur,
1166 1675 1429 1741 dominum.
1453 1676 1544 1741 sed
1570 1690 1661 1741 vo}
1687 1676 1972 1741 prophetam,
2011 1678 2139 1741 opti-

553 1754 634 1789 me
657 1741 886 1802 quadrat;
913 1737 1006 1802 hic?
1029 1740 1159 1786 enim
1194 1739 1355 1802 agitur
1386 1738 1452 1802 de
1476 1738 1579 1802 Elia
1602 1737 1830 1787 Elissam
1857 1740 1904 1787 in
1927 1737 2139 1802 disci'puo

544 1802 648 1849 lum
671 1799 904 1863 vocatae;
928 1801 1059 1849 Elius
1082 1814 1218 1857 vero,
1237 1808 1290 1847 ut
1312 1800 1377 1847 ait
1399 1800 1477 1847 hic
1498 1799 1878 1863 Chrysostomus,
1906 1814 2003 1849 non
2023 1799 2136 1863 per-

554 1865 687 1911 misit
709 1860 902 1921 πιδείξω
930 1869 984 1910 ιιι
1023 1871 1211 1924 patrem
1252 1869 1555 1924 matremque
1580 1860 1837 1924 salutatum
1861 1863 1975 1919 iret,
2000 1860 2137 1912 ante-

554 1939 698 1986 quam
722 1922 1229 1986 magistrosqtotmn
1266 1923 1536 1986 addiceret.
1564 1922 1628 1971 At
1662 1935 1806 1970 secus
1829 1924 1876 1970 ia
1897 1924 2137 1986 scriptura

552 1983 757 2047 legitur,
780 1983 864 2033 ubi
886 1985 1003 2047 dicit
1024 1984 1173 2042 Elias,
1194 1984 1325 2047 Vade
1346 1990 1392 2033 et
1416 1990 1672 2044 revertere,
1706 1992 1760 2034 ut
1783 1986 1832 2033 in
1855 1983 2018 2035 Bibliis
2038 1994 2135 2036 He-

553 2046 758 2108 braicis,
781 2046 961 2096 Grazcis
983 2055 1035 2096 et
1057 2046 1232 2095 latinis
1255 2046 1480 2094 habetur.

1287 292 1344 348 S.
1383 290 1660 348 JOANNiS
1695 288 2004 347 CIIRYSOS
2019 289 2169 346 ιὈΜΙ
2208 288 2525 346 ΑῐὶϐΠΙΕΡ.
2566 290 3100 347 CONS'I‘ANTINOP.

3740 287 3855 343 648

2243 414 2368 462 sunt
2398 406 2564 475 probe
2611 407 2982 476 disponentur.
3036 408 3125 461 Ait
3150 407 3291 461 enim
3321 423 3334 460 :
3371 406 3595 474 Qnterite
3620 407 3855 475 primum

2244 514 2455 567 regnum
2488 497 2601 561 Dei,
2632 508 2677 552 et
2692 500 2951 569 justitiam
2976 500 3105 569 ejus,
3142 509 3188 552 et
3219 502 3326 552 lucc
3347 500 3516 552 omnia
3535 499 3857 567 adjicientur

2244 589 2380 643 vobis
2423 588 2638 661 (Matth.
2682 592 2736 645 6.
2771 591 2888 659 35).
2921 589 2980 645 Si
3021 604 3120 644 nos
3146 588 3289 643 enim
3312 630 3329 656 ,
3355 603 3477 643 eum
3503 588 3722 658 quidam
3743 603 3851 643 sua

2244 680 2594 750 negligentes,
2626 680 2825 735 nostris
2854 680 3023 750 magis
3048 679 3361 750 advigilant,
3395 680 3539 733 omni
3572 679 3851 733 sollicitu-

2245 771 2370 825 dine
2410 787 2610 827 vacuos
2663 787 2785 828 esse
2837 787 3089 827 curamus
3122 792 3135 825 :
3168 772 3336 827 multo
3366 773 3532 842 magis
3556 772 3716 837 Deus,
3750 772 3847 841 qui

2247 876 2352 914 non
2385 862 2483 915 hac
2520 862 2697 916 habita
2726 863 2934 917 ratione
2976 871 3155 917 nostra
3182 871 3353 929 curat,
3378 863 3545 931 iisque
3570 862 3843 931 providet.

2247 951 2327 1006 Ne
2379 954 2553 1022 itaque
2600 952 2669 1007 de
2716 953 2821 1007 tuis
2869 953 3129 1008 sollicitus
3159 954 3271 1015 sis,
3299 954 3392 1008 sed
3439 953 3531 1007 illa
3558 955 3844 1009 committe

2248 1041 2380 1097 Deo.
2430 1041 2562 1096 Nam
2592 1044 2636 1097 si
2678 1052 2733 1096 tu
2776 1044 3037 1097 sollicitus
3067 1058 3147 1108 es,
3196 1050 3253 1096 ut
3281 1042 3444 1096 homo
3472 1057 3662 1107 curas;
3698 1044 3847 1097 Deus

2245 1150 2373 1189 vero
2404 1144 2461 1190 ut
2508 1135 2653 1191 Deus
2682 1136 2949 1206 previdet.
2994 1135 3074 1191 Ne
3099 1150 3227 1205 ergo
3253 1135 3320 1189 de
3348 1135 3414 1188 iis
3452 1134 3715 1189 Sollicitus
3738 1135 3841 1198 sis,

2250 1226 2618 1296 praestantiora
2664 1226 2993 1296 relinquens,
3038 1226 3272 1297 alioquin
3327 1225 3468 1281 Deus
3520 1225 3607 1279 illa
3656 1227 3846 1280 minus

2244 1315 2485 1382 curabit;
2516 1324 2575 1371 ut
2604 1316 2691 1371 illa
2717 1332 2845 1388 ergo
2873 1317 3161 1389 diligenter
3187 1325 3361 1382 curet,
3391 1316 3491 1387 ipsi
3525 1318 3626 1372 soli
3655 1321 3844 1373 omnia

2243 1408 2536 1463 eotnmitte.
2586 1408 2642 1463 Si
2672 1410 2816 1464 enim
2842 1409 3041 1465 relictis
3062 1409 3447 1478 Spiritualihus,
3482 1410 3569 1463 illa
3606 1420 3835 1476 tractes,

2247 1515 2351 1555 non
2375 1515 2621 1571 magnam
2649 1516 2837 1556 eorum
2864 1502 3003 1556 Deus
3031 1510 3182 1571 geret
3210 1501 3617 1570 providentiam.
3639 1500 3712 1556 Ut
3739 1502 3845 1571 igi-

2247 1597 2334 1644 tur
2361 1599 2416 1645 ιιι
2438 1591 2530 1645 tibi
2577 1594 2691 1646 haec
2718 1600 2863 1646 recte
2900 1591 3195 1661 composita
3225 1590 3353 1654 sint,
3383 1599 3439 1643 et
3478 1590 3847 1645 sollicitudine

2243 1682 2388 1735 onmi
2420 1682 2681 1747 libereris,
2707 1682 2850 1737 luere
2891 1682 3272 1752 Spiritnalihus,
3287 1682 3565 1737 sweularia
3582 1681 3840 1751 despice:

2242 1774 2322 1827 sic
2350 1775 2494 1829 enim
2522 1785 2570 1830 et
2604 1784 2797 1831 terram
2825 1791 2946 1830 cum
2977 1776 3109 1831 caelo
3138 1775 3423 1837 obtinebis,
3452 1785 3506 1829 et
3532 1774 3709 1829 futura
3742 1776 3843 1830 bo-

2244 1877 2311 1916 na
2334 1866 2698 1935 consequeris,
2744 1866 2914 1936 gratia
2964 1874 3019 1920 et
3061 1864 3386 1935 benignitate
3429 1864 3635 1919 Domini
3670 1866 3840 1920 nostri

2240 1954 2366 2010 Jesu
2395 1955 2590 2011 Christi
2614 1998 2630 2019 ,
2658 1958 2744 2012 cui
2766 1956 2932 2027 gloria
2959 1964 3015 2013 et
3048 1956 3328 2027 imperium
3358 1956 3409 2010 in
3440 1956 3636 2013 mula
3666 1970 3847 2011 saeu-

2244 2045 2440 2101 lorum.
2466 2048 2659 2103 Amen.

561 2179 3331 2206 ._________—________________________

1688 2261 2038 2325 HOMILIA
2080 2216 2307 2332 L’XIX.
2336 2271 2423 2334 al.
2468 2272 2672 2335 LXX.

551 2404 674 2469 Car.
720 2407 812 2460 2-2.
856 2422 907 2458 v.
960 2407 1008 2460 1.
1063 2403 1129 2457 Et
1169 2403 1480 2473 respondens
1505 2401 1658 2458 Jesus
1701 2403 1829 2456 dixit
1863 2403 2047 2458 iterant
2082 2403 2136 2458 in

621 2498 876 2568 parabolis
905 2497 999 2551 :2.
1045 2494 1227 2551 Simile
1273 2504 1343 2549 cst
1391 2510 1602 2566 regnum
1652 2494 1894 2547 catlorum
1946 2493 2138 2547 homini

619 2590 745 2661 regi,
776 2589 862 2659 qui
891 2589 1005 2658 fecit
1047 2588 1253 2656 nuptias
1300 2586 1409 2656 [ilio
1436 2588 1549 2639 suo.
1579 2587 1632 2641 ’5.
1677 2584 1745 2638 Ει
1788 2587 1923 2639 misit
1971 2603 2137 2641 servos

618 2697 737 2734 suos
767 2696 942 2734 vocare
970 2679 1204 2733 invitatos
1232 2677 1299 2731 ad
1326 2678 1529 2747 nuptias
1558 2686 1643 2731 :et
1665 2678 2131 2733 nolueruntvenirc.

623 2773 677 2825 4.
711 2771 905 2825 Rursus
929 2770 1064 2824 misit
1094 2769 1222 2822 alios
1249 2784 1434 2831 servos,
1465 2768 1637 2821 dicens
1663 2782 1683 2820 :
1707 2766 1870 2821 Dicite
1892 2768 2132 2834 invitatis,

625 2863 755 2916 Ecce
781 2862 1053 2932 prandium
1080 2876 1247 2914 meum
1269 2859 1472 2929 paravi,
1498 2858 1630 2911 tauri
1648 2859 1747 2912 ntei
1773 2869 1820 2913 et
1844 2860 2007 2912 altilia
2029 2877 2137 2912 mea

621 2956 783 3008 occisa
810 2962 953 3019 sunt,
984 2961 1028 3006 et
1055 2952 1222 3005 omnia
1263 2959 1479 3020 parata;
1530 2950 1689 3003 venite
1728 2950 1797 3002 ad
1823 2952 2041 3022 nuptias.
2079 2953 2133 3008 5.

620 3043 713 3096 Illi
736 3054 905 3096 autem
944 3058 1055 3095 cum
1082 3040 1410 3111 negligerent,
1439 3039 1688 3100 abierunt,
1719 3041 1851 3093 alius
1874 3042 1925 3095 in
1958 3058 2135 3112 agrum

621 3151 788 3198 suum,
816 3133 948 3186 alius
969 3132 1037 3185 ad
1060 3130 1446 3202 negotiationem
1471 3129 1712 3185 suam.6.
1742 3130 1943 3202 Reliqui
1970 3142 2135 3186 autem

623 3235 887 3280 tenuerunt
912 3240 1078 3280 servos
1115 3224 1246 3292 eius,
1275 3234 1320 3277 et
1360 3227 1666 3277 contumelia
1690 3222 1900 3290 a/fectos
1927 3226 2133 3297 interfe-

622 3328 815 3379 (erunt,
843 3328 950 3372 etc.

634 3413 684 3465 1.
714 3409 880 3474 Hujus
902 3419 946 3462 et
976 3406 1540 3476 pra'cedentishomilite
1559 3412 1892 3476 comparatio.
1939 3402 2137 3470 Ejectio

553 3504 581 3556 J
592 3504 869 3556 uda-orum.
890 3499 1123 3555 Gentium
1150 3502 1362 3553 vacatio.
1385 3499 1585 3552 Excidii
1600 3498 1929 3569 .lerosolyuue
1945 3500 2133 3567 praedi-

556 3596 675 3650 ctio.
707 3624 779 3634 ——
804 3592 1046 3648 Vidistin’
1071 3604 1125 3647 et
1170 3593 1221 3645 in
1263 3592 1584 3662 praecedenti
1614 3600 1666 3645 et
1696 3591 1744 3643 in
1770 3591 2132 3661 hacparahola

558 3694 814 3755 quantum
856 3683 1076 3737 interest
1128 3680 1293 3736 lilium
1348 3681 1485 3735 inter
1536 3692 1588 3735 et
1633 3682 1858 3736 serv'os?
1906 3680 2134 3735 vidistin’

559 3790 801 3845 magnam
836 3774 972 3828 inter
1010 3784 1289 3843 utramque
1319 3772 1624 3842 parabolam
1656 3772 1987 3836 afﬁnitatem,
2024 3787 2131 3826 ma-

549 3883 812 3939 gnamque
850 3865 1246 3921 differentiam?
1296 3865 1427 3919 Nam
1469 3866 1580 3918 lucc
1621 3866 1732 3933 ipsa
1761 3864 1994 3918 ostendit
2041 3863 2130 3917 Dei

550 3959 881 4014 tolerantiam
930 3956 1424 4027 providentiamque
1467 3970 1732 4023 magnam,
1768 3954 2133 4023 ingratumque

549 4050 823 4105 Judaicam
856 4047 1274 4116 improbitatem.
1334 4044 1530 4097 Verum
1586 4045 1697 4097 lucc
1742 4044 1869 4112 quid
1909 4045 2134 4112 amplius

553 4156 710 4209 quam
753 4141 842 4192 illa
872 4138 1049 4191 habet.
1080 4136 1406 4190 Prmnuntiat
1426 4135 1568 4187 enim
1597 4144 1648 4188 et
1682 4133 1986 4187 Judamrum
2019 4135 2132 4201 eje-

555 4234 810 4294 ctionem,
842 4239 896 4282 et
952 4228 1184 4298 gentium
1234 4225 1566 4280 vocationem
1614 4243 1628 4279 :
1673 4235 1792 4293 post
1849 4226 1961 4279 hate
2007 4241 2134 4280 vero

552 4322 785 4378 ostendit
810 4331 863 4374 et
893 4320 1104 4375 vivendi
1127 4319 1492 4387 disciplinam,
1524 4328 1576 4373 et
1601 4330 1793 4389 quanta
1824 4320 2135 4388 negligenti-

552 4417 649 4469 bus
681 4428 836 4484 ναξηᾶ
876 4413 945 4468 sit
977 4424 1176 4482 parata.
1217 4411 1450 4481 iureque
1499 4411 1612 4466 lucc
1644 4421 1761 4480 post
1789 4412 1933 4465 illam
1964 4413 2133 4479 posita

556 4515 657 4561 est.
705 4505 837 4573 Quia
866 4505 1007 4560 enim
1032 4504 1184 4564 dixit,
1221 4502 1616 4571 Dabitur’genti
1664 4502 1866 4571 facienti
1915 4505 2137 4571 fructum

556 4599 715 4665 ipsius
748 4596 958 4666 (Matth.
987 4594 1051 4648 21
1106 4595 1218 4662 45),
1244 4594 1332 4647 hic
1356 4593 1613 4659 declarat,
1645 4598 1729 4647 cui
1755 4594 1930 4662 genti;
1964 4609 2137 4661 neque

556 4689 657 4743 hoc
706 4698 933 4749 tantum,
962 4685 1055 4738 sed
1084 4694 1137 4737 et
1168 4699 1227 4738 se
1257 4699 1440 4737 rursus
1470 4684 1718 4739 inell'abili
1758 4700 1880 4751 erga
1923 4683 2135 4739 Judzeos

556 4780 883 4852 providentia
907 4779 999 4833 uti.
1020 4778 1093 4834 lbi
1121 4778 1261 4833 enim
1285 4787 1408 4831 ante
1436 4791 1644 4831 crucem
1673 4787 1843 4839 vocat,
1873 4779 1953 4831 hic
1976 4779 2136 4831 etiam

556 4884 674 4945 poat
704 4887 888 4928 necem
937 4874 1116 4933 instat,
1165 4879 1218 4924 et
1257 4870 1425 4940 pergit
1483 4870 1600 4923 illos
1656 4884 1865 4925 vocare.
1903 4870 1969 4924 Et
2016 4886 2132 4925 cum

558 4966 871 5036 gravissima
917 4963 1036 5017 illos
1088 4975 1241 5031 parua
1296 4962 1528 5030 plectere
1569 4976 1662 5030 par
1690 4962 1894 5028 fuisset,
1925 4972 2047 5017 tunc
2069 4964 2133 5017 ad

556 5057 777 5127 nuptias
832 5056 983 5125 ipsos
1032 5054 1232 5118 trahit,
1278 5068 1643 5124 supremoque
1700 5051 1862 5107 allicit
1902 5054 2131 5107 honore.

560 5149 624 5203 Et
663 5150 1033 5203 animadverte
1083 5148 1354 5218 quomodo
1402 5156 1455 5202 et
1507 5147 1617 5202 illic
1662 5163 1769 5202 non
1809 5147 1961 5217 prius
2002 5163 2130 5216 geu-

560 5254 643 5299 tcs
676 5254 835 5297 vocet
864 5242 956 5295 sed
986 5240 1204 5294 Judazos
1226 5281 1239 5301 ,
1270 5250 1320 5293 et
1352 5241 1439 5293 hic
1474 5241 1727 5295 similiter
1755 5258 1768 5293 :
1804 5240 1895 5294 sed
1934 5255 2128 5305 quem-

553 5333 850 5390 admodum
892 5329 964 5384 ibi
992 5371 1007 5394 ,
1033 5343 1153 5384 cum
1187 5327 1331 5380 illum
1374 5327 1644 5396 suscipere
1698 5326 2001 5393 noluerunt,
2031 5330 2138 5383 imo

553 5437 604 5480 o-t
636 5424 939 5478 venientem
985 5421 1320 5487 occiderunt,
1356 5430 1481 5476 tunc
1509 5422 1719 5475 vincam
1762 5422 1910 5477 dedit
1943 5441 1955 5476 :
1985 5425 2053 5479 ita
2084 5435 2137 5479 ct

554 5520 657 5581 hic,
685 5532 807 5571 cum
842 5514 1123 5570 noluerunt
1150 5512 1214 5566 ad
1254 5514 1465 5582 nuptias
1497 5514 1710 5579 venire,
1744 5514 1879 5568 alios
1906 5516 2131 5569 vocavit.

553 5612 688 5677 Quid
734 5626 860 5681 ergo
907 5609 1010 5664 illis
1066 5608 1323 5676 ingratius
1372 5604 1552 5667 fuerit,
1580 5606 1795 5674 quando
1829 5608 1894 5661 ad
1929 5607 2137 5678 nuptias

555 5703 751 5757 vocati.
790 5700 1071 5755 resiliunt?
1115 5700 1232 5768 quis
1274 5699 1416 5752 enim
1457 5697 1521 5752 ad
1566 5699 1774 5767 nuptias
1801 5700 1983 5755 venire
2033 5721 2135 5759 non

2244 2420 2451 2482 optaret
2473 2454 2486 2477 ,
2507 2422 2562 2469 et
2599 2413 2664 2469 ad
2692 2415 2902 2483 nuptias
2930 2414 3089 2485 regis,
3117 2414 3205 2485 qui
3229 2414 3339 2469 tilio
3366 2414 3601 2486 nuptiale
3642 2419 3840 2471 conri-

2246 2504 2386 2557 vium
2435 2506 2622 2572 parat?
2672 2506 2737 2560 Et
2764 2520 2889 2569 cur,
2922 2506 3127 2575 inquies
3151 2548 3167 2571 ,
3208 2509 3404 2578 nuptiae
3446 2508 3741 2562 vocantur?
3771 2508 3841 2564 Ut

2246 2592 2337 2647 Dei
2365 2593 2753 2664 providentiam
2798 2610 3088 2665 agnoscas,
3124 2595 3348 2667 ejusque
3385 2612 3508 2666 erga
3553 2614 3652 2653 nos
3683 2614 3842 2652 amo-

2243 2701 2379 2753 rcm,
2408 2701 2584 2740 rerum
2620 2687 2980 2757 splendorem,
3006 2698 3064 2741 ut
3098 2687 3230 2742 nihil
3280 2689 3350 2743 ibi
3391 2691 3542 2743 triste
3587 2690 3676 2753 sit,
3704 2692 3839 2744 nihil

2246 2778 2572 2843 luctuosum,
2599 2780 2692 2833 sed
2739 2781 2918 2833 omnia
2964 2780 3156 2851 gaudio
3182 2780 3441 2850 spirituali
3472 2782 3648 2851 plena.
3685 2783 3841 2837 Ideo-

2242 2883 2348 2937 qne
2370 2883 2622 2937 sponsum
2648 2869 2794 2923 illum
2824 2880 2979 2923 vocat
3002 2870 3235 2925 Joannes
3267 2870 3415 2941 (Cap.
3449 2873 3505 2926 3.
3536 2872 3667 2943 29);
3715 2875 3840 2927 ideo

2245 2958 2438 3013 Paulus
2467 2960 2615 3025 dicit,
2640 2958 2907 3031 Despondi
2935 2978 3020 3015 vos
3048 2962 3138 3013 uni
3166 2962 3271 3015 viro
3295 2960 3369 3031 (2.
3402 2962 3519 3015 Cor.
3548 2964 3629 3017 11.
3655 2960 3752 3034 2);
3784 2978 3838 3018 et

2244 3064 2476 3114 rursum,
2530 3050 2829 3121 Mysterium
2873 3053 2966 3106 hoc
2998 3070 3236 3124 magnum
3262 3063 3355 3115 est,
3385 3071 3476 3123 ego
3502 3066 3672 3109 autem
3716 3057 3835 3111 diro

2242 3141 2293 3193 in
2321 3139 2520 3194 Christo
2541 3151 2585 3195 et
2612 3142 2662 3194 in
2694 3140 2921 3196 Ecclesia
2950 3144 2968 3213 (
2990 3142 3176 3214 Ephes.
3206 3146 3260 3200 5.
3287 3145 3356 3200 ’52
3378 3146 3418 3215 ).
3442 3144 3548 3201 Cur
3576 3163 3707 3218 ergo
3729 3166 3835 3203 non

2244 3232 2383 3286 Patri
2411 3247 2603 3303 sponsa
2634 3234 2953 3304 desponderi
2985 3237 3197 3301 dicitur,
3227 3238 3320 3293 sed
3350 3238 3482 3293 Filio
3502 3240 3528 3293 ?
3552 3241 3690 3308 Quia
3714 3258 3837 3313 quae

2252 3321 2385 3376 Filio
2411 3323 2793 3393 despondetur,
2828 3326 2966 3380 Patri
2997 3326 3378 3397 despondetur.
3432 3330 3561 3385 Nam
3593 3333 3646 3387 in
3689 3334 3835 3389 Scri-

2244 3423 2395 3482 ptura
2427 3415 2526 3470 hoc
2554 3417 2636 3470 vel
2681 3416 2809 3471 illud
2835 3417 3199 3474 indill‘erenter
3224 3422 3451 3484 dicitur,
3479 3423 3549 3476 ob
3577 3425 3837 3478 substan-

2244 3504 2328 3558 tia:
2351 3506 2703 3562 identitatent.
2737 3509 2817 3563 Ab
2840 3507 2965 3563 hinc
2993 3525 3119 3565 vero
3162 3515 3607 3568 resurrectionem
3641 3517 3835 3585 prmdi-

2241 3608 2346 3649 cat.
2377 3596 2509 3664 Quia
2532 3600 2673 3653 enim
2700 3599 2750 3653 in
2778 3601 3202 3669 przecedentibns
3233 3616 3458 3660 mortem
3488 3605 3643 3673 dixit,
3672 3624 3829 3661 mon-

2241 3697 2373 3742 strat
2431 3690 2515 3744 hic
2568 3702 2686 3760 post
2728 3704 2949 3748 mortem
3001 3697 3212 3765 nuptias
3258 3713 3622 3769 Sponsumque
3677 3701 3821 3757 fore.

2248 3779 2439 3834 Verum
2490 3780 2543 3835 hi
2594 3798 2661 3837 ne
2689 3784 2757 3840 ita
2783 3785 2994 3855 quidem
3032 3788 3281 3842 meliores
3329 3800 3453 3843 sunt
3500 3790 3700 3859 effecti,
3735 3809 3834 3846 nec

2242 3872 2512 3937 mitiores;
2547 3889 2651 3941 quo
2672 3874 2794 3942 quid
2827 3875 3062 3932 deterius
3092 3879 3200 3934 sit?
3250 3881 3455 3935 Etenim
3514 3882 3630 3938 haec
3670 3888 3833 3939 tertia

2247 3973 2329 4015 est
2384 3966 2671 4020 accusatio.
2722 3967 2931 4031 Prima,
2969 3968 3107 4037 quod
3164 3972 3453 4040 prophetas
3503 3975 3832 4038 occiderint;

2242 4056 2455 4120 deinde,
2490 4058 2630 4128 quod
2662 4059 2819 4114 etiam
2851 4060 3075 4126 Filium;
3109 4064 3341 4127 demum,
3370 4066 3511 4135 quod
3540 4082 3662 4121 cum
3690 4071 3838 4123 occi-

2242 4148 2461 4213 disseut,
2496 4158 2549 4204 ct
2599 4150 2666 4204 ad
2720 4153 2928 4221 nuptias
2972 4156 3039 4207 ah
3077 4156 3253 4208 occiso
3302 4157 3692 4223 invitarentur,
3725 4176 3833 4213 non

2242 4242 2491 4307 veniant,
2550 4243 2642 4297 sed
2694 4258 2884 4298 causas
2939 4246 3433 4312 comminiseantur,
3468 4248 3595 4318 juga
3644 4249 3832 4311 boum,

2243 4345 2457 4393 mares,
2502 4347 2697 4401 agros:
2729 4349 3049 4401 quamquam
3094 4335 3206 4389 luce
3244 4337 3521 4390 videantur
3565 4339 3835 4394 rationem

2246 4421 2460 4474 habere.
2490 4422 2591 4475 Sed
2624 4423 2746 4477 inde
2773 4424 3048 4489 discimus,
3085 4426 3184 4480 etsi
3218 4428 3516 4481 necessaria
3547 4428 3838 4484 videantur

2243 4530 2361 4568 esse
2412 4514 2497 4567 illa
2523 4531 2642 4583 qua:
2671 4531 2768 4569 nos
2808 4518 3079 4583 retinent,
3113 4519 3404 4587 spiritualia
3445 4534 3664 4589 semper
3716 4538 3837 4576 esse

2244 4594 2642 4673 antepannda.
2700 4606 2861 4660 Vocat
2908 4617 3106 4674 autem,
3164 4625 3267 4663 non
3318 4626 3505 4680 nuper,
3554 4610 3652 4665 sed
3711 4624 3840 4668 ante

2245 4698 2466 4751 tntillum
2498 4702 2773 4767 temporis.
2798 4700 2928 4753 Nam
2954 4701 3044 4765 ait,
3073 4701 3235 4755 Dicite
3259 4703 3501 4766 invitatis;
3525 4712 3580 4757 et
3616 4703 3840 4770 iterum,

2255 4784 2434 4843 Vocate
2460 4791 2713 4853 invitatos,
2740 4793 2880 4860 quod
2904 4802 3049 4847 certe
3075 4795 3275 4849 crimen
3295 4806 3471 4864 auget.
3502 4795 3566 4849 Et
3585 4798 3839 4864 quando-

2244 4895 2364 4933 nam
2397 4881 2564 4935 vocati
2588 4885 2748 4935 sunt?
2780 4883 2879 4937 Per
2903 4883 3195 4951 prolihetas
3220 4899 3426 4953 omnes,
3451 4901 3543 4953 per
3568 4885 3840 4942 Joannem

2246 4985 2482 5037 rursum,
2512 4972 2603 5041 qui
2657 4988 2847 5028 omnes
2894 4974 2961 5028 ad
3014 4974 3285 5030 Christum
3337 4976 3579 5029 mittebat
3625 4977 3841 5043 dicens,

2215 5060 2407 5151 )Illum
2436 5072 2626 5133 Oportet
2657 5081 2898 5129 crescere,
2928 5083 3007 5119 me
3036 5077 3202 5119 autent
3230 5066 3392 5119 minui
3422 5066 3603 5136 (Joau.
3634 5068 3688 5122 5.
3721 5070 3839 5134 50).

2246 5156 2349 5212 Per
2404 5158 2573 5225 ipsum
2607 5158 2839 5227 denique
2887 5159 3100 5223 Filium,
3146 5161 3236 5230 qui
3290 5162 3384 5227 ait,
3450 5160 3626 5215 Venite
3663 5163 3734 5214 ad
3761 5181 3847 5216 me

2245 5265 2415 5302 onines
2435 5249 2520 5317 qui
2549 5248 2790 5303 laboratis
2824 5259 2871 5304 et
2900 5252 3096 5304 onerati
3146 5254 3282 5318 estis,
3310 5262 3355 5305 et
3382 5269 3471 5323 ego
3496 5254 3728 5319 reﬁciam
3754 5272 3844 5306 vos

2248 5338 2459 5412 (Matth.
2494 5340 2547 5393 ll
2598 5340 2693 5408 28)
2713 5357 2727 5404 ;
2751 5351 2805 5394 et
2832 5356 3037 5408 rursus,
3067 5341 3129 5396 Si
3155 5343 3267 5413 quis
3291 5343 3417 5408 sitit,
3446 5344 3611 5397 veniat
3639 5344 3711 5395 ad
3737 5360 3843 5404 me,

2246 5443 2292 5486 et
2319 5431 2451 5486 bibat
2482 5430 2658 5502 (Joan.
2690 5434 2743 5488 7.
2773 5434 2889 5503 57).
2938 5433 3122 5504 Neque
3172 5435 3350 5489 verbis
3393 5444 3635 5498 tantum,
3665 5434 3762 5488 sed
3788 5443 3847 5488 et

2246 5525 2497 5593 operibus
2524 5524 2653 5594 ipsis
2679 5526 2919 5593 vocabat,
2940 5536 2994 5581 et
3011 5536 3130 5597 post
3149 5529 3569 5597 assumptiouem
3594 5527 3714 5597 ejus
3746 5543 3847 5596 per

2249 5615 2461 5669 Petrum
2490 5624 2544 5669 et
2568 5615 2775 5679 socios;
2802 5632 2922 5671 nam
2957 5617 3059 5682 Qui
3079 5628 3316 5687 operatus
3338 5627 3414 5672 est
3442 5617 3616 5682 Petro,
3645 5618 3845 5687 inquit.

2247 5710 2297 5761 in
2342 5709 2682 5775 apostolatnm
2713 5710 3133 5773 circnmcisionis,
3172 5721 3410 5765 oneratus
3438 5719 3512 5763 est
3536 5720 3582 5761 et
3609 5710 3737 5762 mihi
3765 5710 3847 5763 in-
