4000 6206
304 215 402 273 διε)

296 342 368 385 ter
394 340 563 403 gentes
608 331 753 407 (Gal.
798 334 850 387 Ξ.
883 334 963 399 8).
1022 334 1153 403 Quia
1210 338 1348 391 enim
1405 336 1599 391 Filium
1633 336 1873 391 videntes

295 424 550 494 indignati
576 436 722 489 sunt,
755 427 1033 496 ipsumque
1062 428 1367 481 occiderunt
1388 468 1400 490 ,
1432 443 1525 497 per
1553 442 1737 481 servos
1760 444 1872 480 rur-

292 531 407 569 sum
429 527 604 571 vocat.
640 518 706 572 Et
724 518 789 570 ad
818 518 942 587 quid
969 518 1157 572 vocat?
1188 519 1266 572 Ad
1298 520 1506 573 labores
1527 559 1541 579 ,
1572 534 1837 571 a-rumnas
1858 560 1870 579 ,

291 608 555 663 auderes?
600 608 968 679 Nequaquam,
1026 612 1119 664 ειθά
1168 612 1235 664 ad
1284 612 1504 665 delicias
1538 630 1549 664 :
1582 612 1650 664 ait
1684 612 1824 664 enim
1858 629 1867 661 :

291 699 450 752 Tauri
497 702 592 753 ιιιιί
635 712 679 754 et
731 703 896 754 altilia
952 712 1169 755 mactata
1216 713 1353 757 sunt.
1407 702 1629 770 Quanta:
1669 702 1868 769 dapes!

288 803 483 861 quanta
507 794 894 861 magniﬁcentia
924 794 937 846 ι
962 793 1144 862 Neque
1174 793 1276 848 hoc
1304 794 1420 847 illos
1451 793 1739 850 convertit;
1780 792 1869 844 sed

288 894 489 951 quanto
532 884 787 951 majorem
832 886 1137 953 patientiam
1181 886 1485 950 exhibebat,
1517 895 1663 939 tanto
1708 886 1873 954 magis

290 974 366 1027 illi
393 973 779 1027 indurabautur
809 975 847 1028 ¹.
905 975 1086 1044 Neque
1138 976 1279 1031 enim
1331 977 1568 1045 impediti
1623 976 1869 1045 negotiis,

285 1063 383 1118 sed
401 1064 726 1134 negligentes
746 1082 849 1118 non
876 1075 1154 1119 venerunt.
1172 1067 1279 1120 Cur
1302 1076 1476 1120 autem
1496 1066 1583 1118 alii
1614 1065 1868 1133 nuptias’,

286 1155 378 1207 alii
428 1155 552 1222 jnga
600 1155 756 1207 boum
814 1154 1105 1209 obtendunt
1142 1155 1165 1209 ἶ)
1212 1155 1448 1210 lia-ccille
1496 1154 1871 1223 occnpationcs

286 1247 453 1299 sunt?
500 1246 734 1300 Minime.
792 1250 922 1300 (lum
969 1250 1110 1301 enim
1164 1250 1451 1316 Spiritualia
1507 1263 1605 1301 nos
1660 1254 1866 1311 vocant,

286 1338 429 1391 nulla
468 1346 550 1390 est
576 1339 981 1407 occupationum
1011 1341 1322 1394 necassitas.
1386 1338 1642 1394 Videntur
1690 1349 1867 1393 autem

285 1428 414 1480 mihi
444 1427 847 1482 liisobteutibus
878 1430 979 1492 usi,
1006 1439 1063 1482 ut
1094 1430 1205 1483 lucc
1241 1430 1389 1498 quasi
1424 1429 1753 1499 negligentiae
1783 1443 1870 1481 ve-

284 1518 479 1575 lamina
506 1530 854 1587 opponerent.
884 1518 1063 1588 quue
1102 1520 1152 1573 id
1183 1521 1355 1574 solum
1393 1535 1553 1589 grave
1600 1529 1700 1580 est,
1726 1517 1867 1586 quod

283 1622 389 1661 non
416 1610 691 1675 venerint;
721 1609 814 1663 sed
848 1610 1041 1673 etiam,
1074 1612 1212 1679 quod
1236 1611 1606 1679 gravissimum
1637 1609 1866 1663 atrocis-

281 1700 583 1769 simumqne
629 1710 729 1765 est,
760 1701 901 1770 quod
953 1703 1146 1756 missos
1177 1702 1243 1755 ad
1290 1718 1349 1757 se
1380 1703 1516 1755 male
1569 1701 1862 1763 allecerint,

280 1791 619 1845 contumeliis
675 1793 967 1856 onerarint,
1017 1793 1340 1857 occiderint,
1378 1793 1426 1846 id
1456 1793 1592 1860 quod
1624 1791 1868 1860 superio-

278 1881 429 1934 ribus
480 1882 691 1947 gravius
739 1894 840 1935 est.
877 1883 950 1936 llli
997 1900 1226 1953 namque
1250 1893 1512 1938 venerunt
1564 1893 1864 1951 repetentes

280 1981 594 2037 proventum
619 1982 671 2024 et
698 1972 917 2039 fructus,
941 1983 1100 2041 atque
1127 1975 1287 2028 occisi
1316 1983 1471 2035 sunt;
1505 1974 1554 2026 hi
1588 1989 1713 2026 vero
1742 1990 1860 2025 cum

274 2061 339 2113 ad
391 2064 605 2127 nuptias
644 2065 800 2117 occisi
838 2066 1206 2120 interfectores
1234 2067 1349 2135 ejus
1372 2076 1581 2128 vocant,
1613 2066 1861 2120 similiter

275 2154 683 2209 interﬁciuntur.
716 2157 810 2209 Cui
846 2156 1005 2211 furori
1029 2158 1152 2226 quid
1188 2174 1281 2227 par
1331 2158 1521 2213 fuerit?
1550 2157 1638 2213 Sic
1666 2157 1859 2212 Paulus

273 2246 588 2299 criminatur
639 2247 796 2299 illos:
835 2247 933 2313 Qui
980 2258 1025 2299 et
1066 2247 1343 2301 Dominum
1370 2258 1415 2303 et
1443 2248 1713 2318 prophetas
1742 2263 1859 2300 suos

270 2337 584 2403 occiderant,
617 2350 661 2391 et
705 2356 795 2393 nos
825 2342 1109 2412 persequuti
1135 2352 1254 2395 sunt
1282 2342 1302 2373 ³
1330 2342 1405 2409 (1.
1455 2341 1629 2397 Thess.
1662 2343 1715 2395 2.
1744 2343 1853 2410 15).

274 2429 477 2484 Deinde
524 2446 590 2485 ne
642 2432 903 2496 dicerent,
957 2434 1068 2488 Deo
1108 2434 1442 2489 adversarius
1496 2444 1597 2501 est,
1633 2434 1855 2502 ideoque

268 2535 376 2573 non
405 2521 730 2585 accedimus,
761 2524 882 2575 audi
905 2524 1029 2594 quid
1053 2524 1235 2578 dicunt
1260 2525 1292 2577 ii
1314 2526 1401 2594 qui
1427 2526 1666 2578 invitant.
1701 2525 1855 2577 Pater

266 2622 351 2667 est
379 2614 424 2666 is
450 2615 540 2683 qui
583 2617 795 2682 nuptias
824 2615 947 2671 facit
967 2626 1020 2671 et
1049 2618 1256 2671 invitat.
1313 2617 1449 2683 Quid
1477 2631 1605 2686 ergo
1636 2622 1855 2685 postea?

265 2702 403 2771 Quia
448 2705 735 2760 noluerunt
791 2706 995 2772 venite,
1044 2706 1138 2762 sed
1180 2717 1235 2762 et
1282 2707 1495 2761 nuntios
1520 2707 1849 2768 occiderunt,

266 2798 428 2851 urbes
483 2813 668 2851 eorum
707 2799 961 2865 incendit,
1003 2809 1057 2854 et
1108 2800 1287 2854 missis
1312 2784 1632 2853 exercitibus
1659 2799 1852 2853 occidit

262 2904 379 2943 eos.
415 2888 507 2942 His
532 2905 691 2957 porro
722 2891 1042 2958 przenuntial
1069 2904 1131 2945 ea
1159 2905 1279 2959 qua:
1313 2890 1413 2943 sub
1448 2890 1770 2958 Vespasiano
1798 2898 1853 2941 ct

261 2979 385 3034 Tito
442 2984 578 3035 facta
632 2994 775 3036 sunt.
824 2983 890 3036 Et
939 2984 1059 3053 quia
1115 2984 1327 3037 Patrem
1372 2983 1847 3045 exacerbaverant,

259 3070 405 3140 quod
429 3072 528 3141 ipsi
575 3088 681 3126 non
705 3074 1049 3136 crediderint,
1074 3075 1187 3143 ipse
1228 3075 1346 3128 illos
1376 3075 1669 3129 ulciscitur.
1721 3073 1851 3127 ldro

259 3176 368 3215 non
393 3163 572 3215 statim
604 3174 723 3231 post
752 3175 976 3219 mortem
1005 3166 1200 3219 Christi
1229 3166 1493 3219 excidium
1521 3167 1720 3227 evenit,
1752 3168 1849 3219 sed.

257 3262 381 3319 post
420 3269 591 3307 annos
625 3255 996 3325 quadraginta,
1029 3267 1085 3309 ut
1113 3257 1419 3325 patientiam
1448 3273 1596 3310 suam
1627 3257 1847 3310 exhibe-

256 3353 376 3409 ret;
403 3360 522 3397 eum
548 3344 875 3415 Stephanum
904 3348 1244 3412 occiderunt,
1272 3348 1528 3404 Jacohutn
1567 3348 1849 3403 interfece-

256 3448 407 3499 runt,
437 3440 711 3506 apostolos
756 3439 982 3494 aliecere
1035 3442 1397 3495 contumeliis.
1451 3440 1636 3495 Videu‘
1665 3456 1842 3494 rerum

254 3530 539 3582 veritatem
565 3539 619 3583 et
657 3530 1024 3584 celeritatem?
1056 3532 1241 3585 Adhuc
1274 3533 1414 3585 enim
1443 3530 1649 3585 Joanne
1677 3544 1843 3585 evan-

251 3620 446 3688 gelista
481 3622 708 3686 vivente,
730 3623 952 3692 aliisque
979 3623 1341 3693 compluribus
1371 3625 1459 3692 qui
1490 3639 1609 3678 cum
1632 3621 1845 3676 Christo

254 3713 523 3775 viserant,
558 3711 674 3766 hinc
723 3716 1063 3783 contigerunt
1095 3732 1109 3768 :
1138 3716 1336 3768 etenim
1368 3724 1636 3784 gestorum
1679 3722 1843 3767 testes

251 3814 433 3868 erant,
464 3805 554 3874 qui
589 3806 703 3860 hazc
747 3807 1049 3861 audierunt.
1107 3806 1238 3861 Vide
1286 3822 1415 3876 ergo
1458 3805 1840 3875 providentiam

254 3893 601 3950 inetl'abilem.
636 3897 900 3951 Plantavit
939 3901 1173 3963 vineam,
1207 3900 1387 3953 omnia
1428 3898 1553 3953 fecit
1594 3908 1650 3952 et
1688 3913 1841 3951 com-

251 3984 421 4053 plevit
446 4001 461 4048 ;
490 3987 659 4040 servis
675 3988 867 4041 oet-isis
892 3990 1027 4042 alios
1053 4003 1236 4044 servos
1263 3990 1404 4042 misit
1438 4004 1456 4042 :
1483 3988 1562 4041 bis
1590 3989 1841 4043 interem-

254 4078 394 4143 ptis,
428 4077 620 4131 Filium
662 4080 833 4144 misit,
865 4096 971 4149 quo
1017 4080 1319 4145 interiecto,
1354 4089 1506 4134 vocat
1526 4095 1620 4134 eos
1648 4079 1715 4133 ad
1744 4095 1840 4133 nn—

252 4172 417 4238 ptias,
440 4179 497 4223 et
517 4172 697 4225 venire
724 4173 1027 4227 noluerunt.
1051 4174 1239 4228 Postea
1262 4175 1423 4227 mittit
1449 4175 1583 4227 alios
1607 4187 1790 4227 servos
1820 4189 1836 4225 :

251 4261 324 4313 illi
360 4276 494 4313 vero
523 4262 620 4315 bos
650 4263 807 4316 etiam
838 4264 1165 4318 occiderunt.
1194 4265 1448 4334 Tuncque
1476 4264 1688 4319 demum
1721 4264 1839 4317 illus

253 4352 509 4407 interﬁcit
550 4365 782 4424 :utpote
824 4358 911 4427 qui
956 4359 1231 4411 incnrabili
1285 4358 1470 4411 morbo
1513 4358 1835 4413 laborarent.

251 4443 409 4510 Quod
467 4446 609 4498 enim
654 4446 976 4502 incurabiles
1017 4458 1232 4512 essent,
1289 4464 1393 4503 non
1440 4450 1614 4518 priora
1666 4451 1835 4503 solum

245 4548 400 4608 gesta
455 4540 744 4608 probabant
773 4558 787 4605 ;
819 4544 911 4596 sed
942 4544 1080 4611 quod
1123 4544 1283 4597 etiam
1330 4542 1695 4597 meretricibus
1740 4558 1835 4611 pu-

253 4631 593 4700 blicanisque
615 4634 977 4695 credentibus,
1010 4635 1080 4687 illi
1113 4636 1231 4688 talia
1266 4635 1637 4704 perpetrarint.
1662 4634 1839 4702 Itaque

246 4739 359 4778 non
404 4724 473 4777 ob
512 4739 605 4778 sua
650 4737 795 4795 gesta
842 4736 895 4779 et
943 4728 1145 4781 scelera
1180 4736 1384 4780 tantum
1415 4768 1427 4788 ,
1462 4726 1554 4780 sed
1579 4728 1737 4779 etiam
1766 4726 1837 4778 ob

245 4817 479 4870 aliorum
506 4817 641 4870 bona
664 4834 822 4886 opera
855 4817 1191 4871 damnantur.
1249 4818 1303 4873 Si
1335 4817 1594 4886 quispiam
1617 4815 1832 4878 dixerit,

247 4926 356 4961 ιιιιιι
387 4918 514 4962 tuttc
543 4921 758 4964 vocatos
782 4927 846 4965 ex
875 4912 1122 4980 gentibus
1144 4911 1330 4974 fuisse,
1354 4927 1472 4964 cum
1496 4908 1722 4979 apostoli
1750 4906 1838 4961 na-

246 4999 430 5066 gellati
477 5007 532 5053 et
587 5000 863 5053 innumera
922 5002 1162 5069 perpessi
1220 5010 1365 5063 sunt,
1398 5000 1492 5054 sed
1515 5000 1693 5052 statim
1719 5006 1829 5066 post

248 5091 700 5145 resurrectionem
755 5096 903 5161 (tunc
942 5092 1085 5145 enim
1135 5091 1408 5160 discipulis
1451 5090 1603 5155 dixit,
1634 5088 1828 5143 Euntes

245 5180 424 5234 docete
446 5198 616 5235 omnes
640 5192 809 5252 gentes
834 5179 1049 5253 [ΜιιιιΙι.
1079 5181 1168 5237 28.
1200 5181 1315 5254 19],
1352 5181 1795 5252 respondebimus
1817 5218 1833 5244 ,

248 5271 543 5343 discipulos
560 5280 613 5325 et
642 5281 764 5325 ante
794 5287 1008 5326 crucem
1036 5282 1090 5329 et
1120 5283 1237 5343 post
1258 5288 1473 5327 crucem
1505 5270 1703 5327 iudicis
1728 5271 1838 5341 pri-

320 5464 337 5487 '
365 5463 420 5512 lu
434 5466 589 5515 εισι-ιιι.
617 5465 723 5515 [nec
743 5466 816 5514 sic
841 5467 1034 5531 inversa
1053 5474 1180 5531 sunt,
1196 5468 1282 5531 sed
1298 5476 1472 5530 quanto
1494 5467 1646 5531 magis
1669 5467 1745 5521 illi
1764 5469 1816 5522 in

257 5525 583 5592 duraturum,
604 5535 731 5592 lauto
755 5529 986 5589 majorem
1010 5528 1091 5578 ille
1115 5525 1390 5592 patietuiam
1413 5544 1465 5580 ea
1477 5525 1679 5581 bibebat.

322 5590 341 5654 ξ
369 5589 420 5654 in
442 5588 604 5654 uotel.
632 5587 837 5654 legitur,
856 5600 1016 5654 uaros,
1045 5587 1149 5652 pro,
1176 5591 1384 5654 nuptias.

321 5648 341 5679 ³
368 5650 527 5712 Aliqui
556 5658 609 5699 et
629 5648 792 5700 Itoi‘el.
819 5650 1017 5713 addunt,
1042 5648 1087 5703 et
1116 5660 1213 5702 Deo
1234 5648 1325 5703 non
1348 5653 1648 5717 placuerunt.

1266 222 1331 276 IN
1368 222 1773 279 uanum»:
1815 228 2045 280 ιιυιιιι..
2091 215 2275 286 LXIX.
2316 235 2385 287 al.
2430 236 2589 290 cxx.

3460 245 3564 300 i333

1994 354 2135 394 tuum
2168 343 2413 413 loqttntos
2456 350 2637 407 fitisse.
2690 354 2819 408 Nam
2866 366 2989 410 ante
3014 372 3226 413 crucem
3251 362 3323 412 ait
3353 359 3457 414 illis
3485 359 3567 414 ιυ-

1989 443 2081 483 sus
2114 449 2127 485 :
2160 432 2185 484 l
2195 444 2242 488 te
2266 437 2333 488 ad
2361 456 2473 493 ores
2500 458 2611 510 qua!
2637 447 2889 511 perierant
2913 446 3096 502 domus
3128 447 3292 504 Israel
3315 467 3335 505 :
3366 462 3416 505 et
3451 462 3567 522 pett

1983 535 2195 576 crucem
2232 542 2333 580 non
2369 532 2552 598 vetuit,
2592 534 2698 588 imo
2744 538 2903 591 etiam
2950 533 3204 612 pricCepit
3234 552 3290 596 nt
3320 543 3439 599 illos
3466 544 3565 599 dn-

1981 628 2166 674 cerent
2210 620 2469 687 Quamvis
2496 625 2639 680 enim
2669 628 2919 693 dixissvt,
2944 631 3131 685 Doretc
3156 653 3331 689 ιιιιιιιμδ
3365 650 3562 709 gentes:

1980 715 2162 763 tamen
2199 727 2526 769 ascensurus
2550 716 2601 768 in
2634 718 2880 784 cmlum‘,
2907 721 3205 778 declaravit
3228 728 3403 794 primo
3426 748 3562 799 pta-

1980 798 2269 854 dicandum
2294 801 2498 858 Iudaeis
2530 822 2682 862 esse:
2714 810 2789 864 ait
2815 813 2983 879 enim,
3009 814 3293 886 Accipietis
3316 798 3559 875 virtutem

1979 894 2384 959 supervenientis
2410 896 2641 964 Spiritus
2664 906 2835 957 sancti
2866 907 2917 958 in
2946 924 3051 973 vos,
3076 922 3123 963 ct
3160 911 3305 964 eritis
3330 914 3456 967 milii
3480 926 3560 969 tc-

1976 994 2079 1039 stes
2104 988 2155 1041 in
2182 986 2480 1045 Jerusalem
2514 1004 2562 1047 et
2592 997 2646 1048 in
2667 1000 2810 1051 omni
2833 1000 3041 1061 Judtea.
3068 1014 3121 1057 et
3156 1022 3317 1074 usque
3337 1008 3559 1061 adulti-

1974 1093 2118 1164 nmm
2134 1090 2287 1133 terra:
2301 1082 2439 1139 (Act.
2462 1084 2509 1139 l.
2530 1084 2607 1154 8);
2624 1096 2677 1141 et
2691 1086 2892 1144 Paulus
2917 1109 3158 1147 rursum:
3183 1096 3288 1161 Qui
3311 1110 3557 1164 operatus

1977 1171 2050 1214 est
2082 1161 2237 1219 Petro
2267 1168 2319 1221 in
2347 1172 2685 1240 apostolatum
2711 1177 3126 1248 circamcisionis,
3155 1161 3393 1252 operatus
3412 1197 3484 1239 est
3512 1198 3559 1239 et

1978 1254 2102 1347 nti/ti
2123 1256 2250 1347 inter
2274 1270 2444 1327 gentes
2472 1261 2613 1333 (Gal.
2656 1264 2711 1319 3.
2745 1264 2819 1337 8).
2845 1266 2919 1338 (a)
2940 1269 3224 1339 PrOptcrca
3251 1284 3306 1330 et
3331 1280 3555 1347 apostoli

1975 1342 2174 1400 .ludteis
2194 1350 2365 1416 primo
2392 1355 2831 1424 praedicaverunt,
2851 1370 2902 1414 et
2925 1371 3200 1430 postquam
3231 1342 3396 1421 multo
3426 1378 3558 1423 tein-

1976 1449 2104 1501 pore
2121 1436 2471 1512 Jerosolyma:
2501 1447 2841 1515 mansissent,
2867 1448 3059 1507 deinde
3083 1453 3149 1509 ab
3175 1456 3276 1511 illis
3303 1459 3463 1526 pulsi,
3484 1463 3559 1514 sic

1976 1525 2205 1596 dispersi
2232 1542 2358 1586 sunt
2386 1535 2524 1603 apud
2555 1546 2762 1605 gentes.

2042 1636 2095 1690 2.
2129 1638 2206 1692 Tu
2236 1656 2368 1696 vero
2412 1643 2496 1698 hic
2537 1648 2815 1704 considera
2865 1653 3287 1712 muniﬁcentiam
3324 1659 3553 1717 Domini.

1976 1727 2227 1800 Quotquot
2270 1732 2527 1790 invenietis
2551 1777 2566 1801 ,
2616 1738 2783 1809 inquit
2803 1779 2819 1807 ,
2869 1754 3039 1797 vocate
3072 1746 3140 1798 ad
3168 1750 3389 1816 nuptias.
3422 1752 3555 1807 Nam

1970 1828 2146 1885 antea,
2179 1832 2234 1875 ut
2259 1823 2398 1889 dixi,
2430 1835 2485 1881 et
2511 1827 2710 1885 Judaeis
2737 1840 2791 1886 et
2813 1834 3058 1903 gentibus
3084 1839 3462 1908 prtedieabant,
3499 1854 3555 1899 ut

1968 1912 2253 1981 plurimum
2286 1917 2336 1971 in
2375 1919 2556 1975 lndma
2582 1934 2887 1982 versantes:
2909 1929 3031 1998 quia
3061 1945 3188 1985 vero
3210 1932 3381 1989 Juda'i
3427 1936 3554 2005 ipsis

1971 2004 2280 2062 insidiantes
2328 2014 2768 2082 perseverabant,
2810 2020 2932 2073 audi
2979 2021 3235 2087 Paulum,
3278 2028 3366 2093 qui
3418 2027 3552 2083 banc

1971 2099 2269 2164 parabolam
2300 2105 2529 2172 explicat
2548 2115 2601 2161 et
2624 2107 2784 2163 dicit:
2810 2108 2958 2165 Vobis
2982 2124 3088 2166 erat
3113 2131 3310 2171 necesse
3335 2119 3557 2187 primunt

1968 2188 2103 2257 loqui
2124 2192 2325 2247 verbum
2349 2194 2475 2261 Dei;
2505 2198 2593 2251 sed
2619 2199 2736 2269 quia
2762 2214 2846 2255 vos
2870 2202 3405 2276 indignosjudicastis,
3438 2227 3553 2264 ecce

1965 2287 2301 2339 convertimur
2327 2298 2393 2341 att
2434 2300 2604 2360 gentes
2645 2294 2778 2361 (Act.
2824 2296 2908 2351 15.
2941 2296 3053 2369 46).
3088 2299 3375 2370 PrOpterea
3405 2307 3547 2358 enim

1966 2372 2079 2440 ipse
2108 2375 2215 2429 ait:
2241 2377 2293 2431 8.
2324 2377 2538 2449 Naplia:
2580 2384 2778 2452 quidem
2818 2396 3012 2455 parata:
3055 2400 3198 2457 sunt,
3242 2394 3406 2446 vocati
3435 2409 3559 2448 vero.

1964 2462 2105 2532 digni
2148 2482 2249 2521 non
2295 2482 2453 2523 erant.
2505 2472 2561 2526 ld
2604 2490 2732 2530 vero
2762 2477 2853 2532 ille
2879 2488 3035 2535 antea
3065 2483 3306 2550 sciebat,
3356 2488 3450 2541 sed
3492 2498 3549 2541 nt

1965 2553 2162 2608 nullam
2192 2557 2321 2625 ipsis
2361 2560 2685 2631 relinqueret
2716 2568 3038 2636 impudentis
3065 2574 3425 2630 excusationis
3446 2591 3545 2631 an-

1962 2656 2097 2735 sam,
2128 2645 2250 2702 licet
2276 2648 2326 2702 id
2356 2652 2535 2719 sciret,
2563 2654 2629 2707 ad
2663 2655 2781 2711 illos
2807 2658 3012 2729 primos
3036 2669 3090 2714 et
3118 2661 3263 2717 venit
3287 2673 3344 2719 et
3368 2666 3555 2735 misit,

1962 2734 2065 2788 illis
2092 2753 2184 2791 ora
2215 2740 2497 2796 obstructis
2524 2786 2538 2811 ,
2570 2760 2774 2816 nosque
2802 2749 3115 2817 instituens,
3148 2765 3204 2807 ut
3233 2770 3352 2826 qua:
3379 2734 3546 2828 penes

1962 2842 2057 2880 nos
2081 2838 2203 2882 sunt
2226 2833 2402 2885 omnia
2443 2834 2778 2904 impleamus,
2809 2841 2908 2895 etsi
2938 2857 3095 2896 nemo
3124 2846 3392 2917 quidpiam
3421 2850 3549 2905 inde

1960 2914 2088 2970 lucri
2120 2930 2433 2991 accepturus
2472 2937 2635 2982 esset.
2682 2930 2813 2997 Quia
2861 2945 2988 3003 ergo
3033 2914 3191 3006 Digni
3231 2914 3329 2992 ιὶοη
3378 2954 3539 3005 erant,

1958 3010 2168 3081 inquit:
2199 3015 2253 3069 9.
2305 3014 2384 3070 Ite
2419 3018 2488 3071 ad
2531 3021 2709 3088 trivia,
2755 3031 2803 3076 et
2840 3039 3176 3099 quoscumque
3214 3033 3499 3087 inveneritis
3522 3076 3539 3099 ,

1956 3106 2334 3158 vocate:etiam
2367 3109 2498 3163 viles
2524 3121 2577 3164 et
2605 3112 2863 3181 abjectos.
2886 3116 3017 3181 Quia
3043 3118 3188 3174 enim
3218 3134 3359 3190 scepe
3389 3124 3539 3179 dice-

1956 3194 2075 3258 bal,
2136 3195 2439 3254 Meretrices
2490 3210 2545 3256 et
2599 3203 2863 3272 publicani
2918 3209 3105 3263 celum
3165 3210 3552 3269 hereditabunt.

1958 3284 2168 3353 (Matth.
2197 3287 2287 3343 21.
2324 3289 2449 3360 5i);
2493 3302 2575 3358 et,
2609 3294 2776 3351 Erunt
2803 3298 3059 3355 novissimi
3096 3304 3273 3370 primi,
3310 3316 3356 3359 et
3386 3307 3539 3376 primi

1953 3381 2205 3435 novissimi
2231 3382 2443 3453 (Matth.
2490 3386 2580 3442 19.
2610 3387 2701 3462 50)
2721 3407 2735 3443 :
2755 3391 2990 3447 ostendit
3015 3393 3132 3450 inec
3156 3396 3233 3451 sic
3255 3396 3396 3468 juste
3422 3399 3534 3453 dis-

1954 3475 2187 3539 pensari:
2204 3475 2343 3544 quod
2372 3478 2703 3546 potissimum
2728 3480 2941 3539 Judteos
2963 3486 3261 3555 mordebat,
3286 3498 3340 3545 et
3365 3494 3545 3547 multo.

1952 3570 2117 3638 magis
2144 3583 2301 3638 quam
2332 3571 2477 3626 urbis
2503 3574 2770 3629 excidium
2800 3576 3100 3648 afﬂigebat,
3129 3582 3269 3651 quod
3308 3584 3536 3641 viderint

1945 3662 2171 3728 gentiles
2196 3662 2250 3717 in
2290 3677 2411 3727 sua,
2447 3661 2560 3718 imo
2591 3664 2644 3717 in
2673 3665 2788 3719 suis
2826 3667 2999 3720 multo
3026 3670 3412 3725 excellentium
3440 3673 3530 3726 ln-

1941 3754 2174 3811 troduci.
2235 3752 2441 3810 Deinde
2492 3771 2559 3809 ne
2612 3757 2667 3810 hi
2719 3757 2772 3811 in
2829 3758 2946 3813 sola
2992 3758 3098 3815 ﬁle
3142 3775 3294 3831 spem
3355 3766 3526 3821 habe-

1940 3850 2099 3907 rent,
2137 3844 2203 3897 de
2228 3843 2439 3912 judicio
2468 3854 2524 3901 et
2563 3859 2722 3912 pinna
2771 3861 3063 3917 pravorum
3105 3865 3331 3920 operum
3376 3854 3531 3911 edis-

1942 3938 2114 3999 serit,
2163 3938 2526 4009 hortaturque
2574 3940 2816 3994 nondum
2875 3942 3159 3998 credentes
3202 3945 3270 3999 ad
3316 3948 3543 4017 ample-

1935 4027 2180 4081 eteudam
2213 4027 2369 4083 iidem
2395 4071 2410 4095 ,
2451 4029 2733 4084 credentes
2759 4043 2884 4085 vero
2909 4030 2974 4084 ad
3003 4030 3163 4085 vitam
3191 4037 3337 4085 recte
3364 4032 3519 4085 insti-

1936 4119 2205 4173 tuendam.
2233 4120 2598 4175 ludumentum
2627 4120 2767 4175 enim
2795 4129 2918 4175 sunt
2943 4120 3048 4173 vita
3076 4128 3130 4175 et
3154 4134 3334 4191 opera.
3360 4124 3521 4192 Atqui

1936 4212 2141 4265 vocatio
2170 4211 2355 4279 gratia:
2383 4221 2531 4276 erat;
2580 4225 2677 4265 cur
2720 4226 2849 4281 ergo
2878 4219 2984 4265 tam
3013 4222 3262 4267 accurate
3291 4212 3522 4282 loquitur

1937 4314 1989 4357 et
2012 4302 2253 4357 hortatur
2268 4301 2293 4355 ‘t
2308 4302 2439 4368 Quia
2465 4303 2671 4357 vocatio
2690 4301 2903 4370 quidem
2924 4314 2973 4357 et
3000 4304 3241 4373 purgatio
3261 4319 3328 4358 ex
3352 4306 3537 4373 gratia

1936 4405 2089 4457 sunt;
2118 4403 2364 4447 vocatum
2393 4402 2570 4447 autem
2599 4403 2654 4449 et
2684 4395 2829 4464 puris
2859 4392 3104 4448 indutum
3136 4395 3374 4450 vestibus
3402 4412 3518 4451 ma-

1938 4500 2083 4546 nere,
2110 4495 2163 4538 et
2191 4484 2305 4538 haec
2333 4500 2568 4550 servare,
2600 4484 2649 4538 id
2676 4499 2744 4539 ex
2779 4497 3086 4538 vocatorum
3113 4499 3239 4538 cura
3264 4495 3319 4540 et
3344 4488 3532 4541 studio

1938 4576 2306 4645 proliciscilur.
2344 4576 2604 4630 Vocantur
2631 4585 2810 4630 autem
2852 4590 2956 4630 non
2983 4590 3049 4629 ex
3080 4575 3305 4642 merito,
3333 4577 3427 4632 sed
3454 4592 3521 4633 ex

1936 4670 2120 4738 gratia.
2150 4666 2440 4737 Oportebat
2482 4671 2639 4738 igitur
2666 4670 2849 4741 gratia:
2879 4670 3048 4725 vicem
3087 4670 3384 4740 rependere
3426 4686 3523 4740 per

1938 4764 2314 4827 obedientiam,
2341 4778 2444 4816 non
2474 4778 2566 4832 per
2593 4770 2789 4816 tantam
2815 4773 2931 4831 poSt
2955 4760 3213 4817 honorem
3242 4760 3525 4833 acceptum

1941 4854 2246 4922 nequitiam.
2277 4852 2380 4908 Sed
2410 4870 2512 4906 non
2558 4860 2635 4906 tot
2675 4852 2855 4922 accepi
2895 4850 3070 4920 bona,
3114 4852 3353 4923 inquies,
3393 4864 3523 4923 quot

1940 4944 2127 4999 lida-i.
2179 4943 2287 4999 lmo
2318 4945 2484 4998 multo
2513 4945 2714 5013 majora
2758 4944 3008 5015 accepisti
3048 4944 3207 4999 bona.
3243 4944 3375 5000 Nam
3402 4962 3523 5016 qua:

1866 5088 1867 5091 η
1943 5047 2086 5091 lauto
2117 5047 2356 5107 tempore
2404 5036 2535 5106 ipsis
2563 5037 2957 5108 apparabantur
2978 5078 2995 5103 ,
3042 5046 3094 5091 tu
3123 5033 3407 5093 confertim
3434 5056 3522 5090 ae-

1940 5130 2148 5199 cepisti,
2179 5131 2300 5184 licet
2325 5128 2515 5200 dignus
2542 5145 2646 5184 non
2670 5143 2838 5185 esses.
2864 5129 2985 5184 ideo
3001 5129 3197 5185 Paulus
3218 5132 3292 5185 ait
3311 5148 3324 5184 :
3342 5130 3524 5186 Gentes

1939 5232 2103 5275 autem
2132 5238 2225 5291 pro
2249 5220 2592 5275 misericordia
2614 5219 2902 5293 gloriﬁcare
2930 5220 3092 5274 Deum
3118 5219 3293 5295 (Rom.
3321 5223 3408 5279 15.
3441 5224 3520 5293 9).

1941 5313 2071 5367 Nam
2102 5328 2220 5382 qua:
2259 5312 2365 5368 illis
2393 5311 2755 5379 debebantur,
2802 5320 2857 5368 tu
2885 5314 3158 5384 accepisti.
3190 5314 3527 5387 Quapropter

2007 5469 2022 5499 ι
2048 5463 2148 5516 Alii
2176 5478 2187 5511 :
2215 5463 2535 5539 Nequeltune
2558 5462 2706 5539 dixit,
2736 5480 2757 5536 ς
2794 5468 3142 5539 Doceteomnes
3176 5474 3361 5539 gentes,
3389 5484 3406 5515 ι
3432 5471 3519 5519 cett

1941 5540 2229 5579 ascensurus
2253 5524 2519 5585 incretum,
2544 5533 2665 5586 etc.;
2689 5525 2854 5577 minus
2877 5535 3039 5588 recte,
3061 5536 3116 5578 ut
3141 5524 3363 5583 videtur.

2005 5592 2075 5651 (a)
2089 5590 2210 5653 Quae
2220 5594 2502 5653 sequuntur
2513 5590 2806 5638 numerumi
2823 5590 3122 5653 claudentia,
3134 5591 3339 5645 deerant
3360 5595 3406 5640 in
3420 5591 3522 5640 Mos

1944 5655 2059 5711 rel.,
2082 5665 2173 5715 per
2193 5650 2639 5713 homoeoteleuton,
2653 5657 2777 5704 ctex
2799 5650 3151 5716 manuscriptis
3174 5653 3363 5718 adjecta
3384 5660 3509 5706 sunt
