4000 6206
422 321 515 372 tibi
1145 316 1200 369 S.
1241 314 1513 371 JO.\NN|S
1536 312 2005 369 CllllYSOSTOMI
2045 312 2357 370 ARClllEl‘.
2395 314 2919 374 CONSTANTIXOP.
3525 331 3615 388 mg

422 451 604 503 magna
636 430 1014 500 negligentibus
1058 430 1294 482 innninct
1326 444 1497 497 poma.
1528 425 1979 493 Quemadmodum

420 525 560 577 enim
592 523 687 588 illi,
715 521 853 589 quod
884 537 985 573 non
1008 521 1280 582 venerint,
1311 519 1625 573 contunu-lia
1658 518 1983 572 affecerunt:

420 617 498 670 sie
523 623 576 668 et
597 623 670 674 tn,
693 613 813 683 quia
836 612 901 665 ad
923 621 1225 680 corruptam
1247 611 1403 663 vitam
1429 610 1504 663 sic
1527 609 1822 663 decl'nasd.
1852 607 1981 661 Nam

418 704 645 760 sordidis
689 703 927 758 vestibus
972 704 1200 765 intrare,
1244 702 1295 755 id
1339 710 1438 764 est,
1481 716 1600 754 cum
1647 699 1848 768 impura
1879 699 1982 751 vita

419 799 539 853 inde
581 799 885 859 discedere;
935 795 1157 864 ideoque
1193 794 1520 847 obnmtuisse
1557 793 1766 846 dicitur.
1804 792 1967 845 Viden

416 889 681 959 quomodo
711 888 832 942 licet
861 902 947 940 res
975 888 1052 941 sic
1095 885 1371 940 manifesta
1399 885 1465 939 sit
1490 924 1505 948 ,
1554 900 1656 937 non
1688 884 1829 951 prius
1854 897 1981 951 sup-

419 980 570 1043 plicia
600 978 805 1037 inferat.
835 991 989 1045 quam
1020 977 1132 1045 ipse
1162 985 1404 1044 peccator
1429 974 1742 1027 sententiam
1772 971 1984 1025 tulerit?

418 1070 549 1135 Quia
571 1070 709 1122 euiut
733 1068 863 1121 nihil
888 1067 1207 1137 respondere
1226 1075 1452 1134 poterat,
1475 1065 1814 1132 semetipsum
1836 1062 1983 1115 dam-

424 1161 599 1219 nabat,
628 1169 678 1213 et
703 1158 767 1212 ad
795 1160 1030 1225 ingentes
1051 1159 1250 1224 rapitur
1273 1172 1474 1224 pmttas.
1506 1155 1583 1208 Ne
1606 1164 1757 1223 putes
1785 1161 1979 1211 autem,

421 1268 538 1302 enm
570 1250 813 1303 tenebras
840 1250 1012 1313 audis,
1042 1249 1139 1300 hoc
1166 1248 1308 1300 illum
1338 1246 1596 1313 supplicio
1622 1244 1813 1313 puniri,
1842 1242 1979 1310 quod

422 1350 469 1395 in
501 1345 782 1398 obscurum
812 1343 982 1394 locum
1008 1340 1246 1393 trudatur
1268 1337 1629 1399 solummodo;
1658 1335 1749 1389 sed
1780 1335 1863 1386 ubi
1896 1334 1979 1387 13.

426 1434 627 1496 Fletus,
670 1441 717 1487 et
741 1431 926 1485 stridor
952 1431 1201 1493 dentiant,
1233 1429 1373 1498 quod
1401 1426 1757 1480 intolerabiles
1781 1424 1982 1492 signifi-

420 1535 503 1577 cat
531 1523 765 1578 dolores.
801 1522 990 1577 Audite
1030 1531 1281 1590 quotquot
1314 1519 1680 1588 mysteriorum
1711 1524 1984 1570 consortes

421 1615 571 1680 estis,
613 1624 667 1668 et
693 1613 757 1666 ad
787 1613 991 1680 nuptias
1015 1609 1310 1664 adventatis
1336 1648 1349 1669 ,
1381 1607 1709 1673 sordidisque
1737 1603 1984 1669 Opcrlbtls

422 1705 647 1757 animant
681 1701 912 1755 induitis.
956 1699 1145 1752 Audite
1181 1696 1317 1750 unde
1346 1697 1513 1749 vocati
1546 1696 1679 1748 sitis.
1707 1694 1780 1746 Ex
1810 1692 1978 1746 trivio.

421 1796 644 1859 Quinam
672 1792 874 1846 cratis?
918 1789 1102 1844 Claudi
1144 1799 1196 1842 et
1239 1786 1366 1841 caeci
1405 1787 1610 1849 animo,
1660 1784 1797 1852 quod
1829 1784 1984 1850 longe

421 1885 628 1948 gravius
654 1891 736 1936 est
778 1881 1019 1949 corporis
1062 1879 1317 1933 caecitate.
1361 1874 1719 1931 ltevereamini
1750 1872 1985 1926 vocantis

424 1973 819 2041 benignitatem,
852 1985 1113 2038 nemoque
1138 1970 1207 2022 sit
1234 1966 1461 2021 sordidis
1488 1965 1698 2019 indutus
1729 1962 1981 2027 vestibus,

421 2065 513 2117 sed
540 2064 762 2133 quisque
789 2072 1026 2115 nostrum
1053 2060 1243 2114 anima:
1272 2059 1520 2112 amictum
1548 2064 1848 2125 componat.
1877 2055 1986 2108 An-

421 2158 564 2222 dite,
608 2155 887 2217 mulieres,
929 2153 1139 2213 audite,
1188 2152 1304 2203 viri.
1348 2149 1459 2202 Non
1492 2148 1573 2201 his
1596 2146 1830 2200 vestibus
1853 2159 1987 2212 opus

423 2247 629 2301 habetis
653 2261 785 2300 auro
815 2245 1062 2309 intextis,
1088 2258 1205 2310 qua:
1232 2242 1491 2296 exteriora
1524 2248 1731 2303 nostra,
1762 2237 1853 2292 sed
1883 2237 1987 2290 illis

421 2352 539 2405 qua}
569 2336 819 2390 interiora
848 2341 1057 2387 ornant.
1090 2332 1266 2385 Donec
1296 2329 1415 2382 illas
1440 2329 1746 2391 retinemus,
1777 2327 1873 2379 bas
1904 2327 1984 2378 itt-

421 2430 584 2484 duere
611 2428 824 2483 difﬁcile
860 2436 960 2480 est.
1010 2423 1122 2477 Non
1168 2434 1447 2491 possumus
1487 2420 1716 2473 animam
1749 2419 1905 2472 simul
1934 2426 1989 2473 et

420 2535 612 2589 corpus
637 2532 848 2573 ornare.
880 2517 992 2570 Non
1038 2529 1315 2583 possumus
1342 2522 1514 2578 certe,
1564 2527 1665 2564 non
1710 2524 1987 2579 possumus

424 2626 682 2665 nummum
704 2610 907 2665 servire
930 2619 985 2662 et
1007 2604 1217 2660 Christo
1247 2604 1462 2658 obedire
1491 2612 1543 2655 ιιι
1576 2618 1668 2671 par
1694 2611 1852 2655 esset.
1884 2601 1985 2653 De-

424 2716 678 2769 ponantus
705 2715 832 2767 ergo
861 2698 997 2751 hanc
1024 2712 1234 2765 gravem
1266 2693 1612 2765 tyrannidem.
1645 2692 1822 2761 Neque
1846 2692 1984 2744 enim

422 2794 463 2844 si
488 2791 604 2860 quis
629 2790 841 2845 domum
869 2788 1130 2856 tapetibus
1155 2786 1331 2839 aureis
1353 2792 1585 2845 ornaret,
1613 2793 1768 2850 teque
1789 2783 1984 2835 nudum

422 2897 544 2935 cunt
590 2880 777 2947 pannis
822 2878 1009 2931 laceris
1055 2875 1241 2929 sedere
1280 2874 1516 2941 juberet,
1556 2872 1607 2925 id
1634 2886 1785 2940 :equo
1810 2871 1987 2923 animo

424 2972 611 3025 ferres.
658 2972 728 3023 At
770 2983 909 3021 nunc
948 2967 1060 3035 ipse
1102 2965 1193 3019 tibi
1237 2964 1373 3017 hanc
1402 2963 1641 3032 injuriam
1673 2961 1834 3023 facis,
1865 2976 1984 3015 cum

423 3064 638 3116 donnun
664 3061 854 3115 anitnze
880 3069 980 3112 luat
998 3098 1012 3121 ,
1042 3072 1234 3125 corpus
1260 3056 1478 3118 scilicet,
1511 3053 1801 3109 innumeris
1828 3067 1987 3106 ornas

423 3153 632 3216 anlzeis,
668 3152 811 3205 illam
840 3165 967 3204 vero
1002 3162 1291 3218 pannosam
1325 3148 1511 3200 sedere
1538 3144 1689 3198 sinis.
1722 3144 1801 3197 An
1834 3143 1985 3212 igno-

423 3261 530 3311 ras,
570 3260 745 3313 regem
788 3243 953 3311 magis
980 3257 1137 3310 quam
1180 3240 1444 3294 civitatem
1484 3237 1658 3290 ornari
1702 3234 1986 3303 Oportere?

425 3337 650 3405 Ideoque
698 3335 894 3388 civitati
940 3334 1053 3389 vela
1096 3348 1160 3387 ex
1203 3333 1312 3387 lino
1342 3340 1626 3400 parantur,
1659 3328 1766 3398 regi
1810 3336 1983 3381 autem

424 3443 651 3497 purpura
694 3437 749 3481 et
786 3425 1026 3479 diadema
1053 3424 1262 3478 dantur.
1307 3423 1393 3477 Sic
1430 3432 1485 3476 et
1515 3431 1566 3473 tu
1603 3433 1796 3487 corpus
1833 3418 1986 3486 longe

422 3520 607 3573 viliore
632 3517 787 3571 indue
813 3518 1007 3568 amictu
1039 3515 1135 3583 (lt),
1162 3515 1350 3566 anima:
1382 3527 1507 3564 vero
1530 3524 1761 3581 purpura
1788 3507 1984 3561 induta:

420 3624 668 3664 Coronam
701 3608 946 3675 impone,
991 3614 1045 3658 et
1085 3604 1135 3658 in
1181 3603 1387 3657 sublimi
1418 3603 1552 3655 solio
1576 3600 1860 3655 constitue.
1904 3598 1983 3653 Tu

425 3715 553 3754 vero
594 3698 915 3753 contrarium
948 3696 1106 3759 facis,
1134 3695 1259 3748 dum
1292 3694 1473 3747 urbem
1504 3692 1644 3745 varie
1675 3706 1862 3754 ornas,
1894 3704 1982 3743 re-

420 3807 537 3855 gem
566 3804 692 3843 vero
715 3829 731 3850 .
772 3790 883 3843 sive
913 3796 1144 3842 mentem
1168 3827 1182 3850 ,
1215 3786 1347 3839 sinis
1370 3785 1561 3839 victum
1590 3782 1726 3837 trahi
1750 3798 1778 3835 a
1811 3781 1984 3850 pravis

417 3883 711 3938 affectibus.
740 3881 852 3936 Non
881 3882 1102 3950 cogitas,
1149 3889 1201 3933 te
1237 3879 1301 3930 ad
1346 3877 1552 3945 nuptias
1577 3888 1630 3930 et
1657 3875 1745 3928 Dei
1773 3874 1984 3942 nuptias

422 3984 663 4027 vocatum
694 3973 849 4026 esse?
900 3988 1006 4024 nou
1033 3969 1234 4037 cogitas
1262 3984 1367 4036 quo
1398 3976 1547 4035 pacto
1588 3967 1639 4018 in
1672 3964 1768 4018 hos
1810 3964 1980 4017 thala-

420 4079 534 4117 tuos
559 4072 801 4117 vocatam
829 4062 1057 4114 animam
1086 4059 1282 4113 intrare
1310 4064 1572 4124 oporteat,
1602 4054 1792 4109 vestitu
1814 4054 1981 4109 deau-

423 4162 536 4207 rato
564 4150 964 4211 circumdatam,
992 4152 1242 4201 varietate
1263 4146 1535 4200 ornatam?

491 4242 545 4296 ‘5.
579 4240 670 4295 Vis
698 4236 973 4293 ostendam
1004 4237 1094 4293 tibi
1128 4236 1217 4305 qui
1245 4235 1352 4290 sint
1391 4250 1518 4288 vere
1553 4234 1623 4288 ita
1652 4232 1865 4288 amicti?
1892 4232 1978 4301 qui

418 4341 564 4385 veste
590 4328 811 4398 nuptiali
842 4327 1158 4382 induantur?
1196 4325 1497 4381 Recordare
1533 4335 1834 4380 sanctorum
1861 4325 1979 4378 illo-

418 4437 533 4473 rum
553 4458 570 4483 ,
599 4418 668 4473 de
691 4416 883 4487 quibus
913 4432 1077 4485 nuper
1103 4416 1208 4470 dixi
1234 4456 1249 4480 ,
1275 4416 1362 4485 qui
1389 4415 1563 4470 cilicio
1590 4414 1896 4477 induuntur,
1927 4423 1981 4468 et

415 4514 625 4567 deserta
668 4510 925 4566 incolunt.
972 4509 1033 4562 lli
1078 4508 1311 4562 maxime
1350 4517 1546 4561 vestem
1575 4504 1862 4574 nuptialem
1887 4503 1981 4557 ha-

415 4606 651 4659 bentzet
679 4601 804 4657 hinc
842 4600 1093 4670 liquidum
1140 4608 1241 4662 est,
1280 4597 1419 4667 quod
1463 4598 1507 4650 si
1550 4596 1653 4649 illis
1692 4609 1978 4665 purpuram

416 4693 608 4749 nlleras
629 4733 644 4757 ,
685 4692 924 4762 accipere
948 4691 1115 4745 nolint
1138 4708 1153 4744 :
1176 4688 1270 4744 sed
1299 4687 1744 4758 quemadmodum
1772 4703 1863 4742 rex
1892 4687 1977 4741 in-

415 4786 665 4838 dnmenta
695 4783 940 4855 pauperis
980 4782 1154 4835 oblata
1179 4820 1194 4844 ,
1239 4780 1317 4835 sic
1347 4780 1418 4834 illi
1449 4780 1646 4849 regiam
1692 4795 1975 4848 purpuram

415 4884 744 4946 respuerent.
775 4874 883 4929 Nec
913 4873 1011 4927 alia
1043 4872 1108 4926 de
1133 4887 1287 4925 causa
1318 4870 1407 4924 illo
1435 4882 1554 4923 sunt
1583 4869 1790 4931 affectu,
1818 4886 1974 4939 quam

412 4969 554 5037 quod
588 4965 1028 5036 pulchrittnlinettt
1058 4964 1217 5017 vestis
1246 4977 1355 5015 sum
1399 4962 1660 5015 noverint.
1697 4961 1818 5015 Ideo
1847 4977 1972 5030 pur-

414 5074 628 5127 puream
657 5057 796 5111 illam
824 5064 1024 5110 vestem
1055 5062 1109 5106 ut
1133 5066 1340 5106 aranea:
1366 5051 1520 5105 telam
1550 5061 1823 5119 reSpnunt.
1854 5050 1975 5103 llaec

410 5150 551 5202 enim
584 5149 700 5201 illos
728 5147 955 5201 cilicium
984 5144 1162 5197 docuit
1187 5160 1200 5197 :
1224 5157 1345 5194 nam
1372 5151 1495 5194 sunt
1521 5140 1634 5210 ipso
1661 5155 1783 5207 rege
1808 5140 1972 5193 subli-

410 5243 606 5295 miores
646 5251 701 5295 et
741 5236 1146 5308 Splendidiores.
1178 5235 1255 5289 Ac
1277 5234 1320 5286 si
1351 5248 1533 5303 posses
1552 5232 1744 5300 jauuas
1782 5232 1974 5284 mentis

408 5332 634 5385 corum'
665 5330 895 5399 aperire,
943 5327 1282 5395 ipsorumque
1318 5324 1545 5377 animam
1597 5321 1795 5383 videre,
1842 5322 1975 5374 inte-

409 5425 708 5491 rioremque
750 5430 992 5474 ornatum
1036 5434 1285 5483 omnem,
1332 5416 1383 5469 in
1437 5425 1626 5468 terram
1666 5413 1969 5474 derideres,

472 5583 487 5614 ⁸
515 5580 696 5638 Ματρί..
720 5577 883 5642 templi
902 5590 1085 5634 corruit,
1110 5574 1253 5621 male.

468 5663 540 5718 (ιι)
564 5663 662 5767 uiri,
686 5668 810 5711 Sicut
827 5663 871 5709 in
892 5658 1055 5709 multis
1078 5655 1183 5704 aliis
1205 5655 1345 5715 hujus
1366 5653 1575 5704 hom'tlia:
1598 5652 1732 5711 locis,
1756 5651 1882 5700 male
1899 5651 1969 5700 le-

468 5731 478 5767 t
502 5730 627 5767 “ore
653 5755 664 5767 .

408 5737 437 5782 ε
461 5731 478 5771 ι
502 5730 664 5770 διοτυι.

2087 440 2207 478 cum
2241 443 2343 479 non
2394 427 2560 482 ferres
2592 420 2746 483 tanta;
2786 431 3185 499 pulchritudinis
3213 437 3547 509 splendorem,
3569 455 3615 500 et

2089 523 2309 571 vestium
2329 520 2606 589 fulgorem.
2627 537 2830 602 necnon
2849 523 3022 593 fulgur
3034 529 3367 583 conscientiae
3384 532 3614 602 ipsorum.

2088 607 2370 662 Possemus
2395 598 2892 681 exenzpla‘proferre
2909 625 3144 669 veterum
3167 598 3462 686 magnortnn
3482 633 3620 692 atque

2088 698 2404 752 mirabiliutn
2432 700 2730 768 hominum;
2754 703 2846 756 sed
2866 704 2984 773 quia
3010 706 3247 760 rudiores
3266 710 3491 778 exempla
3517 728 3621 781 qua:

2086 788 2183 842 sub
2214 789 2398 844 oculos
2421 790 2613 844 cadunt
2634 792 2798 861 magis
2819 795 3105 859 concitant,
3129 796 3246 850 ideo
3267 813 3359 851 vos
3378 800 3439 853 ad
3464 802 3623 856 taber-

2089 880 2273 933 nacula
2317 891 2617 934 sanctorum
2664 882 2884 937 istorum
2927 886 3096 939 mitto.
3142 886 3278 941 Nihil
3320 890 3458 943 enim
3493 894 3624 947 triste

2089 973 2314 1038 habent;
2343 975 2436 1028 sed
2466 984 2643 1043 utpote
2673 977 2761 1044 qui
2791 979 2839 1030 in
2867 979 3013 1033 caelis
3040 982 3242 1050 tuguria
3268 996 3360 1036 Sua
3389 984 3621 1040 fundave-

2090 1067 2212 1129 rint,
2244 1066 2320 1120 sic
2345 1067 2523 1133 procul
2554 1084 2617 1121 ex
2650 1068 2804 1137 lmjus
2828 1070 2949 1123 vita:
2977 1072 3202 1126 miseriis
3231 1073 3479 1138 habitant,
3510 1080 3629 1129 mili-

2089 1168 2258 1209 tantes
2283 1168 2463 1212 contra
2492 1159 2779 1225 diabolum,
2807 1169 2861 1214 et
2889 1162 3036 1229 quasi
3063 1163 3283 1218 choreas
3311 1178 3537 1235 agentes,
3562 1170 3627 1221 sic

2088 1248 2279 1301 bellum
2308 1258 2498 1317 gerunt
2536 1250 2792 1305 adversus
2818 1266 2962 1306 eum.
2998 1252 3120 1308 Ideo
3147 1260 3465 1311 constructis
3497 1268 3628 1325 tugu-

2088 1341 2179 1393 riis
2203 1380 2217 1403 ,
2248 1341 2403 1395 urbes
2424 1383 2438 1404 ,
2473 1340 2644 1395 forum
2669 1384 2685 1408 ,
2711 1343 2899 1398 domos
2928 1344 3151 1413 fugiunt.
3179 1347 3308 1401 Nam
3339 1349 3424 1417 qui
3451 1350 3627 1402 bellum

2087 1431 2244 1497 gerit,
2291 1447 2394 1483 non
2421 1431 2578 1485 debet
2603 1432 2745 1486 domi
2776 1434 2993 1497 sedere;
3025 1436 3117 1489 sed
3144 1450 3383 1506 prompte
3412 1449 3628 1507 paratum

2086 1519 2408 1572 domicilium
2439 1521 2627 1574 habeat
2654 1531 2897 1590 oportet,
2927 1534 2983 1576 ut
3012 1525 3101 1593 qui
3131 1526 3236 1579 cito
3267 1528 3519 1595 proﬁcisci
3546 1530 3628 1581 de-

2090 1610 2227 1661 beat.
2258 1609 2415 1664 Tales
2444 1619 2567 1664 sunt
2592 1611 2666 1664 illi
2692 1627 2899 1677 omnes,
2931 1623 3114 1667 contra
3138 1631 3293 1684 quam
3324 1631 3420 1671 nos
3445 1632 3627 1671 sumus.

2086 1701 2191 1755 Nos
2219 1702 2412 1769 quippe
2454 1717 2556 1755 non
2597 1712 2654 1756 ut
2695 1704 2746 1757 in
2794 1705 3067 1769 exercitu,
3117 1706 3210 1759 sed
3250 1708 3401 1776 quasi
3443 1708 3491 1761 in
3521 1725 3631 1776 pace

2088 1792 2292 1845 fruente
2318 1792 2447 1846 urbe
2468 1793 2711 1846 vivimus.
2744 1794 2871 1859 Quis
2896 1795 3034 1849 enim
3062 1811 3313 1863 umquam
3341 1796 3391 1850 in
3418 1798 3630 1851 exercitu

2088 1880 2427 1936 fundamenta
2472 1881 2598 1951 jacit
2621 1923 2636 1949 ,
2671 1893 2723 1937 et
2749 1883 2962 1937 domum
2992 1886 3281 1951 construit,
3314 1901 3469 1955 quam
3495 1889 3634 1954 paulo

2088 1982 2205 2041 post
2247 1973 2528 2028 relicturus
2574 1976 2692 2029 est?
2735 1974 2902 2029 Nemo
2946 1978 3225 2030 sane:scd
3269 1987 3324 2030 et
3369 1979 3411 2031 si
3454 1979 3631 2047 quisid

2089 2065 2405 2127 tentaverit,
2452 2077 2509 2119 ut
2556 2066 2791 2134 proditor
2829 2066 3103 2121 occiditur.
3146 2066 3273 2134 Quis
3317 2069 3370 2121 itt
3419 2071 3633 2123 exercitu

2089 2164 2246 2210 terra:
2274 2157 2453 2225 jugera
2485 2156 2648 2222 emit,
2697 2167 2746 2211 et
2799 2158 3179 2227 negotiationes
3205 2160 3461 2226 apparat?
3484 2159 3634 2212 Nemo

2086 2257 2231 2300 certe
2251 2288 2266 2311 ,
2311 2259 2364 2301 et
2395 2248 2515 2314 jure
2555 2247 2789 2317 quidem.
2837 2247 2965 2300 Nam
2992 2246 3060 2301 ad
3087 2247 3390 2303 bellandum
3421 2249 3631 2313 venisti,

2089 2352 2191 2389 non
2222 2337 2286 2391 ad
2314 2338 2707 2407 negotiandum.
2730 2337 2864 2405 Quid
2891 2339 3050 2408 igitur
3070 2337 3276 2392 laboras
3297 2340 3435 2394 circa
3457 2340 3632 2404 locum,

2088 2442 2242 2496 quem
2273 2428 2430 2497 paulo
2461 2436 2578 2496 post
2621 2428 2898 2482 relicturus
2939 2428 3036 2482 es?
3073 2427 3201 2481 Cum
3234 2431 3285 2481 in
3318 2430 3531 2498 patriam
3558 2445 3633 2484 ve-

2089 2518 2323 2571 nerimus
2353 2518 2401 2571 id
2428 2518 2617 2582 facito;
2647 2534 2765 2574 cum
2808 2520 2857 2572 in
2886 2508 3165 2588 supernam
3196 2521 3465 2575 civitatem
3491 2521 3635 2576 adve-

2090 2608 2343 2673 nerimus,
2373 2608 2454 2661 his
2481 2608 2673 2663 fruere.
2703 2610 2827 2664 Haec
2858 2610 2949 2663 tibi
2977 2625 3115 2664 nunc
3138 2610 3292 2670 dico;
3325 2627 3444 2665 cum
3470 2628 3635 2681 super-

2090 2712 2209 2750 nam
2252 2698 2638 2765 possessionem
2686 2699 2823 2753 nacti
2870 2698 3155 2763 fuerimus,
3200 2712 3330 2755 tunc
3371 2701 3421 2755 id
3463 2700 3632 2761 facito;

2091 2788 2196 2840 imo
2223 2787 2348 2841 nihil
2379 2789 2468 2841 tibi
2500 2790 2605 2842 illic
2633 2790 2809 2844 labore
2838 2805 2970 2859 opus
2994 2792 3133 2845 erit:
3165 2793 3273 2846 llex
3310 2794 3449 2847 enim
3478 2795 3635 2847 omnia

2090 2880 2194 2932 illic
2235 2888 2505 2947 operatur.
2563 2879 2656 2933 llic
2705 2881 2857 2934 nobis
2900 2881 3026 2934 satis
3077 2892 3154 2934 est
3206 2882 3403 2936 fossam
3447 2899 3635 2952 parare,

2089 2969 2282 3021 vallum
2310 2970 2499 3035 figere:
2524 2969 2725 3023 aediﬁcii
2760 2969 2897 3023 nulla
2928 2971 3213 3025 necessitas
3242 2984 3349 3027 est.

2165 3059 2593 3113 llanma'obiornm
2612 3070 2659 3114 et
2683 3058 2972 3114 Nomadum
2998 3061 3115 3113 vita.
3154 3061 3268 3115 Vita
3298 3065 3639 3118 monachorum

2087 3168 2237 3220 quam
2263 3161 2455 3205 sancta.
2483 3181 2552 3191 —-
2578 3150 2712 3204 Audi
2741 3166 2981 3218 quamam
3009 3152 3078 3205 sit
3108 3152 3548 3207 llamaxobiornm
3574 3156 3639 3224 (rt)

2086 3239 2401 3310 Scytharum
2440 3240 2565 3303 vita,
2591 3240 2728 3307 quod
2756 3239 3045 3294 Nomadum
3077 3241 3375 3295 institutum
3400 3243 3536 3296 vitae.
3563 3245 3640 3296 Sic

2087 3341 2355 3400 Oportet-et
2384 3331 2710 3384 Christianos
2735 3331 2910 3385 vivere
2933 3372 2947 3396 ,
2978 3346 3072 3400 per
3107 3331 3293 3385 orbem
3337 3334 3605 3388 circumire
3624 3376 3637 3395 .

2088 3431 2270 3475 contra
2295 3420 2565 3474 diabolum
2600 3430 2910 3490 pugnantes,
2944 3421 3177 3489 captivos
3204 3422 3271 3476 ab
3299 3423 3392 3476 illo
3415 3424 3640 3478 detentos

2088 3516 2393 3574 liberantes,
2439 3513 2633 3566 relictis
2672 3513 2915 3567 omnibus
2959 3513 3299 3568 saecularibus
3343 3514 3517 3569 rebus.
3550 3517 3641 3568 Cur

2086 3608 2300 3661 domum
2329 3620 2552 3674 apparas
2574 3646 2590 3670 ,
2630 3621 2663 3657 o
2690 3606 2889 3658 homo?
2913 3621 2978 3659 an
3005 3615 3061 3659 ut
3091 3605 3317 3673 teipsum
3349 3608 3514 3675 magis
3537 3608 3647 3659 vim

2085 3700 2228 3752 cias‘!
2254 3698 2361 3751 Cur
2386 3698 2690 3749 thesaurum
2722 3696 2924 3751 del’odis
2947 3739 2963 3761 ,
3007 3707 3062 3750 et
3089 3697 3363 3751 inimicum
3396 3711 3569 3753 contra
3596 3709 3640 3751 te

2086 3788 2311 3842 incitas?
2336 3803 2430 3841 cur
2456 3802 2584 3840 muri
2607 3801 2634 3840 s
2663 3786 2892 3839 :edilicas
2915 3827 2928 3847 ,
2957 3796 3011 3840 et
3037 3787 3126 3840 tibi
3158 3802 3430 3843 carcerem
3461 3788 3640 3856 paras?

2084 3879 2234 3944 Quod
2263 3879 2307 3932 si
2336 3877 2448 3931 bare
2479 3877 2568 3930 tibi
2595 3876 2831 3930 difficilia
2860 3892 2979 3931 esse
3006 3877 3299 3943 videantur,
3348 3879 3413 3933 ad
3445 3880 3637 3933 illorum

2088 3970 2427 4025 tabernacula
2458 3984 2737 4038 pergamus
2760 4010 2775 4034 ,
2820 3978 2875 4022 ut
2916 3985 2981 4023 ex
3011 3985 3171 4038 opere
3193 4012 3207 4031 ,
3241 3972 3318 4023 rei
3350 3972 3637 4025 facilitatem

2083 4061 2399 4115 ediscamus.
2423 4059 2553 4112 Nam
2581 4074 2700 4111 eum
2730 4058 2932 4127 tuguria
2962 4059 3032 4112 illi
3055 4061 3422 4125 excitaverint,
3449 4062 3494 4116 si
3517 4075 3639 4130 Opus

2082 4149 2150 4203 sit
2167 4148 2308 4202 illinc
2324 4147 2615 4209 discedere,
2630 4148 2706 4203 sic
2720 4148 3005 4203 abscedunt
3024 4159 3075 4202 ut
3094 4150 3287 4204 milites
3301 4151 3392 4220 qui
3413 4159 3639 4219 tempore

2085 4239 2227 4307 pacis
2251 4238 2545 4292 exercitum
2572 4238 2890 4307 relinquunt.
2922 4238 3051 4292 Nam
3080 4240 3131 4292 hi
3155 4240 3401 4294 similiter
3427 4240 3635 4295 tentoria

2084 4328 2280 4397 ligant,
2308 4326 2400 4382 sed
2429 4327 2583 4397 longe
2610 4329 2843 4381 suavius.
2873 4328 3004 4383 Nam
3037 4329 3188 4398 longe
3211 4331 3428 4385 suavius
3453 4342 3531 4385 est
3554 4346 3635 4384 su-

2082 4418 2359 4473 litudinem
2404 4418 2585 4473 videre
2632 4418 2930 4487 frequentes
2975 4420 3269 4474 monachos
3319 4419 3634 4484 habentem,

2081 4524 2237 4577 quam
2277 4509 2473 4561 milites
2518 4507 2570 4561 in
2613 4507 2847 4561 exercitu
2892 4507 3003 4561 vela
3046 4509 3346 4573 tendentes,
3385 4519 3439 4562 et
3470 4509 3635 4560 hastas

2083 4596 2336 4668 ﬁgentes,
2363 4607 2418 4651 et
2440 4612 2470 4650 a
2499 4596 2718 4665 cuspide
2763 4596 3024 4651 hastarum
3053 4612 3237 4651 crocea
3266 4599 3419 4666 [allia
3445 4599 3633 4666 depen-

2080 4686 2309 4753 dentes;
2367 4688 2640 4741 hominum
2695 4686 3085 4742 multitudinem
3136 4689 3297 4742 mneis
3342 4687 3634 4755 capitibus,

2081 4778 2340 4833 umboncs
2380 4778 2687 4848 clypeorum
2734 4778 2990 4848 fulgorem
3037 4777 3258 4831 multum
3306 4778 3632 4841 emittente-tt,

2081 4870 2257 4924 loricis
2288 4868 2498 4922 indutos
2527 4868 2719 4923 ferreis
2739 4910 2754 4932 ,
2787 4869 2983 4937 regiam
3029 4878 3269 4937 prompte
3297 4880 3551 4937 paratam,
3579 4868 3629 4919 il-

2082 4962 2267 5029 losqne
2292 4974 2478 5013 omnes
2506 4959 2822 5028 prandentes
2866 4968 2919 5012 et
2960 4959 3081 5011 tibia
3124 4959 3382 5012 ludentes.
3416 4958 3528 5011 Non
3570 4960 3631 5008 ita

2075 5054 2364 5123 jucundum
2394 5052 2493 5106 hoc
2523 5051 2784 5105 theatrum
2830 5060 2946 5114 est,
2975 5066 3128 5118 quam
3162 5050 3260 5104 hoc
3282 5050 3347 5104 de
3374 5065 3481 5118 quo
3505 5060 3632 5101 nunc

2081 5145 2285 5214 loquor.
2315 5144 2444 5197 Nam
2470 5143 2511 5196 si
2536 5143 2586 5196 iu
2612 5142 2947 5196 solitudinem
2971 5142 3240 5205 abeamus,
3267 5140 3632 5208 videamusque

2081 5236 2306 5288 militum
2332 5232 2528 5288 Christi
2557 5232 2889 5287 tabernacula
2915 5272 2931 5296 ,
2973 5246 3077 5284 non
3105 5232 3217 5284 vela
3250 5239 3468 5285 extensa
3498 5230 3629 5282 vidc-

2081 5326 2271 5390 bimus,
2318 5340 2421 5378 non
2468 5324 2735 5377 hastarum
2778 5321 3041 5390 cuspides,
3088 5336 3190 5374 non
3236 5321 3414 5388 pcplos
3453 5332 3631 5373 aureos

2080 5415 2277 5469 tholum
2326 5414 2522 5481 regium
2567 5412 2889 5476 efﬁcientes,
2937 5411 3029 5463 sed
3073 5427 3134 5464 ac
3176 5410 3221 5464 si
3261 5409 3378 5478 quis
3418 5411 3466 5461 in
3501 5418 3627 5460 terra

2141 5528 2211 5587 (τι)
2238 5527 2311 5575 De.
2335 5525 2637 5574 ttamaxohiis
2658 5525 2838 5587 Scythis
2852 5562 2865 5577 .
2889 5524 2972 5584 qui
3005 5524 3055 5572 in
3075 5522 3300 5585 plaustris
3318 5521 3465 5569 vitam
3486 5518 3627 5582 dege-

2077 5586 2207 5645 bant,
2234 5587 2370 5635 tnulti
2395 5588 2661 5648 scripsere.
2687 5586 2909 5633 lloratius
2933 5598 2944 5631 :

2291 5643 2730 5707 (morum'plaustm
2753 5659 2895 5703 mqtts
2918 5644 3007 5693 rite
3030 5643 3219 5707 tre/imit
3242 5645 3413 5691 domm

2084 5710 2157 5759 De
2181 5709 2463 5758 Nomadibus
2485 5705 2590 5758 sive
2612 5707 2852 5771 pecuariis
2874 5706 3049 5768 passim
3069 5705 3348 5753 Herodotus.
