4000 6206
319 293 423 346 (ιῖὶὸ

319 414 488 464 multo
509 409 606 460 hac
629 406 820 460 latiore
839 415 890 458 et
909 404 1164 458 immensa
1188 402 1380 456 multos
1397 401 1703 454 extenderet
1719 400 1896 460 czrlos,

320 514 515 551 novum
544 507 704 565 atque
730 494 971 548 mirabile
998 493 1264 547 theatrum
1293 491 1617 552 ostenderet,
1649 489 1715 543 ita
1744 498 1798 543 et
1827 490 1894 541 ibi

321 590 505 642 videre
550 596 630 640 est
655 603 667 638 :
696 585 992 639 habitacula
1036 583 1231 652 quippe
1271 582 1480 634 illorum
1525 572 1656 634 caelo
1687 596 1790 633 non
1821 579 1900 631 in-

317 680 511 733 feriora
545 675 851 730 :estimanda
884 682 1010 728 sunt
1033 693 1046 728 :
1071 689 1189 726 nam
1215 672 1387 741 angeli
1409 671 1472 725 ad
1495 687 1588 725 eos
1607 671 1895 733 divertnnt,

319 771 425 822 imo
453 770 566 836 ipse
591 766 898 835 angelorum
929 765 1201 817 Dominus.
1227 763 1360 817 Nam
1385 763 1427 814 si
1450 763 1514 814 ad
1542 762 1896 816 Abrahannnn

319 868 616 920 Venerunt,
663 857 752 924 qui
797 869 1013 908 uxorem
1065 853 1292 906 habebat
1333 863 1385 906 et
1429 853 1564 906 filios
1591 851 1894 914 nutriebat,

316 952 437 1018 quia
481 947 797 1016 hospitalem
842 946 986 999 illum
1017 944 1264 998 viderunt
1287 961 1300 998 :
1323 958 1442 997 cum
1470 942 1718 994 virtutem
1744 941 1898 1007 longe

319 1044 574 1110 majonem
622 1039 931 1100 inveniunt,
976 1046 1029 1089 et
1074 1035 1339 1089 hominem
1387 1049 1417 1087 a
1460 1048 1682 1100 corpore
1709 1033 1899 1086 libera-

317 1142 427 1186 tum
454 1174 468 1188 .
502 1141 662 1198 atque
692 1131 741 1182 in
773 1143 932 1182 eat-ne
959 1143 1170 1180 carnem
1201 1125 1605 1194 despicientem,
1635 1123 1802 1176 multo
1831 1124 1892 1173 li-

320 1223 536 1276 hentius
566 1221 633 1273 ibi
664 1229 966 1282 versantur,
991 1227 1044 1271 et
1065 1218 1314 1270 choream
1339 1225 1499 1284 agunt
1526 1215 1650 1282 ipsis
1672 1229 1894 1268 consen-

319 1325 548 1366 laneam.
578 1312 754 1364 Mensa
785 1311 978 1376 quippe
1005 1309 1141 1376 ame
1172 1309 1288 1362 illos
1315 1308 1457 1360 omni
1488 1309 1611 1360 luxu
1641 1306 1894 1360 immunis

315 1415 431 1468 est,
477 1403 669 1458 munda
701 1412 754 1456 et
795 1403 1124 1471 philosophia
1157 1401 1330 1468 plena.
1360 1399 1472 1452 Non
1502 1399 1769 1466 sanguinis
1796 1398 1891 1453 rivi

314 1495 454 1560 apud
488 1495 627 1557 illos,
661 1510 830 1560 neque
859 1493 1102 1547 disseclte
1130 1505 1338 1551 carnes,
1369 1507 1470 1542 non
1496 1490 1681 1556 capitis
1705 1504 1890 1554 grave-

323 1585 490 1647 iines,
513 1599 620 1638 non
641 1581 999 1640 cei-dimenta.
1024 1596 1129 1634 non
1149 1579 1304 1634 nidor
1320 1581 1571 1642 insuavis,
1592 1596 1693 1632 non
1718 1581 1893 1634 fumus

314 1677 583 1743 ingratus,
630 1689 734 1728 non
780 1688 1004 1736 cursus,
1054 1671 1340 1734 tmnnltus,
1388 1671 1576 1734 turbm,
1631 1671 1889 1722 clamores

313 1767 562 1826 «merosi;
610 1765 702 1819 sed
745 1764 894 1832 panis
919 1775 972 1817 et
999 1777 1166 1831 aqua;
1199 1763 1311 1814 ha-c
1348 1776 1412 1815 ex
1455 1762 1599 1830 puris
1627 1759 1887 1822 fontibus,

315 1858 402 1911 ille
445 1873 509 1910 ex
551 1855 710 1922 justis
759 1854 1045 1911 laboribus.
1096 1852 1244 1916 Quod
1295 1853 1339 1906 si
1391 1852 1582 1904 lautius
1625 1850 1890 1904 voluerint

314 1948 555 2016 epulari,
599 1947 772 2000 baccar.
819 1945 1074 2000 lautitiam
1119 1943 1336 2010 implent
1369 1960 1381 1994 :
1410 1950 1464 1996 et
1504 1941 1671 2009 major
1698 1939 1780 1993 hic
1809 1949 1890 1994 est

313 2039 576 2107 voluptas,
601 2053 758 2107 quam
788 2037 839 2089 in
868 2037 1028 2107 regiis
1055 2033 1272 2088 mensis.
1302 2033 1486 2086 Nullus
1516 2032 1599 2085 hic
1623 2033 1779 2084 tintor
1799 2041 1889 2090 aut

313 2140 516 2184 tremor
545 2147 558 2181 :
590 2145 693 2182 non
741 2128 1078 2196 magistratus
1107 2139 1350 2187 accusat,
1383 2139 1484 2175 non
1519 2139 1652 2177 uxor
1679 2123 1886 2189 irritat,

311 2238 415 2274 non
449 2220 588 2276 titius
617 2220 668 2272 in
698 2234 978 2274 maerorem
1005 2219 1236 2285 conjicit.
1269 2233 1372 2269 non
1403 2217 1542 2270 ι’ἱςιιε
1575 2217 1768 2268 nimius
1797 2231 1885 2269 rc-

309 2311 463 2366 solvit
487 2352 502 2374 ,
533 2325 636 2364 non
669 2310 998 2363 adulatorum
1050 2323 1301 2361 numerus
1331 2306 1512 2370 inllat;
1546 2306 1637 2359 sed
1665 2307 1884 2375 angelo-

313 2418 427 2455 rum
472 2411 558 2454 est
601 2416 816 2460 mensa,
865 2401 1009 2454 onmi
1041 2398 1202 2452 simili
1235 2398 1459 2453 tumultu
1493 2413 1676 2452 vacua.
1707 2397 1885 2452 Strato

313 2494 454 2546 item)
479 2492 544 2546 ad
566 2491 979 2546 recunibendum
997 2498 1234 2548 utuntur.
1257 2489 1392 2551 quod
1413 2501 1463 2542 et
1481 2489 1718 2543 Christus
1740 2488 1882 2554 fecit,

310 2599 431 2637 cura
478 2582 756 2638 prandium
802 2581 853 2634 iu
894 2580 1110 2634 deserto
1153 2579 1314 2633 dedit.
1365 2579 1507 2632 Multi
1548 2595 1673 2632 vero
1716 2593 1885 2646 neque

309 2688 410 2726 sun
437 2683 577 2728 tecto
606 2672 654 2724 id
688 2672 918 2734 faciunt,
946 2671 1037 2724 sed
1066 2686 1160 2739 pro
1191 2680 1331 2732 tecto
1355 2671 1542 2726 ca-ium
1574 2670 1766 2724 habent
1786 2709 1804 2734 ,
1831 2681 1882 2724 et

311 2766 488 2819 iuuant
518 2779 615 2834 pro
658 2764 887 2826 lucerna:
926 2763 1147 2824 lumine,
1190 2779 1307 2832 qua:
1337 2779 1432 2814 nec
1459 2762 1579 2818 oleo
1607 2771 1745 2832 eget,
1785 2775 1884 2815 nec

310 2857 551 2908 ministro
587 2875 596 2905 :
632 2855 738 2910 illis
781 2864 931 2908 certe
973 2853 1102 2906 solis
1149 2844 1422 2922 condigne
1457 2854 1575 2906 luna
1622 2853 1884 2908 ministrat

310 2947 500 3004 lucent.

376 3038 430 3092 Α.
472 3037 618 3091 lianc
659 3038 830 3106 angeli
861 3053 1096 3094 mensam
1137 3053 1201 3092 ex
1231 3037 1362 3090 cmlo
1403 3046 1706 3104 spectantes
1739 3052 1871 3107 gau-

308 3130 430 3182 dent
458 3140 505 3183 et
539 3130 798 3184 la-tautur.
828 3128 956 3181 Nam
990 3128 1032 3182 si
1063 3129 1129 3183 de
1159 3143 1264 3182 ttno
1306 3138 1581 3199 peccatore
1625 3130 1884 3194 po-nitcn-

309 3219 433 3271 tiam
466 3230 656 3288 agente
682 3219 912 3288 gaudent
939 3217 1089 3284 (an.
1134 3218 1217 3271 l5.
1240 3219 1327 3286 7),
1360 3217 1427 3271 de
1459 3219 1707 3284 totjustis
1739 3217 1883 3284 ipsos

303 3311 640 3364 imitantibus
660 3309 782 3378 quid
815 3325 918 3362 non
952 3309 1180 3363 facient?
1209 3307 1323 3360 Non
1354 3317 1436 3361 est
1463 3307 1530 3359 ibi
1557 3307 1804 3362 dominus
1830 3315 1882 3359 et

300 3418 492 3459 Set-vus
522 3419 536 3456 :
567 3416 751 3454 omnes
776 3401 943 3459 servi,
975 3415 1162 3451 omnes
1196 3399 1364 3452 liberi.
1411 3398 1519 3452 Nec
1557 3408 1710 3468 putes
1754 3400 1881 3452 nmio

298 3509 420 3561 gnta
452 3507 573 3546 esse
597 3491 645 3546 id
683 3491 822 3560 quod
841 3491 1034 3544 dicitur
1068 3508 1083 3544 :
1116 3507 1237 3542 nam
1273 3494 1409 3542 servi
1437 3498 1618 3541 mutuo
1647 3494 1880 3544 alteral-

301 3585 506 3646 terius,
547 3593 596 3637 et
651 3582 847 3638 domini
891 3590 1076 3636 mutuo
1117 3591 1261 3634 sunt.
1310 3583 1604 3650 Appetente
1661 3596 1877 3652 vespera

302 3689 461 3726 nemo
487 3681 708 3728 tumstus
734 3681 851 3725 est:
884 3671 1024 3742 quod
1053 3672 1203 3723 multi
1252 3669 1523 3722 hominum
1572 3671 1840 3739 patiuntur
1860 3710 1874 3731 ,

299 3769 428 3821 dum
461 3765 771 3819 diurnorum
801 3765 1058 3816 malorum
1101 3761 1484 3816 Sollicitudines
1515 3761 1883 3814 auimorcvol-

302 3866 454 3910 runt.
481 3857 605 3909 Post
623 3871 828 3908 cumam
855 3869 958 3907 non
991 3863 1115 3906 sunt
1146 3853 1284 3906 fures
1311 3852 1560 3918 timendi,
1591 3868 1691 3905 non
1736 3851 1882 3905 clau-

299 3948 475 4004 tlenda
490 3949 669 4016 janm,
690 3964 792 4000 non
815 3947 1161 4018 imponendos
1183 3947 1345 3999 vectis
1363 3987 1376 4010 ,
1403 3961 1572 4013 neque.
1602 3931 1688 3998 alii
1711 3954 1880 3999 metus

299 4041 516 4095 adsunt.
545 4038 632 4107 qui
662 4039 914 4105 plurimos
940 4040 1227 4103 ex:igilatt',
1253 4038 1338 4106 qui
1368 4045 1612 4088 accurate
1641 4038 1881 4088 lucernas

299 4129 722 4198 ustingnnnt‘,
762 4145 827 4180 ne
878 4128 1102 4181 scintilla
1154 4128 1295 4180 :edes
1349 4126 1613 4179 incendat.
1670 4126 1877 4180 Illorum

299 4221 566 4289 colloquia
593 4219 776 4273 eadem
805 4230 925 4273 sunt
953 4219 1328 4288 tranquillitate
1358 4219 1506 4286 plena
1536 4237 1546 4270 :
1580 4233 1750 4285 neque
1787 4232 1877 4271 ea~

301 4315 450 4374 dem,
475 4326 598 4380 qua:
647 4325 764 4372 nos,
803 4309 1109 4379 loquuntur,
1150 4326 1270 4379 qua:
1313 4311 1439 4363 nihil
1475 4311 1539 4363 ad
1579 4325 1675 4362 nos
1719 4310 1880 4378 perti-

301 4411 462 4454 neant
483 4418 496 4452 :
521 4401 610 4454 Ille
631 4400 908 4469 praefectus
927 4400 1092 4452 factus
1109 4413 1208 4466 est,
1233 4400 1318 4454 ille
1341 4400 1648 4468 praefectura
1665 4399 1878 4465 excidit;

303 4495 394 4546 ille
441 4502 681 4547 mortuus
714 4499 816 4553 est,
849 4501 897 4544 et
921 4492 1054 4543 alius
1077 4492 1422 4545 hereditatem
1460 4493 1688 4560 excepit,
1725 4505 1882 4563 atque

302 4583 606 4654 hujusmodi
634 4583 766 4646 alia;
798 4583 889 4637 sed
923 4583 996 4636 illi
1039 4599 1250 4654 semper
1273 4583 1338 4635 de
1357 4582 1556 4640 futuris
1598 4584 1883 4658 loquuntur

304 4688 354 4728 et
409 4675 889 4744 philosophantur;
917 4690 979 4725 ac
1005 4675 1046 4725 si
1081 4674 1131 4725 in
1171 4675 1275 4726 alio
1308 4675 1604 4732 habitarent
1628 4676 1788 4739 orbe,
1820 4690 1882 4728 ac

301 4768 344 4819 si
381 4767 435 4822 in
463 4765 656 4818 caelum
685 4765 926 4818 translati
950 4773 1150 4827 essent,
1179 4781 1241 4819 ac
1266 4766 1309 4818 si
1340 4766 1406 4818 ibi
1437 4767 1596 4819 vitam
1640 4777 1878 4837 agerent,

299 4857 380 4911 sic
405 4855 473 4909 de
495 4855 796 4909 etelestibus
821 4870 1032 4924 semper
1059 4855 1364 4923 loquuntur.
1392 4856 1459 4912 de
1489 4857 1607 4910 sinu
1631 4858 1878 4919 Abrahae.

303 4947 372 4999 de
398 4946 614 4999 coroois
657 4955 983 5008 sanctorum,
1029 4946 1095 4999 de
1119 4944 1314 5000 Christi
1358 4947 1586 5010 chorea;
1632 4948 1700 5001 de
1744 4965 1881 5017 pra:-

303 5038 548 5091 senlibus
569 5038 708 5094 nulla
733 5039 960 5098 mentio;
995 5037 1090 5092 scd
1113 5039 1246 5094 sicut
1271 5040 1336 5092 de
1373 5041 1432 5092 iis
1458 5081 1471 5102 ,
1505 5057 1621 5110 qua:
1651 5041 1881 5094 formica!

306 5130 357 5180 in
404 5128 751 5181 foraminibus
779 5129 888 5181 suis
915 5138 1099 5198 agunt,
1145 5129 1284 5198 loqui
1314 5145 1415 5183 non
1456 5130 1734 5200 dignamur
1768 5150 1778 5182 :
1807 5133 1882 5184 sie

305 5237 480 5290 neque
509 5221 584 5274 illi
608 5220 676 5275 de
702 5221 859 5275 rebus
877 5223 1392 5290 nostrisloquuntur,
1422 5224 1511 5276 sed
1535 5223 1599 5277 de
1627 5224 1766 5293 Rege
1796 5241 1884 5278 sn-

305 5326 500 5380 perno,
530 5310 595 5364 de
623 5310 763 5364 bello
790 5312 1060 5379 pnesenli,
1099 5311 1167 5366 de
1193 5312 1389 5365 diaboli
1415 5314 1882 5377 machinamentis.

302 5404 372 5457 de
405 5411 709 5457 sanctorum
743 5403 925 5472 gestis.
956 5403 1012 5456 Si
1039 5418 1159 5456 cum
1205 5403 1310 5456 illis
1335 5419 1725 5472 comparemur,
1758 5406 1882 5474 quid

304 5511 333 5549 a
365 5494 602 5549 formicis
641 5493 969 5549 differimus?
1009 5493 1148 5547 Nihil
1190 5503 1354 5550 certe.
1390 5493 1522 5549 Nam
1562 5502 1618 5549 ut
1653 5495 1885 5550 formica:

375 5716 390 5744 ι
417 5714 531 5773 Alit,
556 5711 798 5772 quirem:
820 5711 1041 5764 fraternas
1061 5719 1266 5774 pcrtmu.

1274 286 1338 342 ΙΝ
1378 284 1780 340 ΜΑΤΤΙΙΕυΜ
1822 283 2046 340 ιιοδιιι.
2090 285 2276 343 LXIX.
2316 291 2387 344 ai.
2429 287 2596 345 LXX.

3487 298 3591 356 653

2007 406 2298 472 corporalia
2329 419 2535 474 curant,
2567 411 2634 464 ita
2661 421 2713 464 et
2739 427 2865 474 nos;
2897 399 3055 483 atque
3082 414 3164 468 illa
3192 416 3363 471 solum
3386 418 3589 472 utinam

2005 510 2345 564 ctu-aremus;
2389 510 2443 552 at
2471 511 2616 556 certe
2642 519 2779 557 nunc
2807 503 2973 558 multo
3005 506 3204 574 pejora.
3237 508 3418 578 Neque
3441 517 3584 565 enim

2005 589 2072 641 de
2104 593 2421 644 necessariis
2451 593 2618 647 Solum
2647 609 2770 647 cura
2815 606 2895 648 est
2935 597 3086 650 nobis
3106 638 3118 658 .
3145 599 3280 653 sicut
3319 600 3584 667 formicis,

2006 679 2097 729 sed
2125 681 2282 732 etiam
2311 682 2376 734 de
2403 682 2707 748 superlluis.
2740 686 2850 738 illa-
2897 703 3125 756 namque
3157 704 3374 746 cursum
3403 703 3588 750 tenent

2005 773 2146 824 omni
2192 773 2413 828 crimine
2460 774 2726 830 liberum:
2773 795 2869 830 nos
2921 791 3096 834 autem
3137 797 3347 836 omnem
3388 784 3586 854 rapina:

2005 863 2240 916 modum.
2282 863 2463 934 Neque
2492 866 2739 920 formicas
2773 869 3060 936 imitamur,
3097 876 3189 924 sed
3221 874 3373 942 lupos
3397 885 3449 929 et
3476 877 3580 930 leo.

2006 954 2198 1022 pardus
2237 973 2247 1003 :
2280 956 2386 1007 imo
2429 965 2482 1010 et
2538 958 2639 1011 illis
2689 958 2896 1027 pejores
2943 977 3146 1014 sumus.
3208 963 3313 1016 Illis
3357 980 3586 1035 namque

2004 1061 2123 1097 eum
2174 1045 2420 1099 ve:cendi
2450 1046 2664 1101 modum
2713 1058 2894 1102 natura
2937 1052 3114 1104 tribuit
3149 1071 3161 1105 :
3197 1068 3294 1108 nos
3323 1069 3452 1109 vero
3492 1073 3582 1110 ra-

2003 1137 2144 1189 tione.
2170 1146 2224 1191 et
2247 1139 2497 1206 :equitate
2521 1140 2729 1192 ornavit
2759 1141 2892 1193 Deus
2925 1143 2977 1204 ¹;
3009 1153 3056 1196 at
3091 1159 3187 1196 nos
3217 1144 3342 1199 feris
3376 1148 3583 1202 ratione

2001 1228 2263 1281 ticslilttlis
2283 1229 2576 1283 deteriores
2603 1232 2870 1284 evasinms
2897 1234 3000 1286 :illi
3032 1250 3157 1288 vero
3183 1238 3382 1306 angelis
3402 1254 3579 1309 mqua-

2002 1319 2095 1380 les,
2120 1321 2255 1373 sicut
2279 1323 2536 1391 peregrini
2559 1331 2613 1376 et
2638 1323 2856 1376 adventu
2875 1323 2959 1378 hic
2981 1336 3098 1377 sunt
3121 1342 3134 1384 :
3159 1328 3208 1378 in
3230 1329 3580 1400 omnibusque

1999 1421 2122 1463 sunt
2143 1412 2296 1464 nobis
2322 1412 2630 1478 dissimiles,
2649 1415 2700 1468 in
2727 1415 2981 1481 vestibus,
3003 1417 3143 1482 cibo,
3165 1419 3341 1481 domo,
3362 1421 3576 1487 calceis,

1997 1515 2263 1553 sermone.
2297 1501 2352 1554 Si
2388 1503 2506 1570 quis
2542 1513 2594 1556 et
2641 1503 2758 1556 illos
2794 1513 2847 1557 et
2887 1520 2982 1558 nos
3026 1506 3302 1575 loquentes
3349 1511 3574 1575 audiret,

1999 1601 2121 1645 tunc
2158 1591 2312 1659 plane
2341 1603 2522 1646 nosset
2551 1593 2821 1661 quomodo
2861 1595 2932 1648 illi
2979 1597 3220 1651 ca'lestes
3259 1599 3436 1662 cives,
3482 1617 3579 1656 nos

1997 1700 2062 1738 ne
2095 1694 2233 1737 terra
2261 1685 2474 1753 quidem
2520 1685 2664 1752 digiti
2695 1687 2884 1739 simus.
2931 1686 3057 1742 Ideo
3106 1705 3226 1743 cum
3254 1690 3372 1760 quis
3406 1693 3579 1760 digni-

1999 1787 2104 1831 tate
2132 1778 2353 1845 insignis
2381 1779 2501 1831 illos
2529 1779 2659 1842 adit,
2705 1788 2830 1833 tunc
2851 1781 3078 1834 maxime
3100 1781 3264 1835 fastus
3295 1786 3469 1836 omnis
3491 1786 3579 1839 de-

1990 1869 2188 1936 jieitnr.
2214 1869 2343 1924 Nam
2373 1871 2600 1940 agricola
2634 1872 2749 1935 ille,
2783 1872 3115 1926 smeularinm
3144 1875 3378 1927 omnium
3408 1876 3574 1944 impe-

1995 1962 2144 2023 ritns,
2178 1977 2341 2030 prepe
2370 1962 2558 2016 ducem
2586 1963 2653 2015 de
2673 1963 2925 2032 dignitate
2951 1977 3042 2016 sua
3074 1963 3236 2017 altum
3273 1965 3566 2033 sapientem

1993 2056 2142 2106 sedet
2169 2070 2332 2122 super
2353 2064 2575 2108 stratum
2596 2055 2744 2120 fami,
2769 2070 2888 2108 cum
2917 2055 3131 2108 sordido
3153 2056 3428 2123 pulvinari.
3456 2057 3569 2111 Non

1995 2145 2134 2196 enim
2166 2145 2353 2197 adsunt
2389 2146 2455 2198 ibi
2498 2146 2585 2214 qni
2623 2147 2795 2214 ipsum
2822 2147 3079 2200 extollant
3117 2156 3168 2200 et
3214 2147 3431 2211 inﬂent;
3477 2147 3571 2203 sed

1993 2233 2218 2302 idipsnm
2259 2236 2469 2299 accidit,
2520 2251 2579 2288 ae
2611 2237 2652 2288 si
2680 2237 2798 2304 quis
2833 2237 2899 2288 ad
2943 2235 3210 2290 aurificem
3242 2248 3296 2292 et
3335 2247 3568 2294 rosetum

1992 2327 2199 2390 veniat;
2231 2343 2350 2380 nam
2378 2336 2432 2381 et
2458 2330 2525 2379 ab
2559 2341 2690 2380 auro
2720 2338 2773 2382 et
2813 2345 2840 2380 a
2868 2329 3003 2383 rosis
3031 2329 3228 2398 aliquid
3271 2329 3570 2398 Splcttdoris

1988 2414 2218 2481 accipit:
2261 2417 2328 2469 ita
2361 2426 2410 2469 et
2445 2417 2537 2479 illi,
2567 2434 2630 2469 ex
2663 2419 3041 2471 monachorum
3071 2419 3232 2472 radiis
3255 2419 3450 2489 aliquid
3491 2421 3570 2475 lu-

1988 2509 2064 2559 cri
2092 2508 2404 2573 referentes,
2423 2511 2693 2578 paululum
2715 2511 2839 2581 quid
2864 2530 2926 2567 ex
2945 2515 3244 2580 arrogantia
3277 2515 3567 2584 deponunt.

1989 2601 2065 2653 Ac
2109 2601 2554 2667 quemadmodum
2602 2605 2690 2670 qui
2741 2603 2790 2655 in
2844 2603 3010 2656 altum
3064 2606 3303 2659 ascendit
3353 2607 3564 2670 locum,

1986 2694 2323 2760 quantumvis
2344 2702 2542 2746 statura
2577 2711 2769 2761 parvus
2786 2696 2874 2758 sit,
2905 2714 3157 2764 procerus
3184 2699 3391 2752 videtur
3416 2715 3564 2755 esse:

1987 2785 2064 2835 sic
2083 2793 2132 2835 et
2162 2784 2264 2845 isti,
2289 2799 2408 2836 cum
2436 2786 2688 2837 ειιΙιΙὶιιιοη
2712 2786 2920 2839 illorum
2941 2788 3148 2840 animos
3173 2788 3389 2852 adeunt,
3421 2791 3570 2843 simi-

1988 2874 2064 2926 les
2109 2873 2210 2926 illis
2245 2885 2500 2942 apparent
2542 2877 2793 2944 quamdiu
2827 2877 2896 2929 ibi
2931 2887 3146 2930 manent
3182 2897 3194 2931 :
3226 2895 3344 2933 cum
3390 2890 3566 2934 autem

1986 2964 2381 3030 descenderint,
2413 2981 2597 3018 rursus
2623 2967 2933 3022 humiliores
2967 2969 3234 3033 videntur,
3267 2971 3332 3022 ab
3357 2971 3451 3025 illa
3485 2971 3567 3025 al-

1989 3057 2446 3125 tinniincdejecti.
2468 3057 2607 3113 Nihil
2633 3059 2769 3126 apud
2803 3059 2918 3112 illos
2945 3069 3022 3113 est
3057 3077 3144 3114 rex
3167 3102 3180 3124 ,
3215 3062 3342 3115 nihil
3383 3062 3570 3130 puric-

1985 3159 2101 3202 ctns
2132 3167 2148 3203 :
2173 3149 2264 3202 sed
2307 3149 2751 3218 quemadniodinn
2797 3167 2892 3204 nos
2919 3150 2986 3204 de
3013 3152 3192 3221 pueris
3217 3152 3336 3205 illos
3363 3169 3563 3222 reprae-

1987 3240 2317 3293 sentantibus
2346 3241 2579 3293 ridenms
2609 3257 2623 3293 :
2655 3241 2732 3293 sic
2754 3251 2809 3294 et
2838 3242 2908 3294 illi
2943 3250 3202 3294 tumorem
3231 3257 3438 3306 eormn,
3477 3244 3564 3312 qui

1988 3333 2113 3384 foris
2142 3338 2338 3383 metum
2363 3332 2440 3383 sui
2467 3332 2701 3384 incutere
2721 3341 2921 3395 ettrant,
2949 3343 3223 3400 respuunt.
3245 3332 3297 3386 id
3336 3333 3457 3388 inde
3484 3351 3566 3404 pa-

1989 3423 2090 3474 lant
2108 3433 2208 3486 est,
2238 3424 2378 3491 quod
2408 3425 2450 3477 si
2479 3425 2596 3491 quis
2619 3424 2744 3492 ipsis
2770 3439 2990 3494 regnum
3011 3434 3122 3478 tuto
3144 3426 3466 3480 servandum
3481 3427 3564 3479 of-

1985 3515 2166 3581 ferret,
2192 3532 2480 3583 numquam
2508 3516 2580 3570 illi
2609 3518 2910 3584 aeciperent
2930 3535 2943 3580 ;
2963 3520 3264 3589 acciperent
3287 3519 3441 3587 forte,
3463 3521 3562 3575 nisi

1984 3607 2141 3659 altius
2161 3616 2430 3674 saperent.
2464 3608 2562 3658 nisi
2589 3617 2982 3674 temporaneam
3014 3626 3126 3664 rem
3156 3625 3276 3665 esse
3298 3621 3562 3680 putarent.

1983 3699 2090 3751 Cur
2110 3715 2234 3767 ergo
2275 3714 2380 3751 non
2423 3699 2824 3766 properahinms
2853 3700 2917 3754 ad
2966 3703 3106 3756 illam
3156 3704 3560 3769 beatitudinem,

1985 3804 2090 3842 non
2117 3788 2214 3842 hos
2239 3788 2455 3855 angelos
2482 3788 2744 3841 adibimus
2765 3831 2778 3847 .
2808 3806 2911 3842 non
2945 3805 3102 3858 puras
3134 3803 3308 3846 vestes
3341 3793 3566 3862 accipie-

1986 3897 2102 3934 mus
2122 3922 2135 3938 .
2179 3890 2232 3934 et
2255 3895 2373 3932 enm
2417 3896 2604 3949 pompa
2656 3879 2748 3932 has
2777 3883 2986 3948 nuptias
3013 3882 3401 3935 celebrabimus
3421 3923 3436 3947 ,
3468 3883 3560 3936 sed

1984 3973 2210 4027 mendici
2241 3972 2592 4034 manebimus,
2623 3973 2940 4039 pauperibus
2967 3973 3133 4026 nihilo
3157 3973 3345 4026 melius
3365 3973 3556 4037 affecti,

1986 4064 2090 4116 imo
2139 4062 2319 4130 peiore
2359 4077 2422 4114 ac
2469 4062 2854 4117 miserabiliore
2893 4077 3050 4130 quam
3099 4063 3171 4115 illi
3221 4062 3562 4117 conditione?

1984 4154 2116 4208 Nam
2146 4155 2248 4206 illis
2275 4163 2421 4208 certe
2458 4154 2758 4207 miseriores
2789 4163 2910 4206 sunt
2941 4153 3029 4222 qui
3061 4155 3199 4208 male
3230 4166 3405 4222 partas
3425 4154 3562 4208 divi-

1987 4247 2085 4298 tias
2117 4244 2385 4313 possident
2413 4261 2426 4296 :
2474 4245 2663 4296 melius
2705 4246 2898 4312 quippe
2925 4253 3009 4297 est
3048 4244 3372 4308 mendicare,
3404 4259 3563 4314 quam

1983 4337 2150 4391 aliena
2182 4351 2408 4404 rapere:
2443 4351 2563 4388 nam
2603 4335 2731 4388 illud
2773 4337 2921 4388 venia
2947 4376 2959 4393 .
3017 4335 3117 4389 hoc
3168 4336 3430 4404 supplicio
3483 4337 3565 4390 di-

1982 4442 2180 4496 gnum;
2226 4437 2278 4481 et
2310 4427 2396 4482 ille
2445 4427 2657 4496 quidem
2700 4427 2860 4480 Deum
2910 4443 3014 4480 non
3069 4427 3330 4493 olfendit,
3377 4430 3462 4483 hie
3511 4441 3564 4483 et

1989 4518 2153 4573 Deum
2178 4516 2399 4572 offendit
2431 4527 2485 4571 et
2539 4517 2782 4571 homines
2809 4535 2823 4569 :
2857 4517 2948 4570 ille
2975 4518 3172 4586 rapinae
3205 4520 3304 4571 fert
3327 4520 3562 4587 labores,

1985 4606 2212 4662 fructum
2242 4617 2418 4660 autem
2449 4621 2664 4663 omnem
2693 4605 2780 4660 alii
2806 4621 2950 4675 sirpe
2987 4608 3242 4660 tulerunt.
3275 4608 3397 4661 llaec
3437 4624 3560 4663 cum

1983 4700 2235 4759 :eianius,
2277 4698 2496 4752 avaritia
2542 4699 2682 4753 omni
2711 4698 2971 4766 deposita,
3012 4700 3244 4752 caelestia
3275 4710 3432 4769 atque
3455 4715 3563 4753 c.12-

1989 4793 2119 4847 leste
2144 4806 2364 4860 regnum
2391 4806 2512 4846 cum
2541 4790 2722 4843 studio
2748 4792 2891 4843 omni
2925 4792 3214 4860 rapiamus.
3239 4789 3354 4845 Non
3386 4800 3560 4859 potest

1989 4883 2154 4948 enim,
2185 4899 2288 4936 non
2314 4890 2486 4953 potest
2512 4891 2660 4936 certe
2687 4883 2776 4951 qui
2816 4883 3086 4950 negligens
3122 4893 3205 4936 est
3245 4897 3308 4937 eo
3339 4883 3561 4936 intrare.

1992 4977 2202 5032 Utinam
2231 4990 2358 5031 vero
2385 4990 2573 5029 omnes
2592 5017 2607 5038 ,
2635 4975 2822 5043 vigiles
2845 4974 2975 5030 facit
2996 4984 3047 5028 et
3074 4974 3357 5044 diligentes
3376 5016 3390 5040 ,
3433 4975 3558 5029 illud

1986 5083 2409 5138 consequamur,
2457 5068 2624 5136 gratia
2678 5076 2732 5120 et
2784 5067 3103 5134 benignitate
3146 5066 3351 5121 Domini
3399 5069 3565 5121 nostri

1987 5159 2112 5214 Jesu
2142 5158 2360 5221 Christi,
2407 5159 2489 5212 cui
2515 5157 2680 5228 gloria
2706 5165 2762 5210 et.
2790 5157 3070 5226 imperium
3090 5157 3142 5211 in
3164 5157 3360 5213 saecula
3388 5173 3560 5212 tia-cu-

1991 5253 2181 5307 lorum.
2211 5255 2378 5305 Amen
2407 5252 2427 5281 ¹

2054 5351 2070 5378 ι
2091 5341 2178 5394 Hic
2201 5343 2384 5394 variant
2412 5341 2726 5403 exemplaria.
2751 5339 2879 5390 Editi
2913 5340 3114 5396 habent.
3133 5354 3220 5390 nos
3251 5355 3363 5392 vero
3384 5347 3563 5392 ranam

1988 5413 2034 5456 et
2058 5408 2278 5468 mquitate
2305 5404 2497 5468 ornauit
2529 5402 2762 5468 Christus.
2789 5403 2948 5468 Pauci,
2975 5417 3080 5468 pro,
3107 5407 3348 5468 monito“,
3369 5404 3563 5468 legunt.

1989 5464 2162 5516 induite
2188 5464 2406 5515 numinis.
2434 5467 2737 5524 lectionem,
2760 5477 2870 5527 qua:
2900 5464 3140 5513 sincerior
3175 5467 3316 5516 nobis
3338 5466 3435 5514 visa
3471 5475 3565 5527 est,

1992 5535 2042 5578 in
2065 5535 2206 5577 textu
2229 5527 2497 5588 posuimtts.

2053 5592 2073 5620 ’
2097 5585 2241 5651 Apud
2261 5587 2420 5651 Morel.
2444 5587 2638 5636 humilia
2670 5585 2851 5651 desinit
2874 5587 2966 5637 hoc
3277 5587 3466 5639 catasta
3491 5602 3561 5639 re-

1990 5648 2268 5716 grmm'crmt
2288 5648 2415 5698 omni
2437 5651 2595 5699 studio
2615 5648 2861 5712 rapiamus
2896 5659 2942 5698 ut
2983 5650 3148 5714 {tuum
3165 5654 3284 5704 bona
3309 5664 3568 5715 consequo-

1994 5726 2122 5772 mur,
2143 5719 2302 5774 graue
2321 5717 2387 5769 ιι.
2415 5719 2510 5763 etc.
