4000 6206
387 265 490 323 655

1099 260 1157 318 8.
1197 260 1474 319 JOANNIS
1510 263 1983 321 CHRYSOSTOMI
2023 265 2342 322 ARCHIEP.
2381 266 2916 324 CONSTANTINOP.
3547 267 3642 324 656

1557 487 1895 549 HOMlLlA
1940 488 2142 550 LXX.
2188 490 2274 551 al.
2319 491 2549 559 LXXI.

432 654 677 710 (Istu‘ﬁ.
719 669 771 707 v.
811 653 899 708 15.
944 652 989 708 Τ
993 669 1090 707 unc
1133 654 1371 707 abeuntes
1407 651 1660 707 Phnristci
1703 653 1968 707 consilium

679 743 916 809 inierutt,
941 754 998 797 ut
1017 760 1128 798 eum
1154 744 1205 797 in
1235 759 1461 798 sermone
1488 753 1743 812 caperent.

488 835 537 888 1.
580 832 743 901 Tunc,
773 833 1105 903 quandonam
1129 833 1153 885 ‘l
1181 833 1406 900 Quando
1435 835 1665 888 maxime
1695 833 1815 888 illos
1850 848 1999 888 com-

421 926 584 996 pungi
614 927 850 996 oportuit
875 968 891 993 ,
921 925 1136 995 quando
1177 926 1556 996 benignitatem
1584 926 1701 994 ejus
1723 924 1997 991 admirari,

417 1016 629 1084 quando
649 1017 828 1071 futura
859 1017 1146 1072 formidare
1173 1033 1268 1086 par
1288 1027 1422 1082 erat,
1442 1017 1655 1087 quando
1674 1033 1740 1072 ex
1764 1017 2003 1086 praeteri-

421 1109 488 1162 tis
512 1108 579 1162 de
619 1107 808 1163 futuris
849 1107 1175 1164 credendum
1207 1118 1342 1162 erat.
1373 1109 1502 1162 Nam
1536 1124 1657 1162 cum
1685 1108 1835 1162 factis
1865 1108 2004 1162 dicta

423 1199 745 1266 clamabant;
777 1200 1044 1269 publicani
1070 1213 1124 1254 et
1146 1201 1455 1254 meretrices
1481 1199 1837 1266 crediderant,
1877 1215 2008 1270 pro-

425 1289 603 1358 pheta:
633 1301 687 1346 et
708 1290 836 1358 justi
866 1290 1127 1345 interfecti
1161 1289 1370 1345 fuerant
1397 1307 1411 1344 :
1437 1291 1502 1344 ab
1529 1291 1609 1345 liis
1635 1306 1760 1346 vero
1786 1291 2009 1346 instituti

429 1396 536 1436 non
563 1381 834 1438 debebant
862 1384 1091 1436 futuram
1132 1397 1282 1436 Suam
1333 1383 1624 1451 perniciem
1656 1399 1849 1452 negare
1872 1423 1886 1446 ,
1919 1381 2012 1436 sed

429 1482 485 1528 et
518 1473 738 1528 credere
766 1484 820 1529 et
868 1474 1201 1544 resipiscere.
1236 1478 1479 1529 Attamen
1524 1489 1694 1544 neque
1719 1475 1796 1529 sic
1820 1474 2016 1529 desinit

434 1566 645 1620 illorum
689 1565 946 1632 nequitia,
975 1565 1067 1619 sed
1105 1566 1300 1619 crescit
1325 1574 1379 1619 et
1409 1565 1629 1619 ulterius
1657 1565 2013 1634 progreditur.

438 1654 633 1710 Verum
661 1656 782 1725 quia
814 1657 995 1710 turbas
1025 1657 1292 1719 timentes,
1320 1655 1468 1710 illum
1490 1657 1892 1725 apprehendere
1913 1673 2018 1710 non

438 1745 726 1810 audebant,
766 1747 922 1799 aliam
955 1747 1122 1801 iniere
1152 1747 1312 1809 viam,
1342 1758 1398 1800 ut
1438 1746 1490 1800 in
1530 1748 1816 1815 periculum
1848 1748 2020 1816 conji-

437 1846 644 1898 eerent,
671 1847 724 1890 et
743 1835 1069 1904 publicarum
1090 1836 1423 1906 iniquitatum
1446 1853 1594 1892 reum
1617 1839 2022 1893 constituerent.

444 1925 531 1980 16.
575 1924 785 1979 Mittunt
830 1928 974 1980 enim
1017 1927 1062 1980 ei
1104 1927 1381 1996 discipulos
1421 1945 1538 1981 suos
1558 1944 1671 1982 cum
1716 1928 2022 1985 Ilerodianis

443 2017 658 2071 dicentes
679 2033 699 2071 :
722 2016 988 2087 Magister,
1007 2019 1192 2072 scimus
1219 2019 1336 2088 quia
1359 2036 1510 2072 verax
1535 2037 1608 2084 es,
1626 2031 1673 2073 et
1702 2021 1832 2074 viain
1851 2020 1948 2075 Dei
1973 2024 2025 2076 in

446 2111 652 2164 veritate
678 2111 843 2169 dares.
897 2127 985 2164 nec
1033 2112 1096 2164 de
1117 2111 1286 2182 aliqua
1313 2112 1398 2165 tibi
1443 2130 1564 2166 cura
1611 2124 1725 2168 est:
1755 2133 1854 2169 non
1897 2119 2028 2170 enim

447 2203 656 2271 respicis
679 2203 746 2254 ad
762 2220 1028 2270 personam
1053 2204 1332 2259 hominum.
1363 2206 1444 2260 17.
1471 2205 1566 2258 Dic
1586 2222 1703 2275 ergo
1725 2207 1884 2268 nobis,
1909 2207 2031 2275 quid

450 2293 538 2346 tibi
575 2293 814 2348 videtur?
856 2296 966 2349 licet
996 2312 1197 2350 censum
1227 2298 1350 2352 dare
1391 2297 1600 2364 Caesari,
1634 2315 1700 2352 an
1742 2301 1889 2354 non?
1913 2300 2032 2354 Tri-

455 2384 636 2438 butum
665 2386 806 2440 enim
835 2387 943 2454 jam
973 2388 1283 2452 solvebant,
1311 2403 1431 2443 cuin
1455 2405 1541 2444 res
1573 2390 1804 2458 ipsorum
1849 2393 1900 2444 in
1929 2391 2038 2445 Ιὶο-

452 2493 732 2534 inanorum
762 2480 1041 2549 imperium
1068 2481 1404 2537 transissent.
1440 2481 1574 2549 Quia
1602 2484 1762 2554 igitur
1786 2484 2037 2540 videbant

453 2567 728 2624 'l’lieudain
757 2579 813 2625 et
837 2570 1025 2626 Judain
1057 2570 1158 2627 hac
1185 2572 1254 2628 de
1281 2588 1442 2628 causa
1465 2574 1623 2644 paqu
1642 2583 1767 2630 ante
1793 2577 2035 2644 periisse,

456 2671 516 2715 ut
560 2661 649 2732 qui
695 2662 1038 2720 rebellionem
1087 2665 1510 2734 meditarentur,
1541 2669 1828 2737 cupiebant
1866 2669 2037 2738 ipsum

456 2769 670 2824 quoque
696 2755 835 2810 circa
868 2771 954 2812 res
980 2756 1194 2812 easdem
1216 2760 1504 2829 suspicioni
1532 2761 1820 2816 obnoxium
1853 2763 2044 2818 redde-

460 2859 538 2898 re.
573 2843 804 2914 Ideoque
850 2845 1140 2915 discipulos
1182 2863 1311 2903 suos
1355 2865 1477 2904 cum
1521 2851 1748 2920 llerodis
1787 2853 2043 2909 militibus

461 2936 744 3003 miserunt,
785 2937 981 3007 duplex
1010 2941 1360 3010 pra‘cipitium
1388 2952 1654 3013 parantes,
1683 2953 1740 2999 ut
1767 2947 2041 3016 putabant,

459 3037 516 3084 et
547 3028 780 3099 undique
824 3029 1070 3100 laqueum
1102 3032 1381 3089 tendentes
1408 3043 1498 3100 ut,
1525 3035 1780 3106 quidquid
1819 3037 2040 3106 diceret,

461 3130 744 3188 caperetur
772 3121 841 3174 ab
860 3121 940 3175 eis
960 3163 975 3186 ,
1005 3136 1070 3177 ae
1112 3123 1157 3177 si
1195 3138 1291 3192 pro
1335 3124 1651 3180 llerodianis
1677 3127 2043 3197 responderet,

464 3210 563 3280 ipsi
590 3221 924 3278 accusarent,
953 3214 1034 3268 sin
1061 3229 1158 3284 pro
1183 3214 1329 3284 ipsis,
1379 3215 1467 3269 alii
1489 3216 1918 3272 criminarentur.
1946 3219 2048 3272 At-

462 3300 552 3370 qui
579 3301 888 3356 didraelnna
906 3302 1018 3374 jam
1050 3305 1285 3359 solverat
1315 3323 1328 3358 :
1356 3306 1449 3361 sed
1483 3306 1584 3362 lioc
1616 3307 1686 3360 illi
1712 3307 2044 3377 ignorabant,

465 3404 520 3449 et
541 3395 798 3449 utrumvis
823 3395 1046 3463 diceret,
1077 3412 1136 3452 se
1178 3409 1428 3467 capturos
1453 3416 1573 3453 eum
1599 3402 1904 3469 sperabant.
1935 3402 2049 3455 Ma-

466 3485 689 3540 luissent
712 3495 887 3541 tamen
907 3504 1029 3541 cum
1047 3499 1231 3543 contra
1255 3489 1585 3546 llerodianos
1617 3492 1814 3562 aliquid
1845 3493 2043 3549 dicere.

470 3577 700 3650 Ideoque
726 3581 1017 3651 discipulos
1048 3584 1263 3638 tnittunt
1285 3625 1300 3649 ,
1341 3587 1428 3655 qui
1461 3587 1606 3640 illtttn
1644 3590 1922 3658 praesentia
1954 3605 2048 3645 sua

467 3670 534 3723 ad
564 3671 612 3724 id
643 3671 979 3740 inducerent,
998 3686 1054 3728 ut
1084 3675 1229 3730 illmn
1255 3679 1464 3744 pra-sidi
1493 3679 1761 3735 traderent
1785 3692 1835 3735 ut
1855 3691 2052 3749 tyran-

474 3777 621 3815 tuun.
651 3761 763 3818 lloc
788 3766 933 3820 enim
962 3773 1015 3819 ct
1042 3765 1213 3822 Lucas
1239 3769 1540 3839 subindicat
1562 3771 1776 3839 dicens,
1816 3789 1910 3828 eos
1937 3784 2050 3827 tur-

473 3851 556 3905 liis
578 3855 930 3923 prmsetttibtls
961 3857 1337 3929 interrogasse,
1361 3870 1419 3914 ιιι
1447 3861 1612 3932 majus
1641 3872 1785 3919 esset
1814 3867 2054 3919 testimo-

472 3946 640 4000 nium.
680 3944 1016 4003 Contrarium
1063 3964 1239 4005 autcin
1267 3955 1487 4006 omnino
1516 3956 1720 4019 evenit;
1764 3955 1815 4009 in
1867 3957 2054 4025 majori

470 4036 669 4106 quippe
699 4036 908 4092 theatro
944 4039 1180 4094 stultitia:
1204 4055 1316 4096 sua:
1359 4052 1727 4112 argumentum
1771 4044 2052 4100 dederunt.

473 4129 554 4182 Ac
582 4127 702 4181 vide
742 4129 1106 4184 adulationem
1144 4146 1362 4198 eorum,
1415 4133 1790 4204 occultumque
1831 4136 2053 4190 dolum:

477 4217 748 4286 Nouimus,
777 4219 1038 4291 inquiunt,
1063 4221 1184 4288 quia
1211 4239 1365 4277 verax
1399 4239 1470 4278 es.
1496 4223 1606 4279 Cur
1628 4241 1755 4296 ergo
1778 4226 2054 4294 dicebatis,

473 4311 736 4367 Seductor
759 4320 861 4376 est,
885 4322 958 4378 et,
989 4313 1199 4368 Seducit
1224 4317 1440 4380 turbam,
1461 4324 1534 4380 et,
1559 4316 1879 4372 Haemonium
1914 4319 2058 4374 habet

476 4399 672 4472 (Joan.
697 4402 750 4457 7.
784 4402 850 4457 t2
877 4413 925 4458 ct
951 4403 1167 4476 l0.20),
1193 4412 1268 4472 et,
1292 4405 1404 4460 Non
1423 4416 1588 4463 estex
1614 4408 1754 4463 Deo?
1777 4425 1874 4465 cur
1903 4411 2060 4480 paulo

483 4502 613 4550 ante
639 4497 1036 4554 consultabatis
1061 4502 1337 4572 quomodo
1369 4504 1523 4560 illum
1555 4505 1921 4563 occideretis?
1956 4506 2060 4562 Sed

483 4586 666 4642 omnia
687 4587 763 4642 illi
797 4588 955 4648 fiunt.
982 4602 1144 4660 prout
1174 4593 1388 4651 insidiae
1410 4607 1732 4666 suggerunt.
1755 4597 1894 4663 Quia
1917 4598 2064 4652 enim

482 4679 640 4743 patilo
665 4687 787 4730 ant--
815 4691 938 4732 eum
964 4680 1272 4749 arrogantia
1299 4680 1568 4748 dixerant,
1595 4681 1663 4737 In
1682 4700 1782 4754 qua
1819 4696 2063 4756 potestate

477 4770 587 4825 Iure
623 4769 752 4840 facis
781 4769 992 4842 (Matth.
1021 4769 1112 4825 2|.
1141 4770 1234 4842 25)
1258 4771 1281 4824 ?
1309 4786 1411 4827 nec
1446 4774 1853 4842 responsionem
1877 4786 2061 4832 extor-

477 4879 645 4934 quere
676 4874 983 4936 potuerunt,
1032 4876 1252 4937 sperant
1281 4865 1430 4920 illum
1459 4867 1761 4923 adulatione
1785 4869 2065 4925 emollien-

477 4955 604 5010 dum
651 4971 808 5023 esse,
835 4964 891 5010 et
917 4955 1271 5012 inducendum
1312 4966 1366 5011 ut
1403 4957 1672 5028 quidpiam
1701 4959 1844 5014 dicat
1879 4971 2062 5015 contra

483 5051 650 5120 leges,
674 5067 793 5120 qua:
823 5064 945 5106 tttnc
968 5053 1233 5121 vigebant,
1260 5064 1313 5108 et
1342 5052 1636 5107 dominanti
1669 5055 1917 5123 potentia:
1935 5070 2064 5108 con-

483 5144 726 5198 trarium.
757 5143 1096 5214 Quapropter
1125 5147 1298 5216 ipsum
1322 5161 1562 5200 veraecm
1595 5147 1811 5209 dicunt,
1841 5147 1889 5201 id
1923 5147 2064 5217 quod

479 5245 595 5289 erat
642 5235 990 5302 confitentes;
1038 5254 1224 5291 verum
1275 5254 1378 5291 non
1431 5247 1569 5291 recti
1620 5242 1918 5301 sententia,
1973 5255 2063 5292 ne.-

479 5343 584 5395 qoe
611 5329 858 5383 volentes
883 5328 933 5381 id
962 5328 1166 5393 dicunt,
1194 5339 1247 5382 et
1290 5330 1389 5384 hoc
1411 5330 1670 5396 adjiciunt
1699 5350 1712 5384 :
1741 5330 1856 5382 Non
1879 5330 1950 5384 e'st
1976 5330 2064 5383 tibi

478 5435 603 5472 cum
635 5419 702 5475 de
733 5421 925 5491 aliqua.
961 5421 1090 5475 Vide
1117 5439 1272 5491 quam
1303 5423 1558 5493 liquidum
1585 5424 1688 5487 sit,
1721 5424 1855 5478 velle
1884 5438 1978 5477 eos
2009 5424 2062 5476 in

481 5513 786 5581 ltujusmodi
830 5531 1133 5570 sermonem
1177 5517 1446 5586 conjicere
1473 5535 1626 5583 eum,
1671 5534 1776 5588 quo
1826 5517 2065 5571 llerodcs

480 5605 801 5670 offendatur,
848 5618 900 5663 ct
929 5607 982 5662 iu
1013 5607 1309 5679 tyrannidis
1344 5610 1705 5679 suspicionem
1749 5608 1963 5672 veniat,
2008 5615 2066 5661 ut

481 5713 569 5769 qut
588 5712 772 5757 contra
793 5705 959 5774 legent
996 5705 1362 5770 msurrexcrit,
1386 5721 1492 5773 quo
1510 5702 1656 5757 illum
1678 5712 1734 5756 ut
1751 5702 2064 5758 seditiosum

2096 664 2153 709 et
2180 663 2462 725 tyrannum
2485 655 2745 724 supplicio
2763 655 3053 710 traderent.
3087 651 3216 708 Illud
3244 651 3389 708 enim
3413 691 3429 717 ,
3459 650 3573 704 Non
3599 663 3663 704 est

2101 748 2187 801 tibi
2227 764 2350 801 cura
2379 749 2442 800 de
2466 750 2652 814 aliquo,
2677 757 2753 812 et,
2801 747 2921 801 Non
2966 747 3172 816 respicis
3215 745 3283 798 ad
3318 760 3553 815 personas
3585 743 3662 794 ho-

2104 840 2319 904 minum,
2345 840 2413 894 de
2444 839 2653 893 llcrode
2683 849 2737 891 et
2762 839 2978 893 (lassare
3003 839 3102 892 sub
3127 837 3313 891 umbra
3342 833 3564 904 quadam
3593 835 3668 888 di-

2105 931 2341 996 cebatur,
2373 930 2468 985 Dic
2493 932 2648 1001 igitur
2675 930 2816 983 nobis
2837 973 2850 993 ,
2889 930 3011 1003 quid
3039 929 3127 982 tibi
3151 927 3391 982 videtur?
3418 926 3564 980 Nunc
3589 925 3675 977 lto-
3719 948 3724 954 ·

2109 1027 2332 1086 noratis,
2361 1033 2414 1078 ct
2439 1022 2712 1077 doctorem
2737 1023 2953 1091 putatis,
2977 1021 3064 1090 qui
3089 1020 3255 1082 illiilli,
3279 1034 3404 1073 cum
3425 1018 3494 1072 de
3519 1017 3675 1071 salute

2110 1122 2283 1167 vestra
2314 1113 2622 1177 dissereret,
2653 1112 3051 1176 eontempsistis
3070 1151 3085 1174 ,
3111 1124 3253 1178 saepe
3279 1116 3336 1162 et
3368 1107 3676 1162 contumelia

2111 1205 2400 1260 alit-cistis?
2422 1205 2568 1260 Unde
2589 1206 2748 1259 etiam
2767 1205 2852 1258 ltic
2869 1203 3119 1258 Concordi
3139 1201 3406 1256 sententia
3429 1201 3676 1255 fuerunt'.

2116 1299 2192 1351 Ac
2223 1298 2340 1351 vide
2369 1298 2577 1350 illorum
2607 1297 2888 1350 vafritiem.
2909 1295 3020 1350 Non
3044 1295 3245 1357 dicunt,
3273 1294 3373 1348 Dic
3397 1292 3548 1347 nobis
3570 1292 3680 1361 quid

2120 1388 2336 1449 bonum,
2357 1389 2481 1458 qttid
2501 1390 2650 1454 utile,
2672 1388 2797 1458 quid
2824 1387 3031 1458 legale?
3058 1387 3173 1452 sed,
3205 1386 3344 1453 Quid
3370 1385 3460 1438 tibi
3484 1386 3685 1438 videtur?

2123 1479 2194 1533 Ita
2227 1480 2326 1533 hoc
2359 1496 2517 1534 unutn
2540 1480 2870 1549 sz-ctaliaul,
2906 1490 2957 1532 ιιι
2987 1480 3420 1542 traderentcunt,
3447 1485 3500 1530 et
3529 1477 3688 1529 utitu-

2121 1572 2358 1640 perantis
2388 1573 2594 1624 hostem
2641 1570 2996 1624 declararent.
3028 1569 3082 1622 ld
3124 1568 3432 1638 significans
3475 1566 3687 1627 Marcus,

2123 1661 2588 1731 arrogantiamque
2632 1661 2866 1730 ipsorum
2921 1659 3427 1730 sanguinariumque
3473 1657 3689 1711 animum

2127 1755 2444 1820 ostendens,
2470 1755 2667 1809 dixisse
2695 1755 2813 1810 illos
2839 1754 2946 1808 ait:
2972 1753 3224 1807 Demusne
3252 1751 3446 1807 (Σακατὶ
3471 1767 3692 1815 censum,

2127 1862 2194 1898 an
2235 1861 2337 1898 non
2372 1846 2547 1899 demus
2573 1845 2772 1916 (Marc.
2807 1845 2892 1899 12.
2928 1844 3064 1916 ll)?
3093 1843 3165 1899 lta
3210 1843 3454 1900 furorem
3501 1842 3694 1912 quidem

2131 1935 2440 2005 spirabant,
2473 1945 2526 1991 et
2557 1936 2776 1990 insidias
2821 1936 3221 2006 parturiebant,
3251 1937 3382 1990 dum
3410 1935 3603 1989 cultum
3631 1935 3696 1987 si-

2133 2029 2417 2082 mularent.
2445 2026 2582 2094 Quid
2614 2028 2773 2097 igitur
2794 2027 2916 2082 ille?
2942 2028 3025 2081 18.
3055 2027 3190 2093 Quid
3213 2043 3293 2080 me
3315 2026 3537 2088 tentatis,
3557 2026 3699 2094 hypo-

2135 2121 2316 2174 ιιι-ἱιωῖ
2336 2119 2578 2174 Vidistin‘
2605 2121 2873 2190 quomodo
2900 2120 3101 2189 majore
3128 2136 3251 2174 cum
3299 2117 3588 2173 acrimonia
3627 2132 3699 2170 re-

2136 2213 2434 2283 spéndeat?
2472 2213 2605 2279 Quia
2647 2213 2788 2267 enim
2845 2213 3074 2282 nequitia
3100 2222 3153 2265 et
3194 2213 3431 2280 perfecta
3467 2218 3521 2264 et
3547 2223 3699 2262 mant-

2139 2303 2271 2357 festa
2297 2313 2433 2369 erat,
2461 2303 2639 2359 acrius
2669 2305 2853 2374 pungit
2890 2304 3030 2370 illos,
3059 2303 3236 2373 primo
3263 2301 3612 2363 confundens,
3646 2297 3701 2352 il-

2142 2396 2420 2464 lorumque
2443 2410 2536 2449 ora
2563 2396 2868 2460 obstrueus,
2898 2404 2955 2449 ut
3001 2404 3209 2448 secreta
3259 2393 3476 2447 illorum
3513 2392 3563 2444 in
3600 2404 3700 2442 me-

2139 2485 2287 2540 dium
2331 2485 2655 2550 adduceret,
2707 2494 2762 2540 et
2800 2485 2969 2555 palam
2999 2484 3251 2538 omnibus
3304 2481 3568 2546 redderet,
3612 2495 3703 2550 quo

2142 2579 2210 2632 ad
2237 2577 2384 2632 illum
2413 2579 2594 2632 animo
2619 2578 2986 2632 accessissent.
3016 2577 3070 2630 ld
3094 2591 3259 2646 porro
3289 2574 3532 2636 faciebat,
3558 2581 3704 2626 utco-

2147 2685 2266 2724 rum
2297 2670 2586 2739 nequitiam
2615 2669 2951 2738 reprimeret,
2985 2683 3052 2723 ne
3095 2667 3217 2720 talia
3252 2668 3448 2721 iterum
3473 2665 3706 2719 auderent

2146 2764 2212 2818 ad
2255 2763 2574 2818 nocendum.
2613 2762 2870 2830 Quamvis
2897 2761 3058 2816 verba
3103 2760 3398 2814 honorifica
3443 2755 3703 2811 admodum

2146 2864 2356 2919 essent;
2389 2869 2509 2907 nam
2538 2863 2595 2908 et
2621 2853 2931 2923 magistrum
2954 2851 3217 2907 vocabant
3237 2892 3254 2916 ,
3285 2861 3342 2905 et
3387 2862 3638 2911 veracetn,
3662 2853 3708 2899 et

2150 2961 2432 3016 personam
2465 2961 2569 3000 non
2600 2947 2948 3015 accipientem
2981 2943 3113 2998 :scd
3145 2945 3287 2998 Deus
3313 2958 3434 2997 cum
3459 2947 3612 3004 esset,
3637 2936 3706 2991 liis

2148 3038 2323 3109 decipi
2343 3053 2449 3093 non
2475 3046 2703 3109 poterat.
2733 3037 2886 3093 Unde
2907 3045 3144 3106 poterant
3167 3034 3540 3105 illisuSpicari,
3559 3033 3705 3102 ipsum

2151 3149 2257 3188 non
2305 3131 2656 3202 conjectaudo
2702 3131 3039 3200 increpasse,
3077 3129 3172 3184 sed
3223 3128 3276 3183 id
3332 3141 3453 3182 esse
3501 3125 3705 3195 signum,

2153 3225 2301 3278 illum
2322 3232 2527 3277 Secreta
2549 3237 2734 3276 eorum
2768 3236 2944 3274 nosse.

2221 3322 2276 3376 2.
2317 3320 2426 3374 Nec
2452 3320 2580 3374 satis
2608 3319 2682 3372 illi
2712 3318 2806 3371 fuit
2833 3320 3134 3384 increpasse
3162 3333 3175 3368 :
3205 3314 3418 3369 etiantsi
3449 3311 3706 3372 sufficeret,

2154 3413 2299 3466 illum
2328 3427 2448 3465 cum
2470 3411 2703 3463 animum
2734 3425 2918 3463 eorum
2960 3406 3351 3474 redarguisset,
3383 3406 3450 3459 de
3475 3413 3604 3457 tanta
3629 3416 3708 3454 ne-

2153 3505 2317 3575 quitia
2351 3503 2604 3572 pudorem
2635 3501 2735 3554 illis
2765 3501 3024 3565 ingerere.
3074 3497 3180 3553 Sed
3208 3515 3315 3552 non
3349 3498 3435 3552 hic
3463 3497 3616 3558 stetit,
3638 3508 3712 3546 vc-

2156 3611 2272 3649 rum
2301 3595 2407 3649 alio
2431 3594 2590 3649 etiam
2618 3593 2777 3647 modo
2818 3593 3025 3646 illorum
3069 3607 3161 3646 ora
3190 3590 3427 3655 censuit,
3465 3604 3579 3643 cum
3605 3589 3669 3641 ait
3695 3602 3706 3638 :

2161 3688 2248 3742 19.
2282 3686 2543 3742 Ostenditc
2572 3685 2695 3739 mihi
2732 3685 2983 3738 uumisma
3010 3699 3205 3737 census.
3250 3682 3316 3739 Ut
3348 3692 3524 3737 autem
3551 3689 3713 3734 osten-

2157 3778 2368 3843 derunt,
2401 3791 2495 3846 pro
2518 3792 2665 3831 more
2694 3790 2792 3830 suo
2817 3790 3000 3829 eorum
3030 3774 3206 3845 lingua
3225 3772 3541 3828 sententiain
3563 3769 3711 3834 effert,

2159 3872 2407 3941 ipsosque
2433 3871 2722 3925 decernere
2747 3868 2909 3938 cogit,
2941 3866 2993 3921 id
3034 3867 3232 3922 licere:
3261 3882 3382 3936 qua:
3407 3873 3520 3921 erat
3556 3861 3713 3932 Splctl-

2159 3964 2280 4017 dida
2302 3963 2550 4031 claraque
2576 3961 2814 4014 victoria.
2849 3959 3028 4028 Itaque
3055 3973 3178 4013 cum
3227 3959 3594 4028 interrogaret.
3618 3967 3708 4006 non

2161 4055 2410 4126 ignorans
2437 4051 2811 4122 interrogabat,
2844 4050 2935 4105 sed
2968 4059 3026 4104 ut
3053 4066 3120 4104 ex
3147 4049 3358 4105 illorum
3397 4045 3713 4117 responsione

2162 4164 2283 4203 reos
2301 4148 2420 4203 illos
2433 4162 2553 4203 esse
2575 4146 2862 4202 cvinceret.
2895 4144 3025 4199 Nam
3047 4160 3168 4198 cum
3187 4142 3515 4214 interrogati,
3531 4137 3714 4195 20.0-

2153 4241 2243 4311 jus
2286 4251 2359 4292 est
2400 4239 2612 4310 imago?
2641 4235 3066 4306 respondissent,
3098 4235 3336 4297 Ctesaris,
3380 4236 3454 4288 ait
3499 4227 3710 4286 illum.

2165 4331 2376 4385 Reddite
2390 4347 2501 4401 qua:
2525 4341 2640 4384 sunt
2661 4329 2894 4392 Cwsaris,
2912 4327 3123 4394 Ctesari,
3143 4339 3188 4381 et
3207 4344 3320 4397 qua:
3337 4335 3454 4381 sunt
3477 4323 3581 4388 Dci,
3603 4321 3710 4374 Dea.

2165 4424 2276 4478 lloc
2302 4423 2444 4479 enim
2485 4438 2590 4476 non
2637 4432 2720 4476 est
2768 4421 2916 4486 dare,
2971 4420 3064 4473 sed
3101 4418 3366 4474 reddere:
3401 4417 3450 4471 id
3488 4413 3618 4486 quod
3657 4425 3712 4465 es

2165 4514 2392 4583 imagine
2432 4522 2486 4568 et
2510 4529 2573 4567 ex
2617 4511 2960 4581 inscriptione
3002 4509 3400 4565 ostendebatur.
3451 4503 3633 4561 Deinde
3657 4516 3713 4556 ne

2164 4608 2424 4670 dicerent,
2444 4605 2826 4661 llominibusne
2853 4620 2950 4658 nos
2980 4603 3231 4673 subjicis?
3248 4601 3533 4670 sulijuuxit,
3549 4595 3606 4650 Et
3621 4607 3715 4665 qua

2165 4708 2281 4752 sunt
2307 4698 2421 4766 Dci,
2451 4697 2582 4752 Deo.
2621 4697 2769 4752 Licet
2791 4697 2934 4751 enim
2961 4705 3015 4750 ct
3043 4693 3344 4748 hominibus
3372 4707 3466 4746 sua
3496 4687 3708 4749 reddere,

2165 4800 2222 4846 et
2249 4793 2356 4846 Deo
2383 4791 2532 4854 dare,
2579 4805 2699 4860 quae
2727 4788 2795 4842 ab
2823 4787 3124 4841 hominibus
3152 4786 3249 4854 ipsi
3293 4783 3566 4840 debentur.
3610 4775 3713 4830 Iden

2167 4885 2296 4940 dicit
2338 4885 2574 4939 Paulus:
2605 4881 2822 4936 Reddite
2864 4880 3092 4934 omnibus
3131 4878 3296 4931 debita
3334 4892 3352 4930 :
3392 4874 3471 4928 cui
3498 4866 3709 4940 vectigali

2169 4979 2380 5049 vectigal
2406 4997 2423 5029 :
2445 4978 2527 5032 cui
2554 4976 2819 5038 tributum,
2851 4975 3084 5027 tributum
3113 4987 3132 5024 :
3169 4972 3249 5024 cui
3273 4971 3534 5027 honorem,
3575 4963 3711 5014 hono-

2168 5091 2272 5128 rent
2299 5071 2476 5143 (liont.
2521 5072 2605 5124 15.
2652 5068 2725 5141 7).
2755 5067 2834 5122 Τιι
2871 5083 2997 5120 vero
3037 5081 3156 5118 cum
3190 5061 3364 5126 audis,
3405 5056 3575 5113 Redde
3610 5062 3709 5120 qua!

2169 5179 2292 5221 sunt
2325 5165 2571 5230 Caesaris,
2597 5159 2811 5223 Caesari,
2855 5159 2921 5212 de
2949 5157 3012 5210 iis
3040 5155 3088 5209 id
3120 5155 3290 5208 solum
3329 5149 3570 5216 intellige,
3610 5153 3708 5209 qua!

2171 5259 2299 5312 nihil
2333 5259 2578 5326 pietatetn
2611 5253 2839 5312 lzedunt;
2875 5251 2943 5303 ita
2969 5259 3026 5301 ut
3055 5247 3098 5301 si
3133 5246 3342 5306 laedant,
3366 5241 3470 5310 jam
3497 5233 3706 5291 minCte-

2169 5354 2326 5417 saris,
2375 5350 2468 5404 sed
2496 5347 2691 5402 diaboli
2725 5345 2975 5399 tributum
3004 5352 3058 5396 et
3091 5337 3312 5406 vectigal
3339 5335 3461 5391 sint.
3499 5329 3704 5424 "mea":

2168 5445 2377 5499 dientes
2389 5440 2726 5496 obticucrunt
2751 5435 2921 5498 inviti,
2940 5443 2995 5488 et
3019 5429 3334 5500 sapientiam
3360 5424 3472 5496 ejus
3495 5419 3704 5474 adtliimll

2236 5645 2250 5673 ⁸
2274 5647 2400 5696 Haec,
2425 5636 2553 5687 unde
2574 5633 2719 5684 etiam
2748 5631 2825 5696 hic
2848 5623 3075 5679 concordi
3097 5619 3324 5696 sententia
3345 5615 3546 5684 (tierunt,
3567 5599 3702 5657 omit“

2171 5703 2337 5764 sant"
2365 5695 2458 5750 nec
2481 5697 2606 5762 legit
2627 5695 2866 5757 Georgius
2884 5695 3254 5753 't‘rapezuattus.
