4000 6206
190 351 301 407 657

188 479 336 524 sunt.
368 468 504 539 Ergo
529 465 780 536 credere,
828 483 957 540 ergo
1004 478 1218 541 stupere
1246 471 1529 540 oportebat
1560 472 1599 524 ί.
1647 469 1777 525 Nam

188 562 485 617 divinitatis
529 576 641 615 sua:
667 561 1175 617 demonSIrationem
1217 564 1520 629 exhibebat,
1551 580 1670 618 eum
1696 579 1782 618 se-

188 664 335 706 creta
379 652 692 714 revelasset,
740 663 795 706 et
844 652 1038 708 leniter
1088 654 1322 721 ipsorum
1354 671 1446 709 ora
1493 656 1777 709 obstruxit.

190 743 327 807 Qttid
353 742 559 811 igitur?
588 724 713 797 num
744 744 1120 799 crediderunt?
1147 747 1391 811 Minime;
1421 746 1536 811 sed,
1568 748 1659 809 ait,
1689 747 1780 800 ea.

191 835 512 889 Dituittentes
545 852 661 888 eum
687 836 947 900 abierunt,
977 837 1069 891 Ξῖ).
1104 848 1150 890 et
1192 848 1303 903 post
1347 856 1431 892 eos
1469 853 1781 892 accesserunt

190 926 489 980 Sadduceei.
541 925 586 980 0
629 928 944 981 amentiam!
1018 929 1128 982 Illis
1174 929 1239 982 ad
1303 930 1779 984 obmutescendunt

188 1019 504 1087 eontpulsis,
535 1019 584 1072 lti
616 1019 1025 1089 aggrediuntur,
1050 1036 1169 1074 cum
1202 1024 1523 1090 oportuisset
1548 1023 1667 1076 illos
1720 1024 1783 1075 ti-

189 1110 385 1163 tuidius
401 1109 678 1165 accedere.
694 1110 797 1165 Sed
824 1111 1125 1179 huiusmodi
1149 1121 1231 1165 est
1250 1112 1488 1177 audacia,
1504 1112 1785 1182 impudens

191 1201 563 1268 petulansqtte,
591 1202 659 1254 ita
690 1211 745 1254 ttt
769 1202 855 1254 illa
882 1212 1049 1257 tentet
1078 1218 1197 1272 qure
1227 1204 1364 1258 efﬁci
1395 1221 1497 1257 non
1538 1214 1779 1273 possunt.

188 1290 528 1359 Quapmpter
558 1292 882 1360 evangelista
923 1294 989 1347 de
1015 1294 1223 1347 illorum
1255 1296 1554 1364 arrogantia
1605 1305 1785 1364 stupe-

188 1383 385 1449 factus,
430 1383 654 1452 idipsum
683 1384 946 1454 significat
972 1386 1155 1441 dicens
1193 1405 1205 1440 :
1232 1386 1297 1440 In
1326 1388 1417 1442 illa
1446 1388 1528 1442 die
1562 1405 1785 1443 accessa.

194 1486 336 1529 runt.
366 1476 429 1530 In
457 1478 567 1542 illa,
595 1479 803 1547 inqua?
824 1479 878 1531 ln
903 1495 964 1533 ea
994 1494 1111 1549 quae
1137 1481 1349 1535 illorum
1381 1480 1668 1550 nequitiam
1698 1496 1785 1535 re-

186 1570 399 1640 darguit
420 1614 435 1637 ,
470 1572 718 1641 ipsosque
748 1571 947 1642 pudore
977 1573 1213 1627 sntfudit.
1247 1575 1471 1640 Quinam
1500 1584 1623 1627 sunt
1652 1575 1785 1629 Sad-

186 1662 359 1715 dneazi
383 1662 407 1714 ?
431 1662 662 1717 llzcresis
684 1673 765 1717 est
791 1663 1120 1729 Iudaeorum,
1150 1681 1268 1736 quzc
1316 1666 1495 1720 dillert
1522 1682 1550 1718 a
1594 1666 1780 1720 Phari-

187 1754 332 1817 saris,
355 1753 561 1821 illisque
584 1755 740 1824 longe
760 1755 1001 1821 inferior,
1022 1759 1173 1823 cujus
1190 1759 1369 1828 opinio
1392 1768 1525 1821 erat,
1547 1776 1649 1811 ttott
1664 1773 1782 1813 esse

189 1846 657 1907 resurrectionem,
689 1863 862 1916 neque
884 1851 1153 1917 angelum,
1181 1866 1352 1919 neque
1382 1850 1645 1918 spiritum.
1668 1851 1781 1903 Rn-

186 1937 366 1990 diores
389 1938 532 1990 enim
559 1948 730 2003 erant,
753 1948 808 1992 et
833 1941 1126 2008 corporalia
1166 1950 1367 1993 tantum
1398 1942 1778 2009 agnoscebant.

186 2028 317 2083 Nam
345 2030 523 2084 multa:
550 2029 687 2100 apud
706 2030 923 2084 Judicos
944 2041 1102 2085 sectae
1126 2043 1300 2086 erant.
1321 2032 1442 2086 Ideo
1463 2034 1535 2084 ait
1556 2032 1778 2086 Paulus:

191 2118 487 2172 Pliaristeus
524 2134 634 2173 sum
669 2119 807 2189 (Act.
838 2120 927 2175 2'5.
966 2119 1045 2187 6),
1079 2138 1196 2188 quin
1222 2122 1616 2175 accuratissima
1644 2121 1781 2189 apud

189 2227 285 2264 nos
335 2222 482 2265 secta
530 2220 635 2266 est.
667 2212 731 2266 Hi
779 2222 955 2265 autem
1000 2212 1277 2267 Sadducmi
1325 2213 1530 2265 directe
1570 2212 1781 2280 quidem

189 2301 324 2355 nihil
354 2302 419 2355 de
448 2304 843 2357 resurrectione
872 2303 1083 2357 dicunt:
1107 2304 1199 2358 sed
1221 2305 1576 2361 narrationem
1599 2319 1781 2372 quam-

193 2395 319 2449 dam
351 2394 683 2465 contingunt,
716 2404 771 2450 et
794 2412 906 2450 rem
939 2412 1227 2465 numquam
1249 2438 1262 2461 ,
1318 2405 1374 2448 ttt
1402 2406 1546 2464 puto,
1579 2406 1781 2463 gestam

185 2488 683 2553 comminiscuntur,
716 2496 994 2555 sperantes
1023 2503 1081 2540 se
1107 2487 1251 2539 illum
1283 2487 1333 2539 in
1368 2485 1639 2554 angustias
1656 2500 1783 2538 con-

185 2580 428 2649 jectures
457 2594 577 2634 esse
606 2623 620 2645 ,
657 2579 1011 2647 volebantque
1052 2578 1164 2631 haec
1211 2578 1366 2631 antho
1392 2577 1683 2638 confutare,
1729 2586 1783 2631 et

188 2672 647 2725 resurrectionem
671 2686 810 2734 esse,
844 2681 897 2725 et
928 2671 1372 2724 resurrectionem
1416 2669 1784 2738 taletn,qualis

200 2760 505 2815 dicebatur.
560 2758 623 2815 Hi
666 2776 878 2816 rursum
910 2759 1159 2814 modeste
1188 2759 1472 2826 accedunt,
1503 2759 1737 2812 dicentes
1766 2776 1780 2811 :

187 2851 257 2905 24
289 2849 561 2920 Magister,
595 2850 798 2921 Moyses
824 2852 951 2904 dixit
970 2869 989 2904 :
1034 2850 1096 2904 Si
1125 2851 1236 2919 quis
1264 2852 1528 2913 moriatur,
1570 2866 1669 2903 non
1692 2853 1785 2902 Ita-

188 2942 305 2995 bens
332 2941 490 3008 ﬁlios,
524 2942 669 2994 ducet
697 2944 851 3011 frater
868 2942 978 3011 ejus
1008 2957 1214 2994 uxorem
1245 2942 1401 3001 illius,
1434 2951 1481 2994 et
1525 2941 1785 2994 suscitabit

186 3047 355 3084 semen
387 3033 537 3101 fratri
591 3049 681 3086 suo
709 3033 887 3102 (Deut.
927 3032 1018 3086 25.
1063 3034 1143 3103 5).
1189 3034 1279 3086 25.
1320 3031 1483 3085 Erunt
1518 3035 1656 3100 apud
1693 3049 1785 3085 nos

188 3134 377 3192 septem
407 3127 590 3192 fratres
624 3140 643 3179 :
671 3136 716 3179 et
762 3127 955 3196 primus
999 3126 1143 3179 duxit
1168 3143 1396 3190 uxorem,
1445 3138 1489 3180 et
1518 3128 1784 3194 defunctus

188 3227 259 3270 est
284 3234 387 3271 non
427 3216 614 3271 habens
649 3217 801 3287 filios.
826 3217 918 3273 26.
952 3216 1198 3273 Similiter
1221 3220 1487 3283 secundus,
1520 3229 1564 3271 et
1588 3219 1780 3284 tertius,

190 3324 342 3376 usque
367 3309 440 3361 ad
468 3310 751 3376 septimum.
785 3309 875 3362 27.
903 3308 1190 3364 Novissime
1217 3321 1382 3363 autem
1408 3319 1629 3363 omnium
1661 3326 1784 3363 mor-

190 3411 271 3453 tua
297 3411 375 3455 est
418 3412 466 3456 et
513 3402 710 3456 mulier.
758 3404 848 3457 28.
883 3402 948 3455 In
978 3404 1338 3457 resurrectione
1364 3404 1518 3473 igitur
1533 3405 1677 3473 cujus
1708 3420 1772 3456 ea:

194 3505 376 3563 septem
416 3495 511 3547 erit
540 3496 705 3549 uxor?
738 3494 867 3549 Vide
897 3494 1308 3564 respondentem
1338 3495 1570 3547 doctoris
1609 3509 1780 3547 more.

193 3586 339 3641 Licet
381 3588 528 3641 enim
583 3597 633 3641 et
688 3587 784 3655 ipsi
839 3587 1072 3653 maligne
1119 3595 1491 3646 accesserant.
1548 3596 1782 3640 attamen

192 3677 541 3747 interrogatio
588 3693 652 3732 ex
700 3678 995 3747 ignorantia
1053 3679 1221 3747 magis
1276 3677 1615 3747 proin-debat.
1660 3677 1783 3730 Ideo

192 3784 297 3823 non
327 3777 493 3822 vocat
520 3769 639 3822 illos
688 3767 1012 3839 Itypocritas.
1047 3768 1248 3821 Deinde
1278 3784 1342 3822 ne
1368 3769 1640 3835 oltjiceret,
1687 3784 1783 3823 cur

189 3874 401 3931 septem
429 3877 589 3914 tinam
619 3861 925 3914 habuissent
957 3875 1200 3923 uxorem,
1248 3860 1462 3929 Moysen
1509 3859 1737 3913 allerttttt
1768 3879 1782 3914 :

189 3954 430 4013 etiamsi,
453 3962 512 4007 ut
538 3953 647 4021 jam
680 3953 809 4015 dixi,
839 3953 889 4005 id
931 3951 1221 4006 secundum
1250 3968 1421 4005 nteant
1450 3952 1780 4019 opinionem,

194 4063 407 4101 nierum
431 4055 791 4100 commentum
820 4055 980 4099 essm.
1016 4043 1195 4113 Neque
1240 4044 1381 4097 enim
1413 4044 1601 4097 tertius
1629 4059 1782 4096 acce-

197 4143 389 4204 piSset,
420 4137 557 4192 duos
579 4137 685 4206 jam
713 4151 938 4206 sponsos
961 4135 1237 4189 defunctos
1269 4135 1453 4187 videns
1481 4151 1495 4187 ε
1527 4135 1570 4187 si
1609 4143 1782 4187 tamen

192 4234 407 4295 tertius,
455 4239 602 4284 certe
656 4245 759 4282 non
802 4238 1041 4298 quartus,
1076 4242 1174 4281 nec
1221 4228 1457 4296 quintus,
1513 4226 1785 4295 mttltvque

192 4324 374 4375 minus
414 4331 598 4374 sextus
642 4329 697 4374 et
736 4320 1028 4387 septimus;
1080 4318 1173 4371 scd
1219 4332 1435 4371 uxorem
1486 4325 1785 4385 sttspec'asn

193 4417 535 4469 habuissent.
578 4412 733 4467 Tales
758 4411 953 4481 quippe
990 4421 1112 4463 sunt
1142 4410 1332 4464 .lndiei.
1378 4409 1505 4463 Nam
1544 4411 1587 4462 si
1639 4409 1784 4461 ttutlti

192 4524 338 4562 nunc
373 4508 443 4559 ita
491 4516 615 4559 sunt
645 4505 839 4566 allecti,
890 4505 1056 4556 multo
1105 4504 1271 4570 magis
1318 4511 1441 4554 tunc
1491 4501 1784 4569 temporis:

190 4596 654 4669 quandoquidem,
671 4595 771 4648 hoc
797 4595 957 4649 etiam
989 4604 1167 4645 amoto
1193 4593 1365 4656 obice,
1389 4592 1501 4644 haec
1523 4592 1785 4643 connubia

192 4701 320 4746 tunc
352 4690 647 4758 fugiebant,
678 4688 885 4741 etiamsi
940 4687 988 4738 id
1037 4685 1116 4739 lex
1153 4686 1482 4753 pratciperel.
1528 4684 1613 4738 Sic
1646 4683 1783 4737 Ruth

192 4782 444 4835 bloabitis
474 4782 525 4833 in
550 4780 889 4833 remotiorem
912 4777 1244 4846 cognationis
1262 4792 1370 4827 sua-
1397 4774 1567 4828 demit
1595 4784 1643 4826 ta
1675 4787 1783 4839 est;

193 4889 245 4930 ct
272 4874 515 4929 Thamar
540 4887 569 4924 a
591 4884 781 4925 δοθετο
803 4884 985 4923 setnett
1027 4868 1186 4921 l'nrari
1216 4878 1396 4921 coacta
1424 4874 1523 4918 est.
1556 4865 1665 4918 Cur
1690 4880 1780 4917 au-

194 4978 301 5021 tem
337 4981 447 5019 non
498 4964 633 5017 duos
685 4970 775 5015 attt
812 4972 943 5027 tres,
987 4960 1079 5014 sed
1132 4971 1335 5029 septem
1387 4957 1550 5013 fuisse
1598 4958 1789 5012 fratres

194 5055 494 5110 commenti
522 5060 644 5108 sunt
669 5053 693 5106 ’ἔ
724 5052 790 5107 Ut
822 5052 988 5121 magis
1018 5052 1108 5118 (ita
1135 5047 1415 5119 putabant)
1434 5050 1783 5103 resurrectio-

196 5167 322 5204 nem
354 5147 709 5203 traducerent.
742 5144 863 5199 ideo
884 5146 1084 5206 dicunt,
1113 5142 1296 5196 Omnes
1322 5142 1598 5195 habuerunt
1624 5141 1778 5203 illam,

199 5255 257 5296 ιιι
284 5245 459 5312 ipsum
479 5241 529 5292 itt
552 5239 821 5308 angustias
837 5236 1160 5304 conjicerent
1211 5233 1346 5301 Quid
1363 5248 1488 5303 ergo
1516 5231 1789 5287 Christus?

198 5337 281 5390 Ad
314 5345 599 5403 utrumque
629 5330 935 5399 respondet,
968 5343 1071 5381 non
1098 5327 1162 5379 ad
1194 5326 1371 5389 verba,
1410 5325 1503 5378 sed
1530 5325 1594 5378 ad
1638 5341 1786 5377 men-

201 5442 308 5481 tt-ttt
334 5442 519 5482 eorum
544 5424 856 5493 respiciens,
873 5432 923 5473 et
944 5421 1136 5488 ultique
1158 5427 1417 5472 secretam
1445 5417 1652 5469 illorunt
1684 5417 1790 5485 opi-

202 5525 418 5576 nionem
451 5515 805 5587 patefaciens;
836 5511 1115 5581 aliquatqu
1144 5510 1283 5563 illam
1320 5507 1597 5563 manifeste
1627 5507 1787 5561 refel-

203 5617 340 5676 tt-us,
358 5608 645 5683 aliquando
669 5604 1102 5675 interrogandum
1119 5601 1455 5657 conscientize
1474 5600 1787 5655 eonfutatio-

270 5764 290 5798 ⁸
317 5772 443 5875 ιίτσε,
472 5770 595 5825 Ergo
629 5759 849 5818 medere,
871 5768 985 5819 ergo
1007 5762 1198 5813 stupere
1241 5750 1509 5816 Oportebat,
1534 5750 1704 5799 desunt
1746 5751 1789 5798 in

270 5838 332 5875 ire

209 5834 332 5876 “07¢

1173 353 1238 407 IN
1277 352 1681 409 MATTlleUM
1723 352 1950 407 llOMlL.
1993 353 2154 408 LXX.
2197 356 2265 411 :tl.
2308 355 2495 411 LXXI.

3377 368 3481 425 £553

1893 486 2013 524 nem
2034 471 2358 539 relinquens.
2381 472 2474 526 llic
2493 488 2632 527 nunc
2648 474 2765 530 vide
2784 477 3051 545 quomodo
3072 489 3124 534 et
3144 486 3490 538 resurrectio-

1889 577 2009 615 nem
2028 576 2146 614 esse
2175 563 2380 630 probet,
2401 573 2454 618 et
2483 582 2585 619 non
2611 567 2765 619 talem
2788 569 2996 637 qualem
3027 571 3123 640 ipsi
3147 575 3479 643 suspicaban-

1891 665 1993 710 tur.
2021 656 2155 719 Onid
2185 658 2323 711 enim
2346 659 2457 712 ait?
2495 660 2586 715 ‘29.
2621 659 2822 715 Erratis
2866 667 3137 720 nescientes
3163 667 3476 737 Scripturus,

1888 765 2045 816 neque
2060 751 2332 818 potentiam
2347 750 2456 803 Dei.
2476 752 2605 817 Quia
2633 754 2794 819 enim,
2815 764 2867 809 ut
2890 755 2976 824 qui
2998 756 3212 827 Moysen
3236 772 3473 827 nossent,

1890 840 2059 909 legem
2098 842 2348 911 allegant,
2380 845 2614 897 ostendit
2644 847 3000 915 ignorantium
3029 849 3334 919 Scripturas
3360 869 3482 908 esse

1892 932 2049 984 talem
2076 932 2568 1000 interrogationem.
2613 935 2747 990 Hinc
2768 939 2909 992 enim
2941 939 3006 993 ad
3039 940 3347 995 tentandum
3387 959 3479 994 ac—

1889 1033 2187 1089 cesserunt,
2230 1025 2371 1093 quod
2395 1026 2696 1093 Seriptttras
2724 1045 2826 1083 non
2872 1040 3050 1100 utpar
3084 1044 3198 1087 erat
3220 1034 3480 1103 intellige-

1888 1125 2026 1177 rent,
2059 1126 2112 1170 et
2142 1116 2231 1169 Dei
2264 1118 2553 1186 potentiam
2585 1118 2909 1187 ignorarent.
2941 1122 3079 1191 Quid
3101 1139 3228 1195 ergo
3259 1125 3476 1188 mirum,

1891 1207 2080 1277 inquit,
2113 1210 2155 1261 si
2188 1223 2274 1262 me
2322 1209 2562 1275 tentatis,
2594 1226 2755 1279 quem
2799 1213 2974 1267 adhuc
3002 1230 3107 1268 non
3133 1216 3477 1285 cognoscitis,

1888 1298 2102 1368 quando
2125 1315 2191 1353 ne
2216 1300 2306 1353 Dei
2336 1300 2550 1369 quidem
2580 1305 2871 1370 potentiam
2894 1306 3083 1370 nostis,
3106 1306 3258 1375 cuius
3277 1316 3476 1361 tantam

1889 1389 2269 1457 experientiam
2302 1390 2532 1456 habetis,
2557 1406 2619 1445 ac
2646 1408 2818 1462 neque
2835 1410 2899 1448 ex
2927 1396 3301 1450 communibus
3329 1398 3477 1466 cogi-

1891 1479 2198 1545 tationibus,
2227 1498 2399 1551 neque
2423 1499 2486 1536 ex
2519 1484 2812 1553 Scriptttris
2843 1487 2985 1540 illam
3018 1489 3206 1552 nostis,
3232 1489 3276 1543 si
3300 1498 3477 1544 tamen

1889 1586 2199 1626 communes
2225 1574 2575 1643 cogitationes
2596 1590 2716 1630 eam
2745 1578 2986 1632 notitiam
3032 1580 3304 1650 praebeant
3323 1622 3337 1647 ,
3370 1582 3480 1637 Deo

1889 1662 2065 1715 omnia
2096 1677 2215 1717 esse
2243 1664 2560 1731 possibilia?

1962 1755 2012 1809 5.
2059 1755 2125 1807 Et
2154 1757 2324 1824 primo
2355 1757 2567 1825 quidem
2599 1757 2667 1811 ad
2698 1758 2980 1827 quassitum
3011 1761 3317 1829 respondet.
3340 1761 3477 1828 Quia

1889 1846 2030 1899 enim
2063 1846 2113 1899 in
2136 1862 2291 1901 eausa
2323 1847 2427 1901 illis
2452 1858 2562 1901 erat
2594 1863 2690 1901 cur
2720 1850 3164 1904 resurrectionem
3211 1866 3331 1920 esse
3368 1867 3473 1907 non

1892 1947 2155 2004 putarent,
2188 1938 2327 2006 quod
2355 1939 2635 1993 credet-ent
2662 1939 2820 1992 talem
2844 1948 2967 1993 tunc
2998 1956 3116 1995 esse
3143 1956 3319 1995 rerum
3350 1960 3469 1996 cott-

1890 2027 2168 2091 ditionem,
2201 2044 2413 2081 causam
2454 2040 2710 2089 removet.
2742 2031 2951 2097 etquod
2985 2047 3047 2084 ex
3078 2031 3162 2084 illa
3194 2047 3351 2085 eausa
3382 2052 3473 2085 ac-

1890 2119 2101 2172 eidebat
2127 2120 2274 2187 (inde
2304 2122 2444 2173 enim
2472 2120 2693 2173 morbus
2719 2130 2867 2173 ortus
2912 2120 3073 2185 erat).
3120 2137 3183 2177 ac
3230 2140 3473 2177 rent-re-

1890 2211 2080 2263 ctionis
2129 2211 2343 2263 modum
2376 2212 2610 2265 05tettdit
2639 2229 2652 2264 :
2685 2213 2758 2265 ait
2795 2213 2934 2263 enim
2968 2230 2979 2265 :
3012 2212 3099 2266 50.
3155 2212 3217 2265 In
3247 2231 3472 2267 resurre-

1888 2302 2053 2355 ctione
2105 2319 2260 2371 neque
2290 2303 2518 2368 nubent,
2566 2320 2722 2366 neque
2774 2304 3044 2371 nubentur,
3094 2306 3182 2359 scd
3233 2318 3377 2359 erunt
3422 2319 3473 2359 ut

1851 2418 1853 2420 ·
1889 2394 2056 2462 angeli
2085 2393 2180 2446 Dei
2201 2395 2409 2447 incwlo.
2438 2395 2605 2449 Lucas
2631 2411 2755 2447 vero
2785 2396 2879 2459 ait,
2911 2397 3053 2448 Sicut
3079 2398 3173 2462 ﬁlii
3194 2395 3291 2450 Dei
3323 2397 3471 2469 (an.

1889 2483 1979 2536 20.
2006 2484 2117 2549 56).
2148 2484 2200 2539 Si
2233 2502 2360 2553 ergo
2391 2502 2497 2539 non
2528 2488 2749 2551 ttttlumt,
2774 2486 3037 2557 superﬂua
3060 2500 3141 2542 est
3174 2490 3470 2559 interroga-

1891 2577 1983 2630 tio.
2011 2577 2192 2647 Neqne
2224 2579 2343 2633 ideo
2386 2580 2556 2649 angeli
2589 2592 2734 2645 sunt,
2780 2582 2919 2649 quod
2963 2598 3068 2634 non
3108 2582 3336 2640 nubant:
3377 2582 3473 2637 sed

1889 2670 2010 2737 quia
2041 2680 2095 2723 ttt
2120 2673 2289 2738 angeli
2318 2684 2462 2737 sunt,
2489 2672 2607 2727 ideo
2635 2690 2739 2726 ttott
2764 2674 3140 2729 nuhttnt.llittc
3159 2677 3319 2728 multa
3342 2691 3475 2745 quo-

1888 2776 1993 2827 que
2013 2761 2113 2813 alia
2142 2763 2372 2822 sustulit,
2403 2780 2518 2829 qtae
2545 2764 2719 2816 omnia
2745 2780 2846 2816 tnta
2881 2780 3012 2818 voce
3046 2765 3240 2818 Paulus
3287 2767 3474 2819 subin-

1890 2850 2085 2904 dicavit
2120 2852 2305 2907 dicens
2355 2870 2368 2907 :
2414 2852 2651 2907 Pra'terit
2698 2855 2829 2907 enim
2884 2857 3047 2925 figura
3095 2856 3248 2924 hujus
3302 2858 3477 2909 mundi

1891 2943 1969 3012 (Ι.
2004 2943 2119 2999 (.‘or.
2153 2946 2205 2998 7.
2234 2945 2341 3017 Si).
2365 2946 2564 3015 llisque
2580 2948 2811 3001 ostendit
2842 2950 3013 3015 qualis
3030 2949 3100 3001 sit
3128 2948 3472 3009 resurrectio,

1890 3046 1947 3091 et
1973 3038 2112 3106 quod
2154 3054 2279 3093 rere
2320 3041 2640 3094 resurrectio
2669 3040 2737 3093 sit
2781 3039 2955 3093 futura
2986 3058 2998 3093 :
3029 3042 3127 3093 etsi
3175 3057 3301 3094 vt-ro
3342 3041 3471 3094 illud

1893 3144 1992 3181 una
2024 3130 2300 3196 probatum
2336 3130 2512 3193 fuerit,
2535 3141 2766 3185 attamen
2791 3149 2853 3186 ex
2877 3133 3167 3185 abundanti
3199 3132 3325 3186 illttd
3354 3149 3476 3186 rur-

1892 3234 2008 3274 Stlllt
2039 3221 2239 3288 adjicit.
2272 3222 2453 3290 Neque
2479 3224 2619 3276 enim
2679 3223 3079 3291 interrogationi
3124 3222 3284 3276 tttodu
3313 3225 3466 3276 satis-

1892 3312 2032 3371 fecit.
2065 3313 2155 3365 St‘d
2181 3314 2339 3366 etiam
2374 3315 2581 3368 illorum
2612 3316 2939 3384 cogitationi.
2992 3313 3083 3369 Sic
3115 3315 3327 3383 quando
3369 3333 3472 3369 non

1891 3418 1954 3455 ex
2010 3412 2151 3455 tanta
2202 3404 2435 3467 tttalitia,
2492 3404 2584 3458 sed
2641 3421 2705 3458 ex
2760 3405 3053 3473 ignorantia
3106 3404 3473 3473 interrogant,

1891 3495 2119 3560 amplius
2166 3496 2319 3548 docet
2363 3496 2617 3564 :quando
2646 3505 2825 3549 autem
2872 3513 2935 3549 ex
2990 3497 3220 3563 nequitia
3270 3505 3473 3550 tantut'

1892 3588 2234 3651 interrogatio
2280 3588 2507 3654 profic-ist
2532 3588 2668 3649 itur,
2720 3603 2892 3656 neque
2946 3588 3345 3652 interrogationi
3388 3604 3475 3641 rc-

1890 3677 2137 3745 spondet.
2164 3678 2392 3730 “Ul‘sllllt
2422 3691 2597 3731 autem
2623 3695 2685 3730 ex
2710 3679 2890 3748 Moyse
2914 3680 3031 3731 illos
3057 3678 3317 3745 confutat,
3354 3682 3475 3747 quia

1892 3767 1989 3836 ipsi
2034 3767 2248 3837 Moysen
2278 3769 2653 3827 obtendebant.
2678 3779 2731 3822 et
2758 3770 2831 3821 ait
2854 3787 2867 3822 :
2891 3770 2979 3823 51.
3013 3770 3087 3822 De
3113 3772 3475 3824 resurrectione

1892 3877 2005 3914 vero
2051 3871 2363 3913 mortuorum
2405 3876 2503 3911 non
2546 3859 2757 3928 legistis,
2796 3859 2886 3913 52.
2941 3859 3195 3924 Quoniam
3243 3878 3334 3931 ego
3364 3879 3475 3913 sum

1893 3954 2029 4006 Deus
2069 3954 2343 4013 Abraham,
2372 3964 2417 4006 et
2445 3950 2582 4003 Deus
2612 3950 2760 4003 Isaac
2786 3994 2800 4017 ,
2845 3961 2889 4003 et
2919 3950 3053 4004 Deus
3082 3950 3244 4005 Jacob
3280 3951 3474 4023 (Exod.

1892 4046 1943 4096 6.
1976 4045 2069 4112 3)?
2100 4043 2219 4096 Non
2247 4053 2319 4095 est
2349 4042 2485 4095 Deus
2506 4052 2835 4105 mortuorum,
2864 4044 2949 4094 sed
2978 4044 3220 4097 vicorum.
3251 4042 3363 4096 Non
3396 4058 3477 4097 est.

1895 4135 2078 4202 inquit,
2116 4151 2222 4186 non
2260 4133 2655 4195 essistt-ntiunt,
2686 4142 2738 4185 et
2786 4148 2970 4185 eorum
3016 4133 3103 4201 qui
3156 4147 3372 4199 prorsus
3406 4151 3472 4186 ex

1895 4226 2069 4279 medio
2110 4225 2305 4278 sublati
2352 4235 2511 4288 sunt,
2545 4240 2644 4276 nec
2683 4240 2928 4290 umquam
2964 4225 3333 4278 re~ttrtecturi.
3360 4224 3477 4276 Non

1893 4320 2034 4371 enim
2062 4317 2212 4375 dixit,
2246 4317 2427 4379 Erant,
2455 4316 2570 4375 sed.
2606 4315 2756 4379 Sunt,
2785 4318 3159 4371 t'XSiSletIlittlll
3206 4334 3397 4383 nempe
3425 4327 3479 4370 et

1894 4411 2202 4461 viventium.
2237 4408 2387 4461 Sicut
2426 4407 2567 4459 cnitn
2601 4407 2799 4468 Adam,
2836 4408 2957 4460 licet
3006 4408 3206 4460 viveret
3251 4424 3351 4475 qua
3392 4410 3484 4463 die

1896 4501 2229 4554 o-atulttcavit
2252 4499 2319 4553 de
2349 4500 2514 4568 ligno,
2547 4500 2811 4551 sententia
2844 4498 3043 4563 prolata
3080 4510 3322 4552 tttortttus
3351 4509 3427 4553 est
3463 4519 3475 4553 :

1894 4611 1968 4647 δια
1997 4605 2048 4645 et
2078 4593 2181 4653 isti,
2211 4591 2334 4645 licet
2362 4590 2555 4643 mortui
2586 4598 2785 4649 essent,
2820 4605 2884 4641 ex
2920 4591 3270 4655 promissione
3302 4606 3479 4641 resur-

1893 4684 2148 4738 rectionis
2194 4682 2461 4733 ι’ἱνιοιιωιι.
2508 4678 2785 4746 Quomodo
2826 4679 2981 4743 igiittr
3012 4680 3080 4729 :tit
3136 4680 3283 4742 alibi,
3323 4678 3389 4732 Ut
3432 4691 3480 4732 ct

1894 4777 2102 4829 mortuis
2132 4786 2175 4827 et
2205 4774 2322 4825 ciris
2370 4773 2651 4825 dominetur
2697 4770 2869 4841 (Rom.
2918 4772 3002 4824 Η.
3027 4771 3120 4837 9)?
3154 4771 3343 4824 Verum
3372 4789 3479 4824 noti

1894 4881 1972 4924 est
2003 4870 2102 4921 hoc
2129 4868 2200 4920 illi
2229 4864 2579 4920 contrarium.
2610 4862 2738 4915 Nam
2769 4861 2852 4913 hic
2879 4862 2944 4913 de
2973 4862 3194 4914 mort-tis
3225 4861 3477 4931 loquitur,

1892 4964 1980 5029 qtti
2015 4971 2198 5029 postea
2245 4957 2435 5011 victuri
2466 4966 2609 5011 sunt.
2651 4954 2900 5023 Alioquin
2948 4964 3125 5007 autem
3174 4952 3320 5007 aliud
3370 4964 3477 5019 est,

1896 5054 2006 5123 Ego
2037 5051 2174 5105 Deus
2203 5051 2477 5112 Abraham,
2497 5058 2549 5102 et
2574 5046 2739 5109 aliud,
2758 5044 2824 5101 Ut
2856 5054 3160 5097 mortuorum
3183 5054 3230 5097 et
3255 5045 3481 5098 riserunt

1894 5146 2199 5199 dominetur.
2227 5142 2383 5197 Novit
2408 5151 2457 5194 et
2476 5140 2631 5193 aliam
2656 5147 2905 5201 mortem,
2926 5136 2993 5190 de
3016 5152 3114 5204 qua
3135 5136 3260 5191 dicit
3283 5155 3295 5189 :
3318 5137 3481 5191 Sinite

1895 5248 2117 5289 mortuos
2148 5234 2359 5303 sepelire
2385 5243 2606 5284 mortuos
2627 5244 2744 5281 suos
2762 5228 2911 5297 (Luc.
2942 5226 2996 5281 9.
3026 5226 3139 5295 60).
3162 5228 3251 5281 55.
3286 5226 3350 5279 Et
3378 5246 3479 5279 au-

1894 5331 2084 5383 dientes
2118 5327 2276 5379 tttrlns
2313 5324 2627 5377 mirabantur
2665 5322 2727 5375 de
2761 5321 2989 5374 doctrina
3016 5321 3148 5390 ejus.
3179 5319 3363 5390 Neque
3393 5323 3478 5375 hic

1895 5421 2202 5483 Sadtlueiei;
2257 5419 2350 5472 sed
2381 5416 2502 5470 victi
2556 5422 2929 5469 rece.serunt:
2982 5412 3268 5467 multitudo
3298 5424 3479 5471 autem

1898 5534 2001 5570 non
2054 5515 2260 5569 addicta
2320 5512 2557 5581 partibus
2600 5510 2722 5562 hinc
2777 5509 3053 5561 utilitatem
3100 5507 3290 5576 carpit.
3345 5507 3480 5574 Quia

1898 5610 2055 5678 igitur
2085 5606 2204 5659 talis
2231 5610 2312 5658 est
2335 5602 2680 5664 resurrectio,
2712 5616 2831 5669 age,
2863 5599 2993 5653 nihil
3022 5614 3130 5653 non
3157 5612 3398 5668 agamus,
3425 5608 3479 5652 ιιι

1898 5707 2107 5777 primas
2137 5704 2247 5759 illic
2269 5701 2593 5756 referamus.
2627 5696 2689 5750 Et
2712 5699 2756 5753 si
2786 5699 2982 5769 placet,
3008 5695 3365 5749 ostendamus
3389 5706 3484 5745 ro-

1901 5798 1985 5853 bis
2014 5796 2278 5868 quosdam
2304 5793 2395 5865 qtti
2428 5792 2591 5847 etiant
2626 5801 2749 5844 ante
2773 5789 3264 5851 resurrectionem,
3296 5798 3484 5839 resus-
