4000 6206
583 346 688 404 659

579 467 866 519 citatorum
921 467 1084 518 vitam
1128 478 1180 519 et
1221 466 1606 519 beatitudinem
1652 466 1984 534 anticipant:
2024 465 2156 518 soli-

583 558 825 610 tudinem
855 573 1072 611 rursum
1106 567 1389 622 pet-anius;
1429 574 1552 610 nam
1587 558 1727 610 idem
1770 574 1962 610 rursus
1993 573 2156 622 argu-

579 659 821 702 mentum
847 650 1113 713 tractabo,
1131 665 1257 718 quia
1281 667 1374 702 vos
1389 665 1512 703 enm
1536 650 1814 717 voluptate
1840 650 1951 702 Il:l'(‘.
1968 650 2155 703 audire

578 741 880 809 conspicio.
901 739 1198 794 Videamus
1221 758 1349 811 ergo
1371 742 1531 795 hodie
1547 743 1820 795 exercitus
1845 743 1967 794 illos
1992 743 2157 811 spiri-

581 833 788 887 tuales:
827 833 1110 887 videmnus
1145 834 1476 903 voluptatem
1509 835 1705 886 timore
1729 835 1877 887 omni
1907 850 2154 888 vacuam.

577 921 698 977 Non
719 923 863 977 enim
881 939 1006 978 cum
1025 924 1197 978 hastis
1218 922 1565 978 tabernacula
1581 934 1869 994 occupant,
1886 934 1945 978 ut
1958 926 2156 980 milites

573 1014 717 1076 (nam
749 1011 837 1066 hic
859 1027 1028 1080 nuper
1057 1013 1270 1067 dicendi
1302 1014 1458 1066 linem
1489 1011 1587 1065 feci
1621 1011 1661 1081 ),
1694 1027 1864 1080 neque
1891 1028 2012 1066 cum
2061 1013 2158 1065 cli-

575 1103 690 1170 peis
715 1111 769 1157 et
792 1104 970 1158 loricis
1002 1121 1016 1157 :
1045 1103 1135 1157 sed
1169 1103 1248 1156 Itis
1274 1103 1522 1156 omnibus
1552 1104 1720 1155 nudos
1756 1103 1977 1163 videbis,
2006 1103 2154 1157 talia-

571 1211 674 1262 que
700 1207 1005 1265 operantes,
1031 1211 1150 1264 qua:
1167 1211 1270 1248 non
1296 1203 1516 1263 possunt
1535 1195 1740 1247 illicunt
1758 1195 1926 1254 armis
1956 1195 2150 1249 laetere.

569 1284 625 1338 Si
658 1286 832 1353 possis
859 1286 1062 1350 videre,
1083 1286 1294 1348 veni,et
1309 1301 1520 1339 manum
1553 1286 1682 1340 mihi
1708 1287 1939 1355 porrige,
1969 1304 2154 1342 camus

568 1375 728 1429 ambo
754 1375 819 1428 ad
853 1375 954 1430 hoc
983 1375 1202 1441 bellum,
1233 1376 1618 1444 videamusque
1639 1377 1830 1429 aciem.
1858 1377 1984 1430 Nam
2011 1387 2066 1431 et
2100 1378 2150 1431 hi

567 1465 806 1532 quotidie
828 1475 1082 1536 pugnant,
1106 1467 1350 1520 inimicos
1368 1466 1638 1529 occidunt,
1673 1476 1726 1520 et
1765 1467 2150 1535 concupiscen-

568 1557 669 1608 tias
707 1570 915 1610 omnes
944 1557 1096 1610 nobis
1145 1556 1456 1610 insidiantes
1482 1558 1698 1610 vincunt
1731 1573 1745 1610 :
1779 1557 1896 1611 illas
1949 1559 2150 1612 videbis

569 1644 712 1699 humi
734 1646 996 1713 iacentes,
1039 1647 1182 1701 nullo
1213 1647 1463 1717 praiditas
1487 1657 1634 1702 motu
1665 1665 1680 1702 :
1711 1658 1766 1702 et
1792 1650 2146 1718 apostolicum

566 1737 768 1791 dictum
801 1737 927 1790 illud
955 1753 1119 1807 opere
1143 1739 1467 1806 completum
1499 1740 1818 1808 cnnspieies,
1843 1739 1942 1804 Qui
1963 1741 2149 1794 Christi

564 1836 701 1885 sunt.
724 1841 926 1879 carnem
953 1829 1310 1895 cruci/iterum
1340 1844 1456 1880 cum
1482 1831 1613 1884 vitiis
1653 1839 1698 1882 ct
1734 1831 2148 1898 concupiscentia

564 1916 707 1987 (Gal.
739 1918 792 1972 5.
817 1917 932 1986 ‘2‘).
965 1918 1149 1971 Vidisti
1179 1919 1572 1973 multitudinem
1606 1929 1939 1973 mortuorum
1965 1920 2147 1988 jacen-

565 2009 720 2073 timn,
763 2008 940 2077 gladio
991 2009 1209 2077 spiritus
1238 2010 1576 2064 occisorum?
1621 2010 1744 2064 Ideo
1772 2026 1876 2064 non
1919 2019 2002 2065 Cal.
2042 2011 2146 2066 illic

563 2102 814 2163 ebrietas,
842 2116 946 2154 non
976 2103 1256 2156 voracitas.
1293 2101 1346 2156 Id
1393 2102 1626 2156 ostendit
1677 2117 1882 2162 mensa,
1927 2111 1982 2155 et
2032 2112 2144 2156 tro-

566 2208 735 2260 pmutn
775 2192 843 2245 ibi
885 2201 1144 2246 erectum.
1167 2193 1409 2247 Ebrietas
1434 2193 1575 2247 enim
1593 2203 1648 2247 et
1679 2195 1940 2246 voracitas
1961 2193 2144 2260 iacent

562 2294 807 2348 mortum,
827 2285 1061 2354 abaqum
1089 2294 1213 2353 potu
1237 2285 1446 2353 fugatm,
1474 2285 1560 2339 illa
1589 2285 1793 2339 scilicet
1809 2283 2143 2339 multiformis

561 2387 613 2430 et
639 2377 917 2444 multiceps
947 2376 1075 2431 fera.
1107 2375 1568 2444 Quemadmodum
1603 2377 1744 2429 enim
1771 2376 1909 2445 apud
1935 2376 2144 2446 mytho-

563 2470 711 2538 logos
757 2470 932 2540 Scylla
974 2479 1028 2523 et
1057 2469 1254 2540 Hydra,
1285 2469 1365 2524 sic
1412 2477 1466 2523 et
1509 2468 1740 2522 ebrietas
1777 2469 1938 2522 multa
1969 2467 2140 2534 capita

561 2561 758 2612 habet:
795 2559 917 2613 hinc
948 2559 1253 2624 lorttieatio,
1289 2559 1412 2613 inde
1453 2560 1551 2622 ira,
1589 2559 1804 2612 aliunde
1852 2559 2138 2621 mollities,

557 2651 770 2704 aliunde
795 2663 976 2720 turpes
1005 2665 1237 2706 amores.
1271 2649 1466 2706 Verum
1499 2649 1582 2705 hic
1613 2654 1708 2704 ista
1732 2651 1910 2703 omnia
1934 2651 2137 2703 sublata

558 2752 715 2806 sunt;
748 2743 954 2795 ctiam~i
986 2743 1056 2795 illi
1099 2741 1366 2796 exercitus
1393 2741 1446 2795 in
1474 2743 1745 2796 sexcentis
1790 2741 1944 2794 hellis
1978 2757 2139 2808 snpe-

561 2841 700 2894 reut,
722 2832 790 2884 ah
821 2831 902 2884 bis
930 2832 1171 2886 hostibus
1198 2833 1481 2885 vincuntur
1510 2850 1522 2884 :
1556 2848 1653 2886 nec
1677 2832 1798 2897 tela,
1832 2848 1927 2886 nec
1951 2832 2137 2898 hastae,

560 2936 656 2973 ut-c
683 2921 806 2990 quid
847 2921 1021 2974 simile
1053 2930 1225 2991 potest
1253 2931 1438 2975 contra
1486 2922 1583 2975 has
1631 2921 1914 2991 phalanges
1948 2931 2091 2976 stare
2121 2939 2134 2975 :

558 3010 654 3066 sed
695 3012 824 3063 isms
850 3012 1109 3079 gigantes,
1155 3021 1423 3071 strenuos,
1474 3012 1563 3080 qui
1607 3012 1882 3065 innumera
1933 3011 2139 3064 fortiter

556 3111 740 3171 agunt,
773 3101 1011 3156 invenias
1056 3102 1172 3156 sine
1199 3102 1426 3156 vinculis
1453 3103 1640 3171 ligatos
1666 3116 1856 3155 somno
1885 3111 1941 3155 et
1965 3102 2138 3156 ebrie-

559 3204 686 3260 tate,
721 3195 834 3248 siue
860 3193 1028 3255 c:rde,
1061 3195 1176 3248 sine
1217 3193 1542 3258 vulnerii-us,
1582 3209 1646 3248 ac
1689 3195 1826 3248 sicut
1873 3194 2135 3248 vulnerati

552 3286 812 3356 iacentes,
840 3287 950 3340 imo
978 3287 1144 3340 multo
1169 3287 1403 3356 gravius.
1439 3287 1516 3342 Illi
1548 3302 1778 3356 namque
1799 3286 1985 3340 saltem
2023 3301 2139 3340 mo-

556 3387 666 3431 tuin
696 3377 926 3446 aliquem
967 3377 1196 3440 habent;
1231 3378 1281 3430 hi
1307 3392 1434 3431 vero
1472 3393 1648 3442 secus,
1677 3377 1768 3432 sed
1800 3379 1977 3432 statim
2003 3393 2134 3432 con-

555 3469 759 3523 ciduut.
795 3468 954 3523 Vides
990 3478 1114 3522 tunc
1136 3469 1426 3524 exvrcitum
1452 3479 1508 3522 et
1548 3471 1801 3535 majorem
1835 3479 1888 3522 et
1915 3471 2134 3523 mirabi-

558 3559 742 3613 liorem
772 3560 929 3613 esse?
950 3559 1078 3614 Nam
1106 3562 1333 3614 victores
1365 3561 1479 3612 illos
1510 3561 1703 3612 milites
1723 3563 1832 3612 sola
1862 3562 2133 3614 voluntate

554 3651 810 3706 confodit.
847 3652 991 3704 lllam
1037 3653 1178 3706 enim
1230 3660 1452 3705 matrem
1493 3654 1731 3705 omnium
1774 3653 2032 3706 malorum
2066 3655 2130 3705 ita

556 3744 818 3797 inﬁrmam
849 3743 1096 3806 reddunt,
1127 3753 1185 3797 ut
1208 3745 1427 3798 molesta
1455 3755 1632 3812 postea
1661 3760 1781 3798 esse
1812 3761 1914 3796 non
1945 3745 2129 3811 possit.

559 3837 699 3891 Duce
725 3847 901 3890 autem
930 3838 1098 3906 lapso,
1118 3847 1172 3890 ct
1201 3835 1624 3905 sublatocapite,
1657 3835 1917 3904 reliquum
1940 3851 2135 3901 corpus

554 3929 776 3996 quiescit
802 3926 1078 3996 :bancqne
1105 3929 1377 3980 victoriam
1399 3943 1429 3981 a
1447 3927 1665 3994 singulis
1694 3926 1762 3979 ibi
1797 3927 2132 3981 manentibus

556 4029 876 4086 repertatam
904 4034 1114 4070 cernas.
1149 4017 1261 4070 Non
1289 4019 1429 4070 t-uim
1454 4027 1507 4070 ιιι
1536 4018 1586 4069 in
1633 4018 1777 4071 hisce
1829 4017 1977 4071 hellis
1998 4059 2012 4076 ,
2044 4017 2132 4084 qui

554 4109 718 4160 semel
744 4109 808 4159 ab
838 4124 942 4159 uno
975 4109 1263 4161 \ulncratis
1303 4117 1403 4170 est,
1431 4116 1485 4160 et
1511 4108 1672 4160 semel
1701 4107 1890 4160 cecidit
1917 4108 2003 4160 alii
2052 4111 2132 4160 vix

554 4210 726 4269 potest
754 4202 959 4271 plagam
994 4205 1189 4257 inferre
1220 4221 1233 4256 :
1264 4205 1355 4256 sed
1377 4219 1595 4258 necesse
1618 4214 1698 4258 est
1717 4213 1773 4257 ut
1797 4221 1981 4259 omnes
2000 4205 2134 4260 banc

557 4293 719 4346 feram
746 4293 1051 4347 confodiant
1082 4313 1094 4349 :
1123 4307 1174 4348 et
1199 4295 1287 4365 qui
1315 4313 1417 4348 non
1458 4297 1577 4349 ierit
1602 4297 1766 4362 illam,
1812 4314 1908 4351 nec
1930 4299 2129 4368 tlrjicit,

553 4386 849 4457 exagitamr
893 4392 1064 4456 plane.

619 4479 672 4532 4.
692 4478 988 4532 Sobrietatis
1005 4479 1240 4532 victorian
1266 4478 1599 4533 Stt'culttriutn
1620 4497 1900 4533 mensarum
1919 4481 2129 4536 tlrlict'tc.

547 4570 865 4624 -—Vidistin'
903 4571 1230 4639 Splendidam
1278 4571 1588 4623 victoriam?
1630 4571 1909 4640 Τι·‹›ι›.ι·ιιιιι
1953 4572 2128 4636 enim,

549 4663 689 4730 quod
723 4677 910 4716 oumes
938 4662 1094 4714 simul
1121 4663 1385 4715 exercitus
1417 4664 1503 4731 qni
1539 4679 1630 4730 per
1658 4664 1838 4717 urbem
1868 4677 1990 4716 sunt
2023 4666 2130 4718 eri-

554 4765 678 4816 gere
705 4764 810 4802 non
836 4760 1086 4818 possunt,
1114 4752 1491 4820 unusquisque
1524 4754 1717 4808 horum
1744 4756 1924 4824 erigit;
1948 4757 2130 4810 omnia

556 4841 734 4908 iacent
779 4841 940 4894 simul
976 4842 1288 4896 vulnerata:
1321 4843 1552 4896 absurda
1598 4847 1909 4901 stoliditatis
1939 4849 2122 4914 verba,

555 4949 768 4988 vesana:
786 4935 1343 5004 cog‘tationes,vapor
1371 4937 1717 5003 iniucundus,
1736 4941 1985 4994 etomnia
2010 4957 2130 5009 qttte

554 5041 618 5077 ex
638 5025 903 5080 ebrii-tate
926 5026 1123 5079 armari
1144 5025 1340 5080 solent:
1363 5037 1524 5093 atque
1541 5029 1825 5084 imitantur
1843 5030 2129 5087 Dominum

549 5130 734 5179 suum,
767 5115 832 5171 de
861 5132 965 5186 quo
994 5117 1266 5186 Scriptura
1294 5117 1603 5172 mirabunda
1625 5120 1754 5174 dicit
1781 5138 1795 5173 :
1822 5120 1897 5177 De
1920 5133 2135 5176 torrente

547 5207 598 5260 in
628 5207 707 5259 via
733 5205 900 5271 bibet;
931 5219 1193 5277 propterea
1221 5209 1456 5262 exaltabit
1484 5221 1634 5280 caput
1665 5217 1682 5280 (
1706 5210 1851 5264 Psal.
1886 5213 2008 5268 109.
2031 5215 2061 5263 7
2089 5219 2126 5282 ).

551 5295 792 5350 \t'ultisne
811 5311 843 5351 e
863 5301 1080 5366 regione
1104 5309 1429 5357 mortuorum
1453 5300 1842 5355 multitudinem
1863 5302 2130 5372 aspicere?

552 5387 778 5441 Delicias
818 5387 1094 5442 videmnus
1135 5405 1199 5443 ex
1235 5392 1662 5458 concupiscentia
1700 5401 1866 5457 ortas,
1911 5409 2028 5462 qua:
2065 5412 2127 5448 ex

549 5478 936 5545 pulmentariis,
963 5479 1170 5546 coqnis,
1196 5496 1497 5534 mensarmu
1523 5484 1894 5542 structoribus.
1923 5485 2132 5552 placen-

551 5578 720 5621 tarum
753 5567 1045 5622 artiﬁcibus
1071 5569 1488 5636 suppeditantur.
1526 5571 1692 5626 Pudet
1718 5575 1894 5626 omnia
1936 5576 2022 5628 illa
2052 5576 2129 5630 di-

549 5673 671 5711 cere
701 5675 714 5711 :
743 5668 976 5727 attamen
1011 5659 1290 5727 phasiaoas
1318 5675 1442 5714 aves
1482 5664 1773 5729 proferam,
1810 5664 1927 5730 jura
1974 5665 2127 5721 iusim

553 5756 711 5798 mixta
731 5787 745 5807 ,
774 5748 986 5802 humida
1007 5789 1022 5809 ,
1050 5750 1187 5804 sicca
1209 5750 1383 5804 edulia
1404 5793 1416 5810 .
1449 5753 1588 5821 leges
1619 5753 1699 5806 bis
1727 5759 1882 5810 rebus
1912 5759 2126 5824 positas.

1397 347 1454 405 S.
1478 347 1757 404 JOANNIS
1783 349 2136 405 CllRYSO-S'l'

2245 353 2255 403 ι
2298 349 2614 405 ΑΙΗΖῘΙΙΕΡ.
2654 353 3189 411 (ΣΟΝὸΤΛΝΤΙΝάΡ.
3710 361 3789 411 6ῢο

2265 462 2397 517 Nam
2437 465 2585 532 quasi
2628 467 3005 533 rempublicam
3037 469 3419 538 gnhernantes,
3461 484 3510 527 et
3543 475 3691 528 aciem
3724 482 3786 530 in-

2263 562 2566 615 struentes,
2596 555 2674 606 sit:
2701 567 2754 608 et
2782 558 2863 609 isti
2899 559 2999 610 hoc
3028 569 3079 610 et
3110 559 3210 614 hoc
3242 561 3460 630 primum
3484 605 3499 626 ,
3529 564 3620 618 hoc
3645 576 3690 619 ct
3711 568 3788 620 hoc

2262 644 2555 697 secundum
2602 649 2947 700 constituunt.
2995 649 3058 701 Et
3097 649 3185 702 alii
3217 653 3422 720 quidem
3450 655 3659 722 primum
3692 673 3790 712 aves

2261 749 2422 801 supra
2465 737 2720 790 carbones
2762 754 2941 800 assas,
2991 741 3330 807 piscibnsque
3371 742 3526 797 fartas
3569 745 3787 810 offerunt;

2260 823 2351 876 alii
2369 825 2468 877 alia
2491 824 2633 877 initia
2655 827 3116 882 immoderatarum
3141 847 3412 885 coenarum
3429 843 3787 892 statuuntzntul~

2263 924 2422 984 taque
2450 917 2590 970 circa
2623 917 2737 971 ba-c
2766 930 2843 972 est
2871 923 3194 975 concertatio
3221 933 3272 977 ct
3301 924 3368 978 de
3396 928 3650 993 qualitate,
3677 941 3719 983 ct
3737 934 3788 984 de

2259 1004 2482 1069 ordine,
2515 1007 2664 1060 etde
2690 1009 2839 1077 Copia
2889 1029 2903 1064 :
2947 1021 3102 1080 atque
3143 1014 3210 1066 de
3250 1015 3352 1068 illis
3392 1029 3707 1080 concertant.
3739 1024 3790 1076 de

2258 1095 2451 1163 quibus
2473 1097 2661 1151 suli‘odi
2685 1099 2969 1160 deberent:
2994 1103 3080 1156 alii
3105 1104 3243 1171 quod
3270 1105 3540 1160 dimiditun
3566 1109 3704 1174 diem,
3722 1115 3787 1165 alii

2257 1185 2399 1251 quod
2425 1193 2590 1240 totum
2615 1188 2664 1240 itt
2692 1189 2792 1241 illis
2814 1190 3102 1253 iusnmant,
3127 1195 3214 1245 alii
3237 1195 3376 1263 quod
3403 1208 3603 1251 noctem
3623 1215 3790 1270 quoque

2256 1276 2530 1344 adiiciant.
2581 1279 2979 1350 Dicendumque
3017 1285 3152 1345 illis,
3205 1285 3368 1351 Vide,
3416 1292 3591 1350 miser,
3621 1307 3792 1345 incusu-

2257 1382 2374 1420 ram
2404 1370 2604 1424 ventris
2623 1411 2638 1433 ,
2670 1381 2722 1425 et
2751 1371 2820 1425 de
2854 1372 3201 1427 immoderato
3230 1377 3407 1428 studio
3436 1378 3690 1432 crubesce.
3716 1381 3791 1436 Vc-

2213 1479 2221 1490 ι
2256 1471 2374 1512 rum
2408 1461 2538 1514 nihil
2570 1461 2870 1529 huiusmodi
2901 1464 3040 1533 apud
3069 1468 3288 1536 angelos
3315 1469 3463 1533 illos;
3504 1471 3592 1524 sed
3628 1483 3674 1525 et
3707 1473 3792 1528 hac

2253 1560 2310 1602 et
2335 1564 2522 1604 omnes
2547 1554 2988 1622 concupiscentia:
3019 1567 3242 1610 lttm'luze
3274 1559 3342 1610 ibi
3374 1569 3518 1613 sunt.
3552 1561 3654 1614 Non
3679 1565 3791 1617 eui

2252 1639 2320 1694 ad
2347 1643 2676 1698 saturitatem
2703 1654 2756 1698 et
2782 1645 3098 1714 voluptatem
3120 1689 3136 1713 ,
3166 1649 3256 1702 sed
3282 1651 3344 1702 ad
3369 1654 3717 1708 necessitatem
3735 1659 3792 1709 ei-

2253 1729 2378 1784 lnun
2428 1744 2643 1787 sumunt
2673 1753 2686 1787 :
2721 1735 2847 1788 nulli
2882 1737 2947 1788 ibi
2976 1752 3232 1807 aucupes,
3264 1754 3360 1793 nec
3390 1742 3696 1808 piscatores;
3719 1746 3790 1798 sed

2252 1821 2404 1888 panis
2431 1831 2487 1876 et
2512 1839 2666 1893 aqua.
2700 1824 3010 1880 Sollicitudo
3035 1837 3211 1881 autem
3241 1829 3352 1883 ha-c
3371 1872 3386 1893 ,
3414 1834 3676 1896 tumultus,
3700 1851 3789 1902 per-

2251 1913 2601 1977 turbationes,
2629 1918 2804 1969 omnia
2825 1917 3037 1972 demum
3067 1918 3188 1972 inde
3211 1921 3354 1988 pulsa
3387 1931 3531 1982 sunt,
3561 1935 3658 1975 tuin
3683 1940 3708 1978 a
3729 1937 3789 1977 tu-

2251 2003 2422 2069 gurio,
2457 2014 2566 2059 tum
2595 2021 2625 2060 a
2655 2022 2907 2075 corpore,
2941 2025 3163 2077 magnus
3193 2011 3260 2063 ibi
3292 2022 3480 2079 portus
3509 2031 3522 2065 :
3553 2016 3676 2082 aiud
3699 2017 3789 2068 illus

2247 2103 2426 2146 autem
2453 2096 2676 2164 plurima
2705 2107 3012 2166 tempestas.
3042 2099 3304 2154 Rescinde
3330 2100 3495 2170 igitur
3517 2105 3787 2173 cogitatione

2253 2194 2492 2237 ventrem
2524 2202 2708 2239 eorum
2738 2190 2824 2256 qui
2867 2188 3058 2242 talibus
3083 2189 3216 2243 cibis
3245 2191 3646 2260 ingurgitautur,
3679 2198 3790 2249 vitie-

2247 2273 2329 2326 bis
2355 2277 2658 2344 congcriem
2690 2293 2934 2347 utaguam
2952 2321 2966 2342 ,
2999 2280 3233 2349 impuros
3257 2282 3476 2336 canales
3496 2325 3510 2347 ,
3551 2289 3788 2352 sepulcrm

2245 2363 2528 2418 dealbatam
2551 2366 2759 2437 (.llatt/t.
2790 2368 2879 2422 εδ.
2902 2369 2996 2437 9.7)
3022 2387 3036 2423 :
3061 2385 3180 2438 qua:
3205 2382 3507 2441 sequuntur
3529 2389 3647 2428 vero
3667 2378 3789 2443 pudet

2243 2454 2425 2508 dicere
2449 2495 2464 2518 ,
2494 2469 2676 2509 ructus
2707 2458 2975 2524 insuaves,
3005 2462 3256 2525 vomitus,
3287 2463 3591 2530 egestiones
3617 2480 3787 2517 sursum

2243 2547 2516 2602 deorsum.
2541 2550 2610 2602 At
2635 2548 2684 2602 in
2713 2550 3001 2605 solitudine
3025 2550 3184 2605 hasce
3205 2555 3656 2622 concupiscentias
3678 2573 3790 2609 tuor-

2247 2645 2369 2687 tuas
2398 2638 2515 2690 vidt-
2537 2678 2551 2701 ,
2583 2653 2787 2692 necum:
2817 2641 3239 2695 vehementiores
3267 2642 3392 2698 inde
3422 2655 3570 2699 ortos
3595 2662 3787 2708 amores,

2243 2742 2502 2783 venereos
2535 2731 2654 2785 dico
2700 2748 2714 2784 :
2761 2731 2858 2785 hos
2895 2734 3089 2803 quippe
3117 2750 3303 2790 omnes
3331 2737 3599 2806 proiectos
3622 2740 3788 2793 videbis

2241 2836 2362 2874 cum
2390 2823 2559 2891 cquis,
2587 2839 2707 2878 cum
2745 2824 3024 2893 iumentis.
3067 2826 3372 2881 Jumentum
3416 2831 3592 2895 enim,
3633 2833 3789 2894 telum,

2243 2929 2412 2981 equus
2437 2913 2504 2968 ad
2530 2915 2839 2969 obsctnnum
2879 2931 3011 2985 opus
3051 2917 3462 2986 exprimendum
3496 2920 3786 2974 adhibeatur.

2240 3003 2343 3059 Sed
2374 3006 2573 3060 vidi-bis
2598 3008 2753 3061 simul
2779 3024 2972 3078 equum
2997 3019 3053 3064 et
3074 3025 3413 3065 ascensorem
3442 3014 3622 3077 talem,
3645 3023 3691 3067 ct
3711 3016 3787 3067 tela

2238 3099 2463 3165 iacentia
2497 3118 2509 3152 :
2535 3099 2643 3153 illic
2667 3116 2795 3155 vero
2811 3103 3074 3156 contraria
3103 3103 3302 3169 omnia,
3325 3105 3538 3157 animas
3559 3107 3786 3158 mortuas'

2241 3191 2494 3257 deiecms.
2526 3191 2705 3261 Neque
2736 3193 2788 3247 in
2816 3208 2999 3248 mensa
3025 3204 3224 3248 tantum
3253 3196 3480 3250 victoria
3510 3197 3689 3251 sanctis
3713 3197 3788 3249 illis

2241 3283 2562 3353 conspicua,
2595 3283 2687 3337 sed
2715 3293 2770 3338 et
2799 3285 2848 3338 in
2880 3286 2999 3338 aliis
3020 3327 3034 3351 ,
3069 3287 3119 3339 in
3152 3287 3420 3355 pecuniis.
3460 3289 3514 3343 in
3542 3289 3714 3358 glorit,
3749 3289 3784 3339 in

2242 3373 2438 3436 livore,
2473 3374 2523 3426 in
2551 3375 2950 3442 a-gritudinibus
2985 3379 3252 3430 omnibus.
3282 3378 3480 3432 Annon
3525 3395 3646 3449 ergo
3666 3378 3781 3431 vidc-

2243 3474 2327 3518 tnr
2358 3465 2449 3519 tibi
2481 3465 2566 3521 hic
2593 3469 2855 3521 exercitus
2886 3468 3071 3523 fortior
3099 3469 3211 3534 illo,
3249 3478 3305 3524 ct
3340 3469 3459 3525 lucc
3498 3487 3665 3525 mensa
3699 3486 3783 3521 tne-

2241 3556 2379 3610 lior?
2409 3560 2536 3623 Laris
2565 3560 2934 3614 contradicat?
2977 3561 3164 3627 Nemo,
3208 3577 3274 3616 ne
3315 3563 3533 3632 quidem
3578 3579 3638 3617 ex
3676 3562 3784 3622 illis,

2239 3651 2446 3701 etiamsi
2489 3651 2771 3704 admodum
2818 3653 2995 3706 l'urens
3035 3655 3122 3708 sit.
3173 3653 3296 3708 llzrc
3324 3656 3527 3724 quippe
3555 3660 3601 3709 in
3628 3656 3778 3707 etclam

2241 3739 2419 3800 mittit,
2452 3739 2535 3792 illa
2567 3741 2632 3794 ad
2661 3743 2956 3808 gehennam
2996 3744 3153 3798 trahit
3182 3762 3193 3796 :
3228 3744 3366 3799 hanc
3389 3746 3627 3800 diabolus
3653 3755 3784 3812 j-atat.

2241 3830 2383 3884 illam
2410 3821 2652 3884 Christus
2677 3849 2691 3884 :
2724 3835 2858 3886 hanc
2885 3835 3123 3899 voluptas
3147 3848 3200 3890 et
3225 3837 3379 3891 luxus
3401 3837 3650 3900 disponit,
3676 3837 3786 3889 illam

2241 3922 2568 3991 philtiSopbia
2599 3933 2653 3976 et
2682 3933 3029 3993 temperantia
3061 3947 3074 3981 :
3120 3928 3203 3981 hic
3229 3928 3476 3982 Christus
3504 3929 3680 3990 adest,
3706 3928 3789 3978 illa:

2239 4013 2499 4067 diabolus.
2531 4016 2623 4069 Ubi
2647 4017 2786 4070 enim
2808 4017 3059 4083 ebrietas,
3090 4019 3159 4072 ibi
3189 4019 3428 4072 diabolus
3450 4031 3530 4075 est
3565 4040 3578 4074 :
3611 4021 3688 4072 ubi
3713 4018 3792 4070 ob»

2238 4120 2417 4159 semita
2437 4107 2614 4167 verba,
2631 4108 2717 4161 ubi
2736 4109 3002 4172 saturitas,
3025 4109 3093 4163 ibi
3115 4109 3386 4164 dremones
3403 4113 3625 4164 choreas
3639 4117 3788 4179 agunt.

2239 4195 2417 4248 'l'a'em
2449 4195 2630 4250 habuit
2658 4212 2892 4250 mensam
2917 4198 3065 4250 dives
3092 4199 3212 4263 ille;
3243 4200 3469 4269 ideoque
3501 4217 3597 4254 nec
3625 4203 3787 4252 stillam

2237 4303 2388 4356 aqum
2421 4287 2647 4341 habebat
2675 4287 2822 4357 (Luc.
2861 4289 2944 4342 16.
2974 4289 3092 4357 24).

2310 4378 2363 4432 5.
2404 4379 2474 4431 At
2511 4378 2753 4432 monachi
2795 4395 2900 4433 non
2935 4380 3090 4434 talem
3124 4381 3349 4438 habent.
3383 4383 3476 4436 sed
3507 4382 3788 4446 angelorum

2254 4470 2413 4523 vitam
2481 4469 2700 4535 vivunt,
2761 4487 2862 4525 nec
2906 4489 3099 4530 uxores
3148 4474 3366 4538 ducunt,
3398 4490 3570 4543 neque
3594 4475 3676 4526 diu
3698 4472 3790 4524 dor-

2239 4558 2442 4624 miunt,
2479 4575 2577 4613 nec
2602 4558 2805 4614 deliciis
2833 4562 3077 4624 student;
3107 4561 3199 4614 sed
3228 4573 3582 4632 prtcterquam
3613 4565 3661 4616 in
3688 4579 3788 4631 pau-

2237 4649 2313 4704 cis
2355 4650 2679 4718 quibusdam
2701 4691 2715 4712 ,
2762 4651 3063 4719 incorporei
3093 4642 3356 4706 videntur.
3389 4654 3516 4719 Quis
3558 4656 3706 4723 igitur
3728 4662 3792 4705 c-t

2237 4740 2324 4805 qui
2359 4747 2461 4791 tam
2494 4737 2644 4792 facile
2667 4742 2847 4794 hostes
2875 4740 3096 4794 intulere
3123 4744 3317 4811 possit,
3347 4756 3398 4796 ut
3434 4746 3698 4813 prandium
3721 4759 3792 4796 su-

2237 4829 2450 4890 mendo,
2483 4838 2738 4897 tropannn
2767 4832 2978 4898 erigat?
3021 4831 3250 4902 Ideoque
3277 4835 3350 4886 ait
3383 4836 3631 4904 propheta
3660 4854 3672 4889 :
3703 4833 3781 4885 l’tt-

2235 4923 2356 4974 raslt'
2383 4921 2434 4973 in
2465 4932 2729 4988 conspectu
2771 4937 2878 4972 meo
2918 4939 3138 4975 mensam
3174 4923 3413 4978 adversus
3441 4943 3519 4978 eos
3543 4927 3630 4992 qui
3656 4925 3790 4978 tribuo

2231 5009 2341 5063 lant
2368 5028 2444 5063 me
2469 5011 2486 5080 (
2511 5009 2650 5064 Psal.
2684 5010 2773 5064 εἳ.
2806 5012 2899 5081 5).
2932 5012 3044 5065 Non
3075 5013 3217 5067 enim
3245 5017 3443 5069 errabit
3481 5017 3521 5069 si
3561 5017 3676 5084 quis
3713 5015 3792 5066 hoc

2235 5099 2499 5168 eloquium
2547 5116 2785 5163 thensam
2831 5111 3074 5170 spectare
3116 5103 3326 5158 dixerit.
3375 5105 3509 5158 Nihil
3555 5107 3690 5158 enim
3730 5106 3792 5154 sic

2235 5190 2465 5243 animam
2498 5191 2704 5256 turbat,
2745 5199 2803 5245 ttt
2839 5193 3264 5260 concupiscentia
3307 5195 3568 5257 absurda,
3610 5196 3792 5248 deliria:

2235 5281 2510 5346 ciborum,
2551 5283 2818 5348 ebrietas,
2859 5293 2912 5337 et
2955 5284 3091 5337 mala
3132 5302 3248 5354 qua:
3287 5286 3408 5341 imle
3449 5289 3678 5341 oriuntur
3707 5304 3720 5339 :
3748 5294 3792 5337 ct

2242 5372 2342 5431 hoc
2371 5384 2564 5428 norunt
2592 5375 2680 5443 qtti
2715 5375 2898 5428 barum
2941 5391 3116 5428 rerum
3147 5377 3438 5445 periculum
3475 5376 3715 5432 fecerunt.
3745 5374 3792 5430 Si

2243 5472 2419 5518 autem
2436 5463 2702 5527 didiceris,
2725 5465 2862 5519 unde
2886 5465 2998 5520 lucc
3019 5480 3201 5520 mensa
3223 5467 3513 5538 colligatur,
3536 5468 3670 5521 unde
3694 5467 3791 5529 illa,

2239 5569 2362 5610 tunc
2407 5557 2570 5625 probe
2597 5559 2734 5612 scies
2771 5575 2889 5627 qua:
2927 5558 2998 5612 sit
3034 5559 3172 5644 inter
3200 5568 3472 5630 utramque
3498 5558 3789 5614 dil'l'crentia.

2302 5711 2317 5742 ¹
2349 5710 2398 5757 ln
2424 5713 2706 5782 quibusdam
2733 5714 2930 5782 I_e=,;itur,
2957 5713 3056 5765 illic
3092 5729 3206 5767 vero
3242 5727 3419 5770 matre:
3436 5715 3478 5765 ξιξ
3503 5729 3672 5774 Cluilia,
3696 5728 3786 5764 ωτ-

2242 5787 2356 5830 pom
2383 5781 2643 5832 vulnerata,
2670 5781 2853 5824 animus
2876 5783 3099 5832 ttwt'lttas.
