4000 6206
276 303 364 361 881
1221 295 1285 351 lN
1321 293 1726 350 MATTILEUM
1768 293 1839 346 HI.

1945 292 1991 345 [η
2034 293 2219 349 LXXI.
2261 295 2331 349 al.
2372 296 2581 352 LXXII.

274 419 546 477 Undemm
576 430 703 487 ergo
734 416 848 470 haec
882 414 1182 485 colligitur?
1227 413 1300 467 Ex
1333 412 1581 483 lacrymis
1612 412 1855 464 innume-

271 515 362 572 ris,
392 525 454 564 ex
488 509 762 562 viduarum
796 507 999 575 Spoliis,
1031 522 1095 560 ex
1132 506 1300 575 raptis
1328 505 1644 574 pupillorum
1684 502 1853 557 facul-

269 600 466 655 tatibus
494 617 507 652 :
542 600 630 653 illa
661 615 786 654 vero
823 614 888 653 ex
922 598 1080 666 justis
1116 597 1380 652 laboribus
1411 604 1627 666 paratur
1657 613 1669 648 :
1702 596 1852 650 sinti-

268 695 436 763 lisque
462 702 545 747 est
574 692 819 746 formosa:
857 692 1218 761 speciosaiqtte
1262 688 1506 753 mulieri,
1546 704 1666 758 qute
1705 686 1853 741 nullo

265 787 532 837 exteriore
559 793 677 851 eget
703 791 922 845 ornatu;
963 780 1056 835 sed
1103 782 1398 836 naturalem
1429 778 1589 834 habet
1618 778 1851 849 pulchri-

265 873 540 937 tudinem;
585 873 674 927 illa
717 889 845 927 vero
879 872 1147 927 meretrici
1176 871 1399 927 deformi
1429 879 1483 925 et
1513 871 1685 941 turpi,
1733 886 1852 939 qua:

266 964 383 1017 fuco
412 964 581 1017 multo
612 964 797 1030 utitur,
840 978 1011 1033 neque
1055 972 1231 1032 potest
1273 962 1666 1017 deformitatem
1697 962 1851 1016 obte-

261 1071 417 1123 gere,
448 1055 542 1110 sed
571 1071 676 1125 quo
704 1056 918 1124 propius
949 1054 1202 1111 accedere
1233 1063 1434 1118 tentat,
1466 1069 1532 1108 eo
1560 1053 1730 1123 magis
1759 1068 1847 1107 rc-

262 1158 540 1211 ntovetur;
584 1163 704 1200 nam
744 1157 941 1217 quanto
980 1148 1146 1217 magis
1180 1146 1385 1201 accedit
1412 1146 1475 1200 ad
1506 1155 1806 1200 consortem
1830 1185 1846 1210 ,

261 1249 409 1293 tanto
432 1240 598 1310 magis
624 1240 739 1308 ejus
760 1240 1071 1295 deformitas
1096 1240 1531 1309 deprehenditur.
1561 1238 1638 1294 Ne
1664 1254 1850 1293 ascen-

257 1330 448 1384 dentes
474 1331 724 1385 convivas
748 1331 1057 1400 aspexeris,
1104 1330 1199 1385 sed
1242 1330 1585 1395 recedentes,
1633 1338 1687 1384 ct
1727 1339 1850 1383 tunc

256 1421 373 1488 ejus
405 1419 786 1490 turpitudinem
830 1421 1051 1477 videbis.
1088 1421 1182 1475 Illa
1214 1436 1340 1475 vero
1366 1422 1464 1474 alia
1484 1462 1500 1486 ,
1532 1421 1693 1475 libera
1723 1435 1844 1474 cum

255 1522 354 1577 sn,
393 1513 527 1567 nihil
563 1514 691 1567 sinit
716 1523 992 1568 consortes
1020 1514 1330 1569 obscaenum
1359 1514 1574 1578 dicere;
1608 1514 1721 1567 haec
1748 1529 1846 1566 au-

257 1615 362 1659 tent
393 1606 524 1659 nihil
554 1606 836 1661 honestum
856 1647 872 1673 ,
907 1615 1087 1675 utpote
1123 1623 1241 1677 quae
1268 1608 1521 1661 meretrix
1559 1615 1609 1660 ct
1637 1605 1846 1660 infamis

255 1696 342 1748 sit.
401 1695 529 1750 "me
570 1697 835 1751 consortis
876 1698 957 1751 sui
1000 1698 1277 1753 utilitatem
1327 1699 1547 1767 quaerit;
1594 1698 1680 1750 illa
1726 1713 1845 1766 per-

257 1787 451 1841 niciem
497 1788 632 1857 ejus.
684 1788 809 1843 Haec
866 1804 971 1843 non
1020 1790 1277 1857 permittit
1318 1789 1587 1844 offendere
1629 1788 1840 1853 Deum;

256 1875 368 1931 haec
410 1894 514 1932 non
557 1880 684 1933 sinit
721 1896 828 1933 non
874 1879 1167 1934 oll‘endere.
1201 1879 1471 1935 Adeamus
1499 1880 1655 1950 igitur
1683 1880 1839 1943 illos;

256 1968 377 2023 inde
396 1971 630 2024 sciemus
655 1980 783 2039 quot
804 1972 972 2027 simus
992 1973 1215 2028 vinculis
1236 1973 1541 2039 constricti;
1570 1974 1691 2027 inde
1715 1973 1845 2028 scie-

253 2076 371 2115 mus
400 2077 641 2117 mensam
667 2080 937 2133 apponere
964 2066 1111 2121 mille
1134 2066 1289 2121 bonis
1313 2067 1544 2136 plenam,
1566 2067 1842 2136 iucundis-

252 2154 470 2219 simam,
500 2154 699 2208 nullius
719 2155 994 2224 impenste,
1019 2157 1392 2224 sollicitudine,
1425 2158 1643 2223 invidia,
1672 2159 1841 2213 livore

3440 311 3545 364 662

1960 424 2199 475 vacuam,
2231 412 2298 467 ab
2323 415 2464 466 ontni
2499 413 2685 468 morbo
2715 414 2955 477 liberam,
2990 416 3125 473 bona
3150 436 3243 490 spe
3273 424 3540 492 refertam,

1959 501 2136 554 tnultis
2167 512 2408 557 ornatam
2441 504 2673 573 tropaeis.
2714 506 2865 559 Nulla
2911 518 2991 562 est
3033 509 3101 563 ibi
3138 512 3297 566 animi
3332 526 3544 583 pt‘rlltt'o

1959 595 2128 658 batio,
2176 613 2279 651 non
2318 599 2589 663 tristitia‘,
2634 616 2737 655 non
2780 601 2855 655 ira
2898 604 3119 659 :omnia
3152 609 3539 676 tranquillitas,

1956 696 2132 748 omnia
2160 711 2281 764 pax.
2312 694 2388 750 Ne
2417 696 2544 749 tnilti
2570 697 2838 751 silentium
2867 699 3226 754 ministrorum
3261 702 3310 756 in
3344 705 3541 759 mensis

1956 786 2175 840 divitum
2217 802 2510 852 memores,
2552 788 2646 842 sed
2686 790 2971 845 clatttorem
3011 793 3349 848 convivarum
3386 813 3398 848 :
3435 811 3538 849 non

1956 878 2099 931 illum
2130 892 2236 945 quo
2264 888 2446 930 mutno
2467 886 2705 944 utuntur,
2737 881 2857 934 licet
2878 892 2932 936 ct
2954 881 3039 936 ltic
3060 883 3312 939 ridiculus
3330 886 3420 949 sit,
3445 888 3539 940 sed

1957 968 2298 1033 interiorem,
2331 968 2418 1035 qui
2453 968 2502 1020 itt
2532 970 2746 1035 animo,
2787 974 2874 1040 qui
2918 989 3158 1041 magnam
3190 976 3341 1030 all'ert
3367 979 3537 1045 capti-

1955 1061 2201 1125 vitatem,
2243 1061 2620 1129 cogitationum
2660 1064 2973 1129 tumultum,
3008 1069 3320 1136 procellam,
3353 1071 3538 1140 caligi-

1954 1168 2097 1219 nem,
2133 1164 2519 1223 tempestatem,
2557 1155 2749 1224 quibus
2777 1158 2954 1211 omnia
2994 1160 3300 1215 minttuntttr
3330 1172 3383 1217 et
3415 1179 3535 1231 per-

1953 1247 2261 1311 miscentur,
2309 1255 2361 1300 et
2400 1256 2675 1301 nocturnae
2714 1263 2902 1318 pugnm
2940 1250 3126 1307 similis
3154 1261 3253 1307 est.
3295 1253 3398 1309 Sed
3430 1272 3534 1310 non

1954 1338 2073 1391 talia
2106 1339 2156 1392 itt
2191 1338 2546 1393 tabernaculis
2576 1338 2994 1406 monachorum;
3041 1342 3135 1398 sed
3178 1343 3341 1397 multa
3382 1353 3535 1399 tran-

1950 1431 2212 1500 quillitas,
2244 1432 2394 1501 quies
2426 1434 2610 1486 multa.
2645 1432 2709 1486 Et
2746 1433 2886 1487 illam
2922 1434 3134 1503 quidem
3166 1452 3404 1490 mensam
3445 1455 3537 1492 cx-

1950 1526 2078 1593 cipit
2096 1540 2315 1579 somnus
2340 1526 2495 1579 morti
2522 1526 2729 1589 similis,
2761 1526 2896 1581 Itane
2922 1543 3047 1581 vero
3068 1528 3364 1598 vigilantia;
3390 1530 3533 1584 illaut

1949 1618 2284 1689 supplicium,
2312 1618 2446 1673 hanc
2467 1634 2686 1687 regnum
2705 1618 2959 1673 caelorum
2983 1631 3036 1675 et
3057 1620 3374 1677 immortalia
3397 1639 3535 1693 pra--

1950 1710 2075 1763 mia.
2109 1709 2256 1763 Illam
2293 1708 2452 1778 igitur
2490 1712 2850 1777 insequamur,
2883 1720 2941 1764 ut
2969 1710 3225 1766 fructibus
3252 1713 3369 1780 ejus
3394 1713 3535 1766 frna-

1949 1817 2070 1855 mttr
2098 1820 2110 1854 :
2144 1816 2275 1871 quos
2299 1801 2500 1855 utinam
2532 1818 2718 1856 onmes
2747 1817 3153 1873 consequamur,
3178 1806 3343 1872 gratia
3371 1816 3426 1860 et
3451 1808 3531 1860 be-

1948 1894 2204 1962 nignitate
2246 1892 2454 1947 Domini
2498 1894 2662 1947 nostri
2708 1894 2833 1949 Jesu
2882 1894 3108 1959 Christi,
3152 1897 3237 1950 cui
3277 1897 3441 1966 gloria
3478 1902 3524 1951 et

1949 1986 2227 2055 imperium
2260 1984 2311 2037 in
2341 1984 2532 2039 sarcula
2560 1986 2895 2038 seculorum.
2926 1986 3114 2039 Amen.

2068 2155 2088 2188 ί
2114 2155 2244 2206 Tres
2277 2170 2394 2206 mss.
2425 2160 2607 2209 habent
2631 2159 2842 2219 morbus,
2869 2173 2975 2221 pro,
3000 2160 3218 2212 tristitia.

547 2267 3286 2292 ____________________________________________._______.___

1392 2334 1731 2395 HOMILIA
1765 2336 1999 2396 LXXI.
2043 2332 2129 2393 al.
2176 2330 2435 2391 LXXII.

250 2449 378 2503 Car.
420 2449 513 2503 Ἡ.
556 2466 606 2503 ν.
648 2453 738 2506 54.
791 2453 1039 2509 Phariswi
1070 2466 1237 2509 autem
1274 2457 1564 2523 audientes,
1593 2458 1727 2527 quod
1765 2459 1837 2511 si—

322 2542 537 2593 lentium
578 2543 897 2611 imposuisset
931 2546 1231 2601 Saddurteis
1252 2589 1266 2609 ,
1319 2550 1605 2617 congregati
1634 2558 1753 2603 sunt
1780 2550 1833 2603 in

317 2650 510 2700 unum,
535 2636 625 2691 55.
648 2647 695 2689 et
724 2638 1047 2709 interrogauit
1072 2656 1202 2692 unus
1229 2657 1290 2693 ea:
1329 2640 1456 2710 ipsis
1475 2641 1801 2710 jurisperitus
1822 2684 1837 2705 ,

319 2735 524 2781 teutans
550 2743 685 2794 eum,
717 2740 764 2782 et
810 2730 978 2784 dicens
1002 2747 1033 2783 :'
1050 2731 1310 2801 Magister,
1358 2733 1491 2801 quod
1515 2743 1587 2787 est
1613 2733 1841 2786 manda—

317 2829 428 2872 tum
456 2836 695 2889 maguum
729 2822 781 2875 in
804 2822 912 2891 lege
931 2823 959 2874 2'

324 2910 377 2961 I.
444 2909 648 2963 Rursus
694 2926 910 2964 causam
961 2913 1108 2981 pottit
1161 2913 1482 2983 evangelista
1509 2955 1522 2975 ,
1557 2930 1652 2967 cur
1681 2915 1840 2970 silere

248 3010 549 3067 oporteret,
579 3002 786 3055 illortun
817 3018 1028 3071 quoque
1057 3004 1329 3058 audaciam
1362 3006 1593 3060 indidem
1623 3006 1840 3077 signifi-

250 3101 357 3144 cat.
390 3092 513 3159 Quo
558 3094 752 3161 pacto?
778 3095 909 3161 Quia
935 3110 1055 3149 cum
1090 3096 1191 3150 illis
1216 3097 1482 3151 silentium
1534 3098 1837 3165 impositum

250 3183 462 3249 fuisset,
482 3184 533 3236 lti
562 3200 744 3239 rursus
764 3186 1159 3255 aggrediuntur.
1186 3187 1317 3241 Cum
1348 3189 1671 3256 oportuisset
1692 3190 1835 3243 enim

248 3276 373 3331 inde
392 3278 694 3346 quiescere,
713 3279 786 3332 illi
820 3294 1005 3333 rursus
1032 3290 1365 3344 concertant,
1390 3291 1443 3335 et
1474 3280 1836 3350 legispcritttm

248 3377 537 3439 opponunt
571 3387 582 3421 :
612 3387 715 3422 non
758 3370 896 3438 quod
940 3371 1148 3425 discere
1170 3413 1183 3434 ,
1217 3370 1313 3425 sed
1339 3371 1478 3441 qttod
1509 3380 1711 3427 tentare
1742 3387 1837 3424 (ιιι-

248 3470 481 3529 pcrent;
529 3468 582 3513 ct
634 3460 1006 3529 interrogant:
1036 3462 1187 3526 Quod
1240 3470 1324 3516 est
1373 3462 1676 3516 mandatum
1728 3463 1838 3531 pri-

246 3568 394 3605 mum
419 3552 445 3604 ’ἒ
476 3554 607 3619 Quia
645 3553 787 3607 enim
823 3555 1052 3623 primum
1086 3553 1210 3607 illttd
1239 3563 1352 3607 erat
1383 3552 1614 3625 :Diliges
1656 3553 1836 3607 Domi-

246 3658 371 3695 num
394 3641 565 3695 Deum
593 3653 753 3709 tuum,
782 3654 1058 3714 sperantes
1086 3645 1229 3699 illum
1254 3660 1439 3699 ansam
1473 3646 1834 3715 prmititttrum,

242 3733 571 3803 corrigendo
596 3735 800 3789 scilicet
842 3736 1035 3804 ipsum,
1090 3744 1149 3789 ut
1194 3751 1254 3790 se
1284 3751 1493 3806 quoque
1524 3737 1688 3791 Deum
1719 3752 1838 3791 esse

242 3826 584 3891 ostenderet,
617 3827 696 3882 sic
741 3827 1085 3898 interrogant.
1114 3828 1248 3895 Quid
1289 3845 1416 3899 ergo
1441 3828 1724 3884 Christus?
1768 3828 1839 3883 Ut

243 3916 524 3981 ostendat,
557 3933 657 3986 qua
689 3918 755 3971 de
781 3933 941 3973 causa
970 3920 1233 3982 venerint,
1263 3919 1402 3988 quod
1436 3920 1632 3974 nullam
1679 3918 1839 3974 ltabc-

240 4018 363 4060 rent
386 4007 691 4071 caritatem,
719 4009 860 4077 quod
893 4009 1086 4063 invidia
1120 4008 1469 4075 tabescerent,
1504 4009 1644 4079 qttod
1673 4010 1839 4066 livore

238 4108 598 4166 caperentur,
630 4098 705 4151 ait
738 4118 749 4151 :
776 4100 863 4153 57.
912 4098 1106 4169 Diliges
1132 4097 1405 4153 Dominum
1433 4099 1596 4154 Deum
1646 4109 1788 4152 luunt
1818 4114 1838 4151 :

236 4191 331 4246 ⁸58.
363 4192 466 4243 hoc
494 4192 711 4260 primum
739 4202 788 4245 et
820 4208 1058 4261 magnum
1083 4202 1155 4245 est
1181 4192 1495 4245 mandatum.
1523 4192 1611 4247 59.
1646 4192 1839 4246 Secun-

237 4283 365 4335 dum
395 4293 570 4335 autem
613 4284 780 4337 simile
805 4283 921 4337 huic
954 4299 973 4336 :
998 4282 1193 4354 Diliges
1223 4286 1504 4353 proximum
1532 4296 1672 4338 tuum
1712 4286 1839 4338 sicut

237 4375 487 4443 teipsttm.
512 4374 641 4438 Cur,
666 4373 847 4427 Simile
875 4374 1028 4428 huic?
1058 4375 1188 4441 Quia
1214 4375 1313 4429 hoc
1341 4375 1406 4429 ad
1435 4375 1559 4430 illttd
1592 4376 1726 4429 viatn
1750 4391 1840 4443 pa-

238 4474 341 4525 rat,
372 4474 435 4517 et
467 4462 535 4515 ab
564 4462 655 4515 illo
699 4477 885 4517 rursus
912 4466 1163 4517 munitur.
1196 4464 1325 4519 Nam
1370 4465 1681 4534 Quicumque
1707 4466 1839 4517 male

232 4554 366 4624 agit,
394 4553 505 4605 odit
532 4552 713 4617 lucem,
750 4562 794 4605 et
833 4568 931 4605 non
954 4554 1082 4607 venit
1108 4553 1176 4606 ad
1207 4554 1367 4608 lucent
1400 4554 1579 4623 (Joan.
1610 4556 1662 4608 5.
1703 4556 1833 4623 90);

232 4656 290 4698 et
320 4659 519 4698 rursus
550 4661 562 4697 :
596 4642 738 4697 Dixit
766 4644 1007 4714 insipiens
1032 4646 1082 4698 in
1106 4646 1257 4698 corde
1279 4662 1369 4698 suo
1391 4662 1407 4697 :
1441 4644 1557 4698 Non
1584 4656 1654 4697 est
1696 4643 1834 4699 Deus

233 4738 425 4807 (Psal.
456 4736 547 4791 δὲ.
580 4738 655 4805 I).
710 4736 775 4789 Et
801 4737 927 4805 quid
960 4737 1119 4791 inde?
1151 4738 1386 4805 (ἔοι-νειιηὶ
1414 4752 1528 4791 sunt
1557 4747 1601 4789 ct
1639 4738 1831 4790 abomi-

234 4830 440 4882 nabiles
472 4829 595 4897 [acti
635 4837 748 4879 sunt
778 4828 827 4879 iu
855 4828 1034 4881 studiis
1061 4830 1163 4882 suis
1203 4827 1372 4896 (l‘sal.
1400 4830 1484 4880 l5.
1514 4828 1595 4896 ‘2).
1632 4828 1694 4881 Et
1734 4830 1838 4882 ilc-

237 4936 363 4973 rutn
398 4938 413 4972 :
444 4917 620 4971 Radix
642 4935 869 4971 omnium
899 4918 1156 4971 malorum
1183 4916 1479 4973 estaaaritia
1506 4958 1519 4979 ,
1548 4935 1697 4986 quant
1721 4918 1834 4988 qui—

233 5016 362 5065 dam
421 5021 712 5077 appetentes
743 5021 1029 5062 errarernttt
1060 5025 1090 5061 α
1117 5008 1217 5075 [ide
1245 5009 1319 5078 (I.
1348 5008 1479 5061 Tim.
1505 5009 1557 5063 6.
1592 5008 1677 5075 IO)
1711 5027 1723 5073 ;
1760 5020 1832 5073 cl,

235 5104 341 5169 Qui
372 5102 541 5171 diligit
572 5119 669 5163 nte,
696 5101 932 5153 mandata
964 5118 1070 5153 mea
1095 5100 1305 5152 servabit
1332 5098 1521 5169 (Joan.
1573 5100 1659 5154 Η.
1710 5102 1829 5167 l5).

231 5200 487 5261 Qttortnn
515 5195 752 5245 omnium
795 5202 949 5259 caput
980 5201 1062 5245 est
1091 5209 1102 5243 :
1136 5192 1324 5261 Diliges
1352 5190 1626 5246 Dominum
1674 5191 1833 5245 Dcunt

233 5296 417 5343 tuum,
448 5294 492 5337 et
544 5285 831 5352 proximum
865 5293 1005 5334 luunt
1034 5282 1161 5335 sicut
1216 5284 1447 5351 teipsunt.
1480 5282 1534 5336 Si
1565 5298 1690 5349 ergo
1716 5281 1833 5335 dili-

235 5393 374 5447 pcre
402 5375 587 5438 licunt,
616 5373 836 5444 diligere
869 5373 1167 5443 proxittntm
1195 5385 1276 5426 est
1320 5374 1463 5443 (nam
1492 5374 1595 5427 ait:
1632 5374 1834 5428 δὶάίίί-

232 5471 315 5538 gis
344 5486 449 5531 nte,
480 5466 646 5529 l’etre,
674 5484 821 5535 pasce
842 5483 953 5519 ores
975 5483 1109 5520 meas
1129 5465 1303 5538 [Ιοηη.
1332 5468 1421 5522 Ἡ.
1450 5464 1585 5541 16]),
1612 5467 1833 5539 diligere

231 5571 430 5619 autem
454 5559 747 5627 proximum
781 5557 899 5609 facit
925 5566 979 5609 ttt
1006 5557 1247 5611 mandata
1276 5559 1695 5628 custodias,jure
1720 5560 1788 5612 ait
1816 5576 1828 5611 :

230 5652 329 5703 Ali.
359 5647 433 5702 In
458 5651 531 5703 his
556 5658 657 5701 tota
684 5649 764 5701 lea:
789 5648 966 5715 pendet
988 5656 1033 5698 ct
1056 5648 1331 5721 prop/tene.
1360 5647 1483 5703 Ideo
1511 5649 1648 5719 quod
1676 5660 1831 5705 antea

238 5741 404 5800 terit,
471 5740 518 5793 id
572 5750 625 5793 et
670 5752 809 5791 nunc
840 5736 980 5789 facit.
1015 5737 1218 5791 Etenim
1262 5738 1332 5791 iii
1377 5740 1726 5813 interrogatus
1766 5739 1831 5796 de

582 5838 855 5897 Parnm.
907 5838 1020 5897 Gn.
1075 5837 1295 5897 Ll'lll.

1949 2445 2104 2499 tnodo
2126 2442 2561 2506 resurrectionis,
2585 2443 2758 2512 ipsam
2784 2442 3234 2497 resurrectionem
3262 2441 3516 2507 asseruit,

1948 2536 2097 2609 ιιι-ιω
2120 2536 2321 2589 docens
2347 2549 2509 2604 quam
2534 2533 2710 2588 fuerat
2740 2535 3105 2605 interrogatus
3131 2551 3143 2587 :
3168 2544 3217 2588 et
3245 2534 3329 2587 hic
3349 2533 3513 2587 etiam

1944 2640 2010 2691 de
2039 2636 2209 2706 primo
2240 2634 2615 2704 interrogatus,
2652 2633 2943 2688 secundum
2975 2634 3184 2696 recitat,
3223 2635 3393 2703 primo
3420 2650 3523 2687 non

1944 2726 2165 2781 mttltunt
2214 2725 2429 2779 inferius
2481 2723 2791 2794 (secundum
2836 2723 2979 2777 enim
3023 2733 3127 2788 est,
3156 2734 3212 2778 et
3240 2725 3408 2793 primo
3456 2726 3527 2777 si-

1945 2818 2122 2886 mile),
2150 2815 2497 2871 subindicans
2524 2815 2674 2884 ipsis,
2704 2813 2845 2868 unde
2874 2815 3222 2884 interregatio
3249 2814 3381 2868 facta
3412 2816 3477 2868 sit
3508 2857 3522 2880 ,

1946 2923 2141 2978 nempe
2183 2924 2247 2962 ex
2294 2907 2595 2961 inimicitia.
2653 2905 2854 2959 Caritas
2905 2908 3047 2960 enim
3107 2924 3210 2960 non
3257 2908 3526 2961 a'tnnlutur

1949 3001 2025 3070 (I.
2058 2998 2175 3053 Cor.
2205 2999 2293 3052 13.
2326 2998 2404 3063 4).
2434 2997 2567 3051 llittc
2606 3010 2664 3050 se
2694 2997 2926 3050 ostendit
2951 3007 3005 3051 et
3032 2998 3132 3065 legi
3163 3008 3215 3051 et
3250 2998 3524 3067 prophetis

1942 3090 2183 3160 obsequi.
2214 3088 2321 3144 Sed
2347 3103 2443 3142 cur
2470 3086 2746 3142 Mallharus
2775 3088 2868 3151 ait,
2902 3087 3070 3155 ipsum
3103 3088 3337 3142 tentandi
3365 3104 3523 3143 causa

1945 3181 2321 3249 interrogasse,
2337 3178 2541 3231 Marcus
2554 3192 2679 3231 vero
2695 3186 2875 3229 contra
2894 3178 2917 3229 ?
2947 3176 3148 3238 l’idens,
3171 3178 3356 3246 inquit,
3374 3177 3525 3232 Δανα

1943 3274 2062 3342 quia
2087 3272 2339 3335 sapienter
2366 3268 2723 3338 respondisset,
2755 3268 2874 3319 dicit
2913 3266 2991 3320 illi
3014 3308 3028 3331 ,
3064 3266 3181 3321 Non
3208 3269 3356 3337 longe
3399 3285 3449 3321 es
3492 3287 3523 3319 tt

1943 3381 2096 3436 regno
2115 3363 2207 3417 l)ei
2220 3361 2409 3433 (Μαι-ε.
2430 3360 2515 3414 12.
2535 3358 2645 3431 54).
2665 3358 2847 3428 Neque
2869 3369 3043 3413 tamen
3072 3360 3408 3421 dissentiunt.
3429 3361 3520 3415 sed

1943 3459 2225 3513 admodum
2257 3471 2492 3512 consona
2519 3454 3099 3525 dicunt.lnterrogavit
3125 3456 3267 3508 enim
3315 3465 3524 3509 tentaus

1943 3566 1972 3602 a
2004 3550 2293 3619 principio;
2321 3563 2349 3600 a
2378 3546 2728 3616 responsione
2777 3556 2951 3599 autem
2980 3545 3173 3615 aliquid
3215 3556 3399 3599 nactus
3424 3548 3523 3599 uti-

1944 3641 2126 3703 litatis,
2154 3638 2397 3692 laudatus
2415 3649 2517 3691 est.
2538 3637 2720 3705 Neque
2738 3637 2879 3689 enim
2914 3636 3064 3690 initio
3084 3636 3255 3704 ipsum
3272 3637 3519 3691 Christus

1944 3730 2177 3784 laudavit
2208 3745 2219 3779 :
2249 3727 2343 3781 sed
2382 3726 2596 3796 quando
2645 3725 2775 3779 dixit
2804 3741 2985 3779 amare
3015 3728 3317 3795 proximum
3352 3727 3524 3795 majus

1942 3835 2063 3876 esse
2087 3834 2244 3889 quam
2277 3816 2580 3872 holocausta
2612 3815 2826 3880 oll‘errc,
2863 3826 2986 3869 tunc
3015 3816 3147 3869 dixit
3174 3835 3185 3867 :
3219 3815 3337 3869 Non
3377 3818 3523 3887 longe

1943 3930 1995 3967 es
2019 3929 2051 3965 a
2076 3928 2228 3982 regno
2259 3909 2391 3963 Dei:
2419 3909 2638 3964 humilia
2665 3910 2808 3963 enim
2839 3921 2893 3961 ct
2922 3907 3123 3977 abjecla
3165 3908 3468 3978 despiciens
3497 3952 3510 3972 ,

1943 4004 2257 4075 principium
2288 4003 2497 4056 virtutis
2542 4002 2771 4071 attingit.
2805 4001 3016 4056 Etenim
3072 4001 3159 4054 illa
3190 3999 3367 4055 omnia
3395 4015 3519 4070 pro-

1944 4107 2062 4168 pter
2089 4096 2189 4150 ltoc
2216 4105 2388 4158 erant,
2412 4092 2630 4147 sabbata
2660 4106 2851 4160 nempe
2876 4100 2931 4145 et
2959 4091 3182 4161 reliqua.
3213 4090 3404 4145 Verum
3432 4107 3521 4144 ne-

1942 4204 2045 4259 que
2071 4186 2150 4242 sic
2176 4186 2251 4241 illi
2280 4184 2569 4254 perfectam
2597 4183 2805 4237 laudent
2835 4180 3019 4235 tribuit
3044 4223 3057 4244 ,
3086 4181 3179 4237 sed
3206 4181 3291 4236 cui
3320 4180 3519 4251 aliquid

1942 4281 2099 4335 desit.
2127 4278 2259 4333 Nam
2282 4293 2403 4333 cum
2429 4276 2645 4342 dicitur,
2678 4274 2799 4328 Non
2831 4277 2980 4344 longe
3004 4290 3078 4339 es,
3103 4274 3407 4329 declaratur
3422 4274 3521 4327 ali-

1941 4374 2067 4444 quid
2096 4373 2270 4428 adhuc
2322 4373 2593 4428 interstitii
2644 4385 2781 4434 esse,
2816 4370 3038 4440 utquod
3092 4371 3270 4424 deficit
3296 4381 3518 4440 quaerat.

1941 4466 2093 4533 Quod
2117 4468 2159 4520 si
2195 4467 2338 4519 illum
2368 4465 2548 4519 laudet
2580 4462 2719 4531 quod
2746 4462 2959 4525 dixerit,
2997 4461 3138 4515 Unus
3166 4473 3237 4516 est
3269 4460 3437 4525 Deus,
3469 4476 3517 4515 et

1942 4567 2122 4627 prer
2151 4574 2261 4611 eunt
2302 4572 2400 4608 non
2449 4565 2522 4607 est
2569 4554 2698 4606 alius
2725 4554 2742 4620 (
2768 4550 2791 4603 l
2800 4552 2901 4604 bid.
2929 4567 2976 4603 υ.
3007 4550 3075 4604 52
3100 4553 3139 4619 ),
3160 4568 3227 4605 tte
3256 4551 3464 4605 mireris
3493 4568 3509 4615 ;

1940 4650 2033 4706 sed
2060 4649 2217 4704 etiam
2250 4648 2371 4703 inde
2399 4646 2568 4711 disce,
2600 4646 2869 4716 quomodo
2894 4643 3185 4699 secundum
3213 4645 3519 4713 opinionem

1939 4740 2299 4797 accedentium
2332 4737 2671 4809 resttondeat.
2707 4736 2814 4791 Etsi
2849 4737 2993 4789 enim
3020 4735 3181 4790 millia
3213 4735 3278 4789 de
3305 4734 3518 4789 Christo

1936 4831 2120 4887 dicant
2143 4832 2310 4902 gloria
2342 4831 2483 4885 illius
2514 4829 2751 4900 indigna,
2791 4828 2839 4882 id
2869 4838 3044 4883 tamen
3072 4829 3251 4883 dicere
3276 4844 3380 4883 non
3417 4844 3514 4881 au-

1939 4922 2177 4985 debunt,
2228 4921 2399 4989 ipsum
2442 4920 2662 4975 omnino
2713 4935 2817 4973 non
2872 4933 2991 4974 csse
3038 4918 3223 4971 Deum.
3254 4918 3361 4973 Cur
3388 4933 3516 4987 ergo

1941 5016 2113 5080 ipsum
2164 5013 2343 5067 laudat
2386 5013 2529 5082 quod
2562 5014 2703 5067 dicat
2735 5021 2931 5083 przeter
2982 5011 3191 5065 Patrem
3241 5027 3344 5064 nou
3398 5026 3518 5065 esse

1937 5108 2097 5160 alium
2126 5106 2336 5161 Deum?
2370 5106 2481 5159 Non
2510 5106 2650 5175 quod
2676 5108 2909 5173 seipsum
2953 5119 3056 5157 non
3090 5119 3208 5157 esse
3238 5103 3404 5157 Deum
3438 5105 3516 5155 l'a-

1939 5210 2111 5252 teatur
2136 5215 2147 5251 :
2174 5198 2340 5262 absit;
2369 5196 2458 5252 sed
2488 5201 2608 5267 quia
2644 5197 2880 5251 nondum
2937 5206 3148 5265 tempus
3192 5203 3308 5251 erat
3349 5209 3500 5250 rere-

1939 5289 2082 5345 landi
2138 5289 2468 5344 divinitatem
2500 5304 2648 5343 suam
2671 5332 2685 5351 ,
2715 5290 2841 5343 sinit
2881 5302 3001 5343 eum
3035 5287 3087 5341 itt
3117 5302 3216 5341 suo
3265 5286 3519 5357 dogmate

1939 5381 2243 5450 persistere,
2286 5389 2339 5433 et
2370 5379 2550 5433 laudat
2572 5396 2691 5433 cum
2732 5378 2870 5448 qttod
2900 5390 3078 5435 vetera
3118 5378 3284 5447 probe
3311 5392 3508 5447 cogno-

1935 5482 2070 5535 scat,
2101 5481 2156 5525 ut
2188 5472 2336 5525 illum
2364 5470 2549 5525 reddat
2588 5470 2834 5524 idoneum
2865 5471 2927 5526 ad
2961 5487 3113 5525 nova:
3141 5467 3275 5540 legis
3319 5466 3516 5523 doctri-

1938 5576 2058 5616 nam
2088 5559 2477 5629 suscipiendam
2506 5600 2519 5622 ,
2548 5574 2645 5614 suo
2694 5568 2930 5629 tempore
2959 5559 3331 5617 inducendam.
3365 5557 3514 5613 Alio-

1935 5650 2063 5720 quin
2089 5666 2217 5706 vero
2246 5650 2375 5705 illud
2406 5691 2420 5713 ,
2456 5649 2600 5705 Unus
2630 5658 2701 5704 est
2750 5650 2920 5718 Deus,
2951 5663 2995 5705 et
3030 5663 3211 5722 prater
3242 5668 3357 5707 eunt
3410 5666 3511 5706 non

1944 5758 2016 5797 est
2042 5741 2198 5805 alius,
2230 5749 2281 5795 ct
2306 5741 2357 5793 in
2392 5740 2603 5807 Veteri,
2635 5750 2685 5795 ct
2717 5741 2933 5812 ubique,
2982 5756 3087 5797 non
3113 5743 3180 5795 ad
3208 5740 3509 5813 negandum

3138 5841 3208 5901 13
