4104 6218
441 289 549 346 ὓϐὖ

445 403 640 460 Filium
671 399 887 460 dicitur,
916 395 1007 451 sed
1033 396 1097 450 ad
1129 393 1493 450 exclusioncm
1516 389 1800 444 idolorum.
1849 383 2030 451 Itaque

443 511 564 549 cum
596 493 741 546 illum
770 490 840 544 ita
863 489 1170 558 loquentem
1200 485 1396 546 laudat,
1433 481 1534 534 hoc
1561 488 1705 533 certe
1735 489 1896 530 sensu
1922 474 2036 526 lan-

445 589 556 642 dat.
583 584 787 641 Deinde
815 593 1093 651 postquam
1113 576 1410 648 respondit,
1434 575 1780 642 ipscqnoque
1808 568 2038 620 interro-

450 690 576 748 gat:
610 677 699 732 42,
727 676 867 741 Quid
899 673 1033 727 vobis
1080 673 1272 724 videtur
1318 669 1381 720 de
1419 663 1661 720 Christo?
1717 661 1860 730 cujus
1901 657 2038 726 ﬁlius

450 769 564 822 est?
587 767 768 820 Dicunt
786 765 851 828 ei,
877 763 1057 816 David.
1083 761 1210 814 Vide
1229 767 1348 826 post
1373 769 1502 827 quot
1520 752 1773 808 miracula
1793 759 1840 803 el
1866 750 2036 817 signa,

455 873 577 933 post
603 871 731 932 quot
755 856 1224 927 interrogationes,
1254 862 1375 923 post
1401 859 1530 919 quot
1558 851 1872 914 argumenta
1902 856 2032 895 con-

452 957 650 1014 cordia:
683 969 794 1008 suat
814 969 934 1007 cum
969 952 1146 1012 Patre,
1189 959 1298 1000 tum
1329 944 1528 1008 verbis,
1562 951 1672 994 tmn
1715 938 1864 992 Iactis
1891 935 2042 990 exhi-

457 1051 568 1106 bita
590 1090 605 1114 ,
655 1059 710 1102 et
758 1055 1042 1117 postquam
1076 1038 1307 1094 laudavit
1337 1037 1496 1090 istum
1525 1033 1612 1103 qui
1643 1032 1849 1085 dixerat
1880 1042 2041 1081 unum

453 1155 577 1194 esse
603 1138 791 1200 Deum,
826 1145 952 1188 tunc
980 1133 1293 1198 interroget,
1317 1141 1381 1180 ne
1400 1125 1577 1178 dicere
1605 1130 1837 1190 possent,
1872 1119 2042 1186 ipsum

463 1231 722 1286 miracula
755 1226 969 1296 quidem
995 1223 1205 1282 fecisse,
1231 1219 1322 1272 sed
1356 1217 1456 1285 legi
1493 1213 1820 1268 contrarium
1851 1222 1904 1265 et
1937 1210 2046 1264 Deo

461 1325 737 1378 inimicum
764 1321 946 1375 fuisse.
981 1318 1102 1372 Ideo
1127 1324 1245 1384 post
1275 1316 1390 1368 ha-c
1418 1320 1559 1365 tanta
1595 1309 1909 1374 interrogat,
1940 1318 2050 1356 oc—

466 1418 608 1470 culte
635 1415 756 1468 illos
788 1412 1046 1466 inducens
1079 1417 1135 1462 ut
1187 1423 1245 1461 se
1276 1407 1662 1460 contiterentnr
1687 1414 1821 1475 esse.
1858 1397 2043 1450 Deum.

461 1506 534 1561 Et
574 1504 865 1575 discipulos
909 1503 1138 1571 primum
1179 1498 1304 1569 quid
1355 1497 1442 1550 alii
1486 1495 1553 1548 de
1591 1509 1672 1557 se,
1703 1489 1894 1545 deinde
1923 1487 2050 1557 quid

463 1597 565 1666 ipsi
594 1596 853 1658 dicerent,
884 1591 1270 1660 interrogavit;
1301 1588 1402 1641 bos
1427 1594 1604 1639 autem
1637 1598 1740 1636 non
1773 1581 1882 1642 sic;
1909 1578 2046 1631 alio-

463 1691 592 1760 quin
619 1690 876 1742 dixissent
907 1687 1050 1739 illurn
1101 1682 1439 1738 st'ductorem
1469 1693 1587 1732 esse
1617 1683 1672 1731 et
1701 1673 1998 1742 improbum
2031 1712 2048 1736 ,

463 1784 584 1851 quia
616 1780 872 1835 audacter
902 1777 1084 1832 omnia
1110 1776 1378 1831 dicebant.
1418 1772 1648 1841 Ideoque
1671 1770 1906 1839 ipsorum
1924 1779 2051 1819 sen-

467 1871 687 1927 tentiam
721 1871 962 1940 inquirit.

537 1963 592 2018 ‘2.
623 1961 848 2016 Christus
893 1958 1203 2012 divinitatem
1240 1973 1384 2010 suam
1435 1954 1630 2024 probat.
1659 1981 1729 1993 -—
1751 1950 1880 2018 Quia
1912 1948 2054 2003 enim

467 2053 535 2107 ad
563 2052 863 2122 passionem
898 2049 1006 2118 jam
1048 2049 1219 2102 iturus
1250 2054 1386 2111 erat,
1437 2045 1580 2098 illam
1643 2041 1796 2096 all'ert
1828 2039 2055 2109 prOphe-

470 2147 597 2199 tiam
626 2186 640 2207 ,
693 2160 813 2213 quae
868 2143 1040 2211 ipsum
1072 2149 1256 2208 aperte
1299 2136 1580 2192 Dominum
1623 2133 1913 2203 praedicat;
1947 2143 2052 2183 non

471 2239 590 2293 sine
619 2252 778 2292 causa
808 2277 821 2300 ,
872 2249 1043 2304 neque
1073 2234 1338 2302 praecipue
1364 2229 1429 2282 ad
1459 2227 1508 2281 id
1541 2243 1598 2281 se
1625 2227 1925 2286 conferens,
1957 2219 2053 2276 sed

473 2346 540 2383 ex
576 2343 733 2382 causa
767 2327 958 2380 rationi
990 2333 1372 2378 consentanea.
1410 2319 1540 2373 Cum
1571 2318 1711 2370 enim
1747 2315 1867 2367 illos
1915 2312 2059 2381 prior

475 2423 896 2489 interrogasset,
948 2417 1076 2486 quia
1129 2430 1252 2469 vera
1292 2412 1358 2466 de
1403 2426 1460 2464 se
1514 2425 1618 2463 non
1677 2407 2060 2475 responderant

482 2515 627 2580 (nam
671 2527 858 2582 purum
887 2507 1164 2562 hominem
1207 2506 1378 2574 ipsum
1409 2518 1526 2557 esse
1553 2495 1843 2564 dixerant),
1877 2495 2059 2549 falsam

475 2606 688 2660 illorum
714 2603 1022 2673 opinionem
1052 2607 1316 2660 evertens,
1348 2597 1426 2651 sic
1467 2592 1716 2647 Davidem
1752 2588 1950 2642 inducit
1974 2586 2062 2640 di-

473 2697 750 2750 vinitatem
795 2710 948 2747 suam
980 2691 1377 2760 prazdieantem.
1436 2685 1512 2738 Illi
1534 2697 1772 2752 namque
1799 2678 2063 2749 putabant

476 2789 649 2856 ipsum
677 2800 796 2839 esse
826 2799 1012 2853 purum
1043 2781 1312 2834 hominem
1337 2819 1350 2840 ,
1382 2777 1609 2844 ideoque
1635 2775 1906 2835 dixerunt,
1953 2769 2063 2822 Da-

478 2879 564 2931 vid
593 2894 611 2930 :
635 2876 750 2944 ipse
777 2891 904 2928 vero
949 2873 1050 2926 hoc
1078 2869 1370 2925 emendatis
1397 2866 1612 2920 adducit
1637 2864 1972 2933 prophetam,
2011 2870 2066 2914 et

479 2967 760 3021 Dominum
791 2965 986 3034 ipsum,
1022 2971 1076 3014 et
1113 2974 1424 3031 germantnn
1460 2956 1645 3016 ﬁlium,
1679 2964 1732 3008 et
1762 2953 1906 3021 paris
1933 2967 2058 3004 cum

477 3058 636 3112 Patre
672 3055 892 3108 honoris
923 3070 1042 3107 esse
1075 3051 1472 3105 testilicantem.
1520 3046 1701 3116 Neque
1737 3045 1824 3099 hic
1872 3043 2065 3097 substi-

479 3149 580 3210 tit;
626 3149 718 3201 sed
752 3157 809 3200 ut
836 3146 956 3200 illos
993 3151 1241 3208 terreret,
1276 3140 1416 3208 quod
1469 3139 1709 3208 sequitur
1732 3137 1946 3206 adjecit,
1980 3135 2063 3188 di-

479 3253 609 3294 (ρης
641 3257 652 3290 :
686 3236 860 3290 Donec
904 3252 1088 3304 ponam
1143 3233 1373 3286 inimicos
1416 3242 1527 3284 tuos
1565 3228 1837 3283 scabellum
1883 3227 2067 3297 pedum

481 3341 717 3392 tuorum;
763 3329 922 3382 utsic
968 3327 1086 3380 illos
1115 3326 1177 3378 ad
1209 3341 1388 3377 veram
1434 3321 1792 3390 cognitionem
1845 3318 2067 3372 induce-

483 3431 588 3477 ret.
621 3421 695 3475 Ne
723 3435 850 3474 vero
873 3418 1118 3471 dicerent
1141 3457 1154 3477 ,
1188 3417 1359 3484 ipsum
1387 3413 1650 3467 adulando
1681 3412 1793 3464 haec
1836 3410 2064 3472 dixisse.

481 3525 534 3568 et
566 3515 702 3570 hanc
731 3513 1052 3567 sententiam
1087 3511 1370 3562 humanam
1417 3522 1536 3560 esse
1556 3546 1571 3570 ,
1604 3503 1724 3558 vide
1745 3503 1870 3572 quid
1899 3502 2061 3555 dicat.

483 3609 575 3661 43.
614 3604 879 3672 Quomodo
911 3619 1028 3672 ergo
1056 3600 1226 3653 David
1267 3600 1318 3652 in
1370 3598 1551 3667 spiritu
1583 3603 1725 3648 vocat
1751 3609 1862 3647 eum
1895 3591 2070 3644 Domi-

485 3714 631 3760 num,
660 3697 830 3750 dicens
854 3710 869 3748 :
895 3695 988 3748 44.
1014 3692 1157 3746 Dixit
1187 3689 1439 3743 Dominus
1477 3687 1697 3740 Domino
1725 3701 1855 3746 meo,
1880 3684 2015 3738 Sede
2039 3700 2070 3736 a

455 3789 676 3844 ’δέξειν-ετ
704 3787 848 3850 meis,
879 3785 1036 3838 donec
1067 3799 1252 3850 ponam
1293 3781 1522 3834 inimicos
1550 3788 1661 3832 tuos
1685 3775 1955 3830 scabellqu
1983 3791 2071 3843 pe-

476 3886 607 3935 dum
638 3890 841 3934 tuorum
865 3877 1037 3947 (Psal.
1073 3875 1196 3929 409.
1229 3875 1283 3941 1)
1307 3875 1328 3926 ?
1356 3872 1446 3927 45.
1477 3872 1538 3925 Si
1563 3887 1683 3940 ergo
1716 3869 1880 3921 David
1927 3874 2071 3919 vocat

484 3987 599 4024 eum
627 3969 939 4031 Dominum,
971 3966 1220 4032 quomodo
1247 3963 1388 4028 ﬁlius
1436 3963 1548 4032 ejus
1600 3960 1716 4013 est?
1748 3959 1880 4012 Vide
1910 3973 2069 4024 quam

491 4061 770 4118 moderate
797 4060 1114 4113 sententiam
1144 4067 1196 4110 et
1241 4056 1546 4123 Opinionem
1576 4051 1644 4106 de
1684 4066 1742 4104 se
1772 4049 2068 4103 habendam

489 4154 727 4208 inducat.
759 4151 942 4206 Primo
973 4151 1124 4210 dixit,
1159 4148 1296 4214 Quid
1325 4147 1460 4199 vobis
1491 4144 1733 4197 videtur?
1769 4144 1913 4209 cuius
1930 4143 2067 4210 [ilius

493 4244 695 4298 est?ut
742 4258 837 4312 per
873 4241 1354 4309 interrogationem
1404 4236 1471 4290 ad
1515 4235 1919 4306 responsionem
1950 4234 2068 4288 illos
2115 4261 2119 4264 -

494 4335 742 4388 adducat.
773 4332 974 4387 Deinde
1001 4332 1121 4401 quia
1147 4329 1416 4394 dixerant,
1451 4325 1636 4388 David,
1669 4325 1782 4380 haec
1818 4325 2069 4394 loquitur,

489 4426 585 4481 sed
602 4441 785 4481 rursus
814 4423 1186 4492 interrogando
1215 4439 1227 4473 :
1247 4420 1510 4488 Quomodo
1529 4435 1645 4490 ergo
1665 4419 1831 4472 David
1848 4419 1898 4470 in
1915 4418 2071 4486 spiri-

491 4533 545 4572 tu
576 4529 716 4573 vocat
761 4535 872 4573 eum
898 4516 1221 4571 Dominum?
1251 4529 1316 4568 ne
1333 4513 1536 4568 scilicet
1574 4512 1656 4566 his
1703 4511 1881 4566 verbis
1900 4511 2070 4564 olli-n-

489 4610 704 4664 dantnr.
736 4609 858 4663 Ideo
879 4623 982 4661 non
1000 4607 1153 4672 dixit,
1176 4607 1299 4674 quid
1329 4604 1484 4659 vobis
1503 4603 1710 4657 videtur
1725 4603 1922 4667 dc-me;
1953 4603 2069 4668 sed,

490 4701 568 4756 De
595 4699 813 4756 Christo.
836 4699 1034 4753 Idcirco
1056 4698 1275 4767 apostoli
1305 4697 1526 4750 remisse
1557 4694 1624 4749 de
1655 4695 1948 4765 patriarcha
1970 4694 2072 4748 Da-

490 4795 611 4849 vide
637 4794 990 4864 loquebantur
1014 4792 1254 4846 dicentes
1280 4807 1294 4843 :
1328 4789 1498 4843 Liceat
1526 4789 1677 4843 libere
1699 4791 1864 4843 dicere
1887 4791 1947 4855 de
1977 4806 2073 4858 pa-

491 4887 712 4940 triarcha
733 4885 920 4951 David,
941 4886 1058 4956 quia
1076 4894 1300 4937 mortuus
1318 4894 1365 4936 et
1392 4882 1616 4952 sepultus
1632 4893 1702 4936 est
1725 4882 1858 4952 (Act.
1884 4881 1936 4934 Ξ.
1956 4881 2070 4950 29).

491 4979 748 5034 Similiter
785 4988 840 5033 et
883 4979 1016 5048 ipse.
1045 4977 1194 5047 quasi
1227 4976 1602 5044 interrogantis
1628 4985 1681 5029 et
1710 4975 2074 5029 ratiocinantis

496 5087 665 5132 more,
693 5070 884 5139 dogma
911 5069 1113 5122 inducit
1146 5068 1362 5123 dicens:
1391 5066 1653 5132 Quomodo
1681 5082 1798 5136 ergo
1837 5064 2002 5118 David
2023 5065 2075 5119 in

495 5166 677 5235 spiritu
720 5173 861 5216 vocat
910 5180 1022 5217 eum
1071 5160 1370 5225 Dominum,
1412 5160 1583 5214 dicens
1612 5175 1631 5214 :
1656 5157 1799 5213 Dixit
1826 5157 2074 5212 Dominus

491 5256 716 5312 Domino
741 5272 870 5322 meo,
898 5253 1033 5310 Sede
1059 5272 1090 5306 a
1113 5254 1302 5308 dextris
1328 5253 1470 5316 meis,
1507 5251 1664 5304 donec
1693 5267 1877 5321 ponam
1905 5249 2077 5303 inimi-

495 5364 580 5400 cos
612 5357 724 5402 tuos
744 5345 1015 5399 settbcllum
1047 5344 1230 5414 pedum
1261 5353 1461 5397 tuorum
1483 5343 1509 5396 Ρ
1536 5351 1588 5395 et
1611 5356 1842 5407 rursum,
1872 5338 1934 5395 Si
1957 5355 2075 5410 ergo

501 5438 665 5492 David
695 5446 836 5490 vocnt
866 5452 977 5489 cum
1008 5434 1303 5500 Dominum,
1342 5433 1592 5505 quomodo
1639 5433 1777 5500 ﬁlius
1823 5433 1930 5502 ejus
1951 5428 2076 5485 est?

491 5547 599 5583 non
629 5528 768 5600 qttod
799 5539 954 5598 neget
985 5543 1102 5583 esse
1130 5525 1293 5580 ﬁlium
1323 5525 1562 5590 Davidis;
1589 5524 1722 5579 absit
1750 5540 1765 5590 ;
1799 5538 1903 5578 non
1935 5524 2075 5578 enim

500 5619 711 5674 Petrum
742 5619 839 5674 hac
867 5619 932 5674 de
960 5633 1117 5674 causa
1144 5619 1502 5687 incrrpassct;
1530 5614 1624 5670 sed
1657 5615 1863 5669 illorum
1889 5629 2076 5671 emen-

497 5710 631 5764 dans
660 5711 986 5777 opinionem.
1021 5708 1200 5778 Itaque
1231 5706 1441 5777 quando
1469 5705 1614 5777 dicit,
1649 5705 1911 5774 Quomodo
1935 5704 2074 5777 ﬁlius

1225 278 1279 334 S.
1319 274 1594 332 JOANNIS
1631 263 2109 327 CIIRYSUS'I’OMI
2153 264 2471 322 AItCIIlEP.
2514 265 3047 322 CONSTANTINOP.

3609 259 3722 317 6'51

2143 382 2250 449 ejus
2276 383 2390 435 est?
2413 384 2512 436 hoc
2539 382 2638 436 sibi
2671 383 2781 436 vult
2815 400 2827 435 :
2858 381 2974 436 Non
3000 389 3058 434 ut
3078 394 3171 435 vos
3191 378 3387 434 dicitis.
3420 378 3496 434 Illi
3521 377 3724 448 quippe

2141 472 2388 526 dicebant
2411 512 2422 535 ,
2460 473 2629 540 ipsum
2657 487 2777 527 esse
2806 481 3008 526 tantum
3042 470 3258 524 Davidis
3279 471 3465 532 lilium,
3487 483 3594 522 non
3615 467 3728 522 Do-

2144 564 2366 616 mimnn.
2403 563 2529 617 Post
2556 565 2773 618 allatura
2813 564 3172 617 testimonium
3221 562 3444 616 remisse
3493 560 3674 630 adjicit
3708 576 3728 616 :

2146 655 2209 709 Si
2231 673 2348 725 ergo
2373 656 2541 710 David
2563 667 2702 710 vocat
2727 675 2838 711 euut
2856 657 3154 722 Dominum,
3177 660 3429 730 quomodo
3451 657 3590 724 [ilius
3612 673 3731 726 εγω

2146 748 2252 800 est?
2281 747 2528 804 Attamen
2575 749 2656 803 his
2685 750 2900 816 auditis,
2955 750 3082 804 nihil
3125 751 3550 821 responderunt:
3577 751 3732 804 nole.

2148 836 2276 890 bant
2324 838 2466 892 enim
2510 839 2779 909 quidpiam
2819 852 3237 896 consentaneum
3289 841 3549 897 ediscere.
3580 842 3730 909 Qua-

2149 937 2366 996 prOpter
2397 930 2510 999 ipse
2557 932 2830 1002 subjungit
2855 933 3056 995 dicens,
3107 934 3388 986 Dominum
3416 933 3532 1001 ejus
3583 948 3728 987 esse.

2151 1020 2262 1074 Iino
2293 1037 2466 1092 neque
2493 1022 2594 1078 hoc
2624 1024 2868 1079 absolute
2892 1026 3044 1090 dixit,
3083 1025 3176 1078 sed
3205 1026 3517 1093 praphetam
3544 1038 3734 1078 secum

2150 1129 2432 1170 assumens
2455 1158 2471 1181 ,
2501 1131 2566 1170 eo
2619 1116 2758 1186 quod
2801 1116 2898 1186 ipsi
2931 1117 3088 1170 [idem
3121 1117 3318 1170 nullam
3367 1114 3624 1168 haberent
3675 1123 3735 1167 et

2151 1206 2289 1259 male
2314 1206 2450 1275 apud
2480 1207 2597 1260 illos
2622 1208 2849 1260 audiret.
2880 1206 3030 1272 Quod
3062 1207 3356 1275 praesertim
3385 1215 3682 1274 spectantes
3717 1244 3734 1268 ,

2153 1299 2362 1352 etiamsi
2403 1297 2527 1367 quid
2562 1299 2759 1352 humile
2789 1299 3193 1352 vel-demissuri:
3227 1297 3294 1352 de
3320 1312 3380 1351 se
3429 1297 3592 1358 dicat,
3626 1311 3735 1349 non

2155 1388 2349 1442 oIIendi
2402 1398 2616 1457 Oportet
2654 1407 2665 1441 :
2716 1389 2830 1442 haec
2860 1387 3026 1443 'enim
3073 1403 3232 1443 causa
3279 1398 3337 1442 et
3385 1389 3504 1441 alia:
3554 1387 3739 1440 multa:

2157 1490 2330 1546 erant,
2360 1497 2454 1536 cur
2481 1481 2691 1535 illorum
2740 1483 2918 1550 eaptui
2947 1495 3226 1537 sermones
3255 1495 3383 1535 suos
3413 1489 3741 1547 attempera-

2161 1586 2266 1630 rct.
2304 1575 2426 1629 Ideo
2458 1591 2598 1629 nunc
2629 1591 2724 1644 per
2750 1576 3214 1643 interrogationem
3253 1583 3306 1628 et
3331 1572 3739 1642 responsionem

2157 1667 2406 1736 dogmata
2437 1667 2630 1730 tradit;
2662 1667 2739 1721 sic
2763 1683 2889 1721 vero
2912 1666 3207 1721 subindicat
3227 1665 3536 1736 dignitatem
3559 1679 3735 1720 suam.

2159 1757 2278 1813 Non
2310 1760 2452 1813 enim
2486 1775 2580 1828 par
2623 1770 2739 1814 erat
2779 1760 2962 1813 audire
2995 1759 3301 1814 Judmorum
3333 1759 3635 1822 Dominum,
3684 1767 3742 1812 et

2161 1849 2395 1904 Davidis.
2423 1850 2502 1904 Tu
2537 1867 2662 1905 vero
2688 1851 2818 1905 mihi
2846 1851 3297 1920 opportunitatem
3329 1850 3486 1903 etiam
3517 1864 3743 1918 perpen-

2161 1942 2247 1996 de.
2282 1943 2415 1997 Cum
2443 1943 2584 1997 enim
2614 1944 2765 2005 dicit,
2794 1943 2940 1998 Unus
2970 1953 3053 1997 est
3083 1942 3360 2007 Dominus,
3403 1951 3528 1996 tunc
3580 1950 3637 1995 et
3674 1942 3747 1995 de

2163 2035 2342 2104 seipso
2373 2036 2623 2105 loquitur,
2657 2038 2779 2106 quia
2805 2036 3059 2090 Dominus
3086 2046 3188 2098 est,
3221 2035 3380 2104 idque
3406 2051 3470 2088 ex
3502 2034 3744 2103 prephca-

2164 2129 2254 2189 tia,
2285 2143 2456 2197 neque
2475 2137 2674 2181 tantum
2699 2144 2763 2182 ex
2789 2129 3059 2197 operibus.
3087 2127 3436 2196 Ostenditque
3453 2126 3662 2181 Patrem
3686 2141 3749 2182 se

2163 2220 2232 2274 dc
2265 2221 2366 2274 illis
2391 2219 2777 2273 vindicaturum
2809 2234 2948 2281 esse,
2981 2220 3200 2274 dicens:
3230 2217 3401 2272 Donec
3430 2234 3612 2287 ponam
3639 2217 3747 2270 ini-

2165 2313 2319 2364 micos
2368 2322 2479 2364 tuos
2523 2311 2794 2365 scabellum
2847 2312 3028 2381 pedum
3056 2323 3297 2376 tuorum;
3343 2311 3559 2364 multam
3616 2310 3744 2364 inde

2168 2414 2474 2459 monstrans
2524 2418 2644 2457 cum
2693 2403 2852 2458 Patre
2881 2403 3220 2457 concordiam
3250 2401 3744 2472 paremque-limio-

2168 2513 2317 2550 rem:
2350 2497 2538 2565 hisque
2579 2495 2758 2550 verbis
2799 2493 2960 2549 linem
3001 2494 3298 2549 disserendi
3331 2495 3476 2557 fecit,
3507 2493 3647 2562 quod
3684 2503 3743 2547 et

2169 2589 2396 2642 sublime
2424 2598 2476 2642 et
2507 2603 2756 2656 magnum
2784 2595 2934 2650 erat,
2981 2595 3301 2656 poteratque
3332 2585 3436 2639 illis
3479 2585 3750 2638 silentium

2171 2682 2462 2750 imponere.
2489 2680 2621 2734 Nam
2653 2690 2707 2733 et
2734 2679 2925 2733 exinde
2953 2688 3251 2742 tacuerunt,
3281 2693 3384 2730 non
3407 2686 3620 2745 Sponte,
3655 2676 3753 2729 sed

2170 2773 2311 2843 quod
2341 2773 2474 2826 nihil
2507 2772 2789 2826 dicendum
2819 2780 3127 2840 suppeteret
3158 2786 3172 2824 :
3201 2780 3256 2824 et
3285 2778 3390 2823 tam
3419 2783 3718 2838 gravem-ex
3737 2797 3754 2808 -

2171 2881 2363 2936 cepere
2396 2865 2624 2934 plagam.
2657 2877 2710 2917 ut
2737 2880 2804 2917 ne
2835 2865 2970 2918 ultra
2991 2863 3178 2916 eadem
3207 2861 3423 2930 aggredi
3455 2860 3751 2924 auderent;

2171 2960 2244 3010 ait
2265 2957 2408 3010 enim
2442 2973 2456 3012 :
2487 2957 2576 3009 46.
2607 2953 2799 3009 Nullus
2824 2971 2976 3008 ausus
3003 2964 3075 3007 est
3126 2954 3188 3006 ab
3215 2955 3304 3006 illa
3332 2953 3414 3005 die
3453 2953 3619 3022 ipsum
3670 2968 3754 3003 tu-

2175 3059 2449 3119 terrogare.
2513 3049 2642 3102 Illud
2677 3064 2806 3102 vero
2833 3047 3002 3100 turbis
3045 3063 3149 3099 non
3206 3061 3390 3114 parum
3441 3044 3572 3097 utile
3615 3053 3755 3098 erat.

2174 3142 2404 3210 Ideoque
2421 3141 2486 3193 ad
2513 3139 2902 3193 inultitudinein
2926 3138 3180 3206 deinceps
3203 3150 3504 3189 sermonem
3529 3149 3761 3189 conver-

2177 3235 2258 3299 tit,
2287 3232 2480 3286 amotis
2506 3232 2670 3300 lupis,
2704 3233 3048 3301 ipsorumque
3075 3228 3281 3282 insidiis
3304 3226 3533 3295 rejectis.

2257 3371 2402 3424 Vana
2425 3372 2590 3442 gloria
2617 3379 2661 3423 et
2685 3387 2751 3424 ea:
2795 3369 2940 3421 malis
2966 3378 3011 3420 et
3048 3383 3110 3420 ex
3139 3366 3280 3418 bonis
3309 3363 3588 3432 qurvritur;
3621 3362 3760 3414 ultra

2182 3463 2334 3516 vitam
2366 3461 2678 3515 extenditur.
2709 3490 2779 3499 —
2806 3459 2884 3512 Illi
2916 3458 3058 3512 enim
3091 3455 3221 3508 nihil
3253 3455 3377 3507 hinc
3425 3451 3554 3505 lucri
3587 3451 3762 3520 perci-

2179 3555 2427 3624 piebant,
2462 3553 2781 3622 vana'gloria
2809 3552 2972 3619 capti,
3009 3550 3058 3602 in
3090 3548 3338 3617 hnncque
3366 3560 3583 3615 gravem
3617 3559 3761 3596 inor-

2177 3649 2302 3702 hum
2327 3647 2479 3715 lapsi.
2505 3645 2694 3704 Gravis
2719 3645 2858 3698 enim
2892 3652 2946 3698 et
2973 3641 3253 3710 Inulticeps
3283 3638 3498 3692 morbus
3519 3645 3602 3690 cst
3631 3653 3643 3687 :
3669 3636 3763 3689 illo

2176 3740 2320 3792 enim
2347 3738 2488 3793 ducti
2535 3737 2621 3791 alii
2657 3735 3044 3806 principatum,
3090 3732 3178 3785 alii
3235 3729 3504 3802 pecunias,
3532 3727 3618 3780 alii
3661 3742 3759 3797 po-

2178 3833 2396 3885 tentiam
2441 3839 2639 3884 amant.
2677 3829 2998 3896 Progressus
3049 3833 3226 3877 autem
3281 3821 3499 3875 morbus
3544 3818 3665 3882 ille,
3695 3816 3762 3870 ad

2179 3924 2576 3993 elcemosynam
2601 3935 2767 3987 usque
2794 3917 2960 3982 venit,
3003 3913 3286 3984 jejunium,
3344 3911 3680 3980 precationes
3707 3895 3789 3962 et.

2177 4015 2516 4079 doctrinam;
2565 4012 2834 4081 multaque
2879 4018 3003 4062 sunt
3053 4006 3208 4074 hujus
3257 4005 3381 4059 fera:
3426 4001 3617 4071 capita.
3655 3999 3762 4054 Sed

2178 4107 2318 4178 quod
2343 4108 2408 4162 de
2429 4106 2547 4159 aliis
2577 4119 2769 4159 vanam
2797 4103 3015 4173 gloriam
3054 4109 3384 4168 aucupentur
3407 4137 3422 4161 ,
3471 4094 3602 4149 nihil
3658 4093 3764 4146 mi-

2180 4217 2294 4255 rum
2321 4217 2335 4265 ;
2364 4195 2503 4269 quod
2527 4208 2702 4252 autem
2728 4197 2796 4250 de
2818 4194 3015 4264 jejunio
3042 4202 3095 4246 et
3119 4192 3185 4246 de
3213 4189 3475 4251 oratione,
3507 4186 3610 4239 hoc
3632 4199 3764 4237 sane

2178 4291 2494 4361 stupendum
2510 4300 2562 4344 et
2590 4288 3062 4361 lacrymisdtgnum
3081 4295 3181 4339 est.
3207 4283 3310 4337 Sed
3331 4297 3396 4335 ne
3417 4279 3761 4333 criminentur

2181 4397 2384 4442 tantum
2410 4429 2424 4451 ,
2467 4399 2585 4454 age,
2619 4384 2834 4436 modum
2877 4378 2992 4448 ejus
3022 4375 3252 4444 fugiendi
3299 4372 3466 4428 morbi
3497 4370 3760 4423 dicamus.

2179 4480 2324 4548 Quos
2349 4492 2476 4548 ergo
2500 4477 2674 4547 primo
2702 4469 3108 4544 aggrediemur?
3132 4484 3198 4522 an
3227 4482 3320 4522 eos
3343 4465 3429 4536 qui
3448 4463 3514 4518 de
3536 4460 3764 4528 divitiis,

2182 4573 2266 4626 vel
2291 4571 2358 4626 de
2384 4568 2718 4624 vestimentis
2742 4563 3076 4637 gloriantur?
3107 4578 3174 4615 an
3202 4575 3297 4615 eos
3325 4558 3415 4628 qui
3445 4556 3511 4611 de
3562 4555 3769 4623 princi-

2181 4665 2351 4736 patu?
2381 4663 2466 4717 vel
2496 4676 2592 4716 eos
2613 4660 2700 4730 qui
2729 4659 2794 4713 de
2820 4657 3066 4711 doctrina
3091 4695 3106 4718 ,
3157 4651 3240 4705 vel
3268 4651 3358 4721 qui
3389 4649 3456 4702 de
3484 4661 3720 4715 corpore
3746 4686 3762 4711 ,

2183 4758 2264 4812 vel
2289 4758 2355 4811 de
2379 4756 2604 4819 artibus,
2630 4753 2712 4807 vel
2739 4752 2803 4806 de
2829 4749 3021 4814 forma,
3053 4749 3134 4802 vel
3165 4747 3232 4800 de
3259 4741 3628 4799 ornamentis?
3680 4740 3765 4793 vel

2181 4852 2268 4920 qui
2317 4851 2383 4904 de
2409 4846 2729 4902 crudelitate
2755 4888 2770 4910 ,
2803 4845 2883 4899 vel
2934 4843 3021 4912 qui
3073 4841 3139 4895 de
3195 4839 3542 4908 benignitate,
3571 4832 3657 4888 vel
3698 4833 3768 4886 de

2181 4938 2564 5010 eleemosyna?
2598 4937 2680 4991 vel
2723 4937 2811 5004 qui
2839 4933 2905 4988 de
2935 4931 3189 5000 nequitia,
3222 4928 3305 4982 vel
3327 4925 3499 4996 quide
3544 4935 3719 4977 morte
3744 4921 3770 4975 ?

2181 5034 2263 5085 vel
2313 5032 2403 5100 qui
2443 5031 2602 5083 etiam
2648 5035 2768 5097 post
2804 5036 3030 5078 mortem
3059 5038 3208 5074 vana:
3260 5019 3443 5088 gloria:
3474 5015 3602 5069 dant
3639 5029 3770 5080 0pc-

2183 5125 2335 5178 ram?
2369 5121 2557 5176 Multas
2583 5120 2722 5174 enim
2746 5158 2762 5182 ,
2792 5125 2849 5170 ut
2873 5115 3006 5177 dixi,
3043 5113 3126 5166 hic
3157 5109 3375 5164 morbus
3399 5104 3770 5174 complicatio-

2185 5231 2280 5271 nes
2308 5216 2488 5276 habet,
2519 5214 2786 5280 etiamque
2831 5208 2966 5262 ultra
3016 5205 3178 5258 vitam
3213 5211 3448 5256 nostram
3493 5194 3770 5266 progredi-

2188 5321 2290 5363 tur.
2336 5307 2465 5361 Nam
2499 5305 2655 5373 vulgo
2679 5302 2895 5364 dicitur,
2925 5299 3016 5352 llle
3045 5295 3255 5366 quidam
3285 5301 3526 5346 mortuus
3550 5296 3632 5340 est
3667 5303 3681 5342 :
3714 5295 3772 5340 et

2187 5414 2243 5456 ut
2265 5399 2600 5455 admirationi
2627 5405 2785 5460 esset,
2823 5394 2937 5446 hrce
2959 5402 3009 5446 et
3034 5390 3123 5443 illa
3175 5387 3285 5441 ﬁeri
3311 5384 3506 5456 jussit:
3541 5381 3769 5448 ideoun

2188 5496 2274 5550 ille
2307 5508 2540 5564 pauper,
2573 5489 2664 5544 ille
2691 5488 2840 5542 dives
2873 5494 2975 5539 est.
3021 5481 3149 5536 Nam
3180 5479 3322 5549 quod
3363 5474 3612 5532 acerbum
3643 5481 3722 5525 est
3744 5513 3760 5538 ,

2187 5607 2249 5645 ex
2281 5587 2562 5643 contrariis
2591 5587 2702 5638 hinc
2723 5581 2833 5636 fera
2859 5585 3088 5634 constat.

2258 5705 2313 5763 ὅ.
2338 5699 2524 5760 Contra
2561 5714 2644 5753 eos
2677 5695 2764 5766 qui
2793 5693 3159 5762 elecmosynam
3196 5688 3316 5741 dant
3365 5667 3436 5740 ad
3477 5667 3777 5739 ostentatio-
