4000 6206
222 288 318 346 κε

223 415 350 454 nem.
383 426 451 436 —-—
477 394 750 450 Adversus
776 407 909 461 quos
960 407 1089 462 ergo
1138 394 1310 461 primo
1352 391 1613 447 stabimus
1654 400 1710 446 ct
1749 407 1805 445 a-

223 495 352 549 ciem
386 490 754 546 instruenms?
781 487 897 542 Non
933 486 1062 541 satis
1113 486 1306 556 quippe
1355 497 1438 540 est
1478 486 1647 539 oratio
1705 500 1807 538 una

226 582 481 637 adversus
507 594 716 635 omnes.
762 579 1003 632 Vultisne
1040 594 1136 633 eos
1185 577 1554 647 aggrediamur
1597 576 1686 646 qui
1742 575 1808 629 de

224 676 560 744 eleemosyna
576 670 916 739 gloriantur?
948 670 1069 723 Mihi
1116 679 1260 723 certe
1290 669 1341 722 id
1384 677 1804 723 consentaneum

225 767 472 822 videtur:
508 781 628 818 nam
666 780 777 817 rem
809 763 977 832 ipsam
1020 763 1173 815 valde
1193 762 1389 831 diligo,
1432 769 1489 815 et
1526 761 1809 814 labefacta-

225 870 329 914 tam
359 857 606 926 deploro,
665 865 719 909 et
744 855 892 923 quasi
946 853 1105 922 regis:
1153 854 1341 922 puella:
1386 852 1645 905 nutricem
1678 850 1809 904 insi-

226 950 457 1003 diantem
486 962 676 999 vanam
706 945 929 1015 gloriam
965 944 1138 996 habeo
1164 960 1177 1007 ;
1212 944 1307 996 alit
1332 944 1525 1011 quippe
1548 943 1712 1005 illam,
1742 939 1810 994 ad

227 1040 606 1109 turpitudinem
652 1047 705 1091 et
744 1037 995 1090 damnum
1026 1052 1120 1105 per
1147 1037 1469 1104 voluptatem
1523 1035 1760 1087 alliciens
1791 1074 1807 1097 ,

227 1147 277 1191 rt
326 1136 490 1207 patris
517 1137 658 1203 justa
705 1134 984 1202 despicere
1026 1132 1244 1194 docens,
1280 1141 1334 1183 ut
1365 1130 1605 1184 scelestis
1636 1127 1813 1197 perdi-

228 1230 401 1299 lisque
422 1243 565 1296 sirpe
598 1227 723 1280 viris
763 1228 1003 1296 placeat:
1056 1236 1274 1277 ornatus
1316 1222 1570 1277 adhibere
1593 1220 1809 1284 suadet,

226 1334 411 1392 turpes
438 1321 792 1389 infamesque,
826 1320 1011 1389 quales
1046 1318 1266 1383 exteris,
1298 1331 1405 1370 non
1436 1314 1571 1385 patri
1605 1314 1814 1383 placere

227 1415 450 1485 possint.
481 1415 593 1483 Age
613 1426 741 1482 ergo
773 1411 869 1465 hos
893 1409 1295 1479 aggrediamur,
1328 1420 1380 1461 et
1409 1409 1479 1460 sit
1504 1407 1808 1475 eleemosy-

227 1525 290 1563 na
324 1510 469 1577 large
491 1505 655 1560 effusa
680 1504 746 1558 ad
778 1497 1815 1567 ostentationem.Sicigituriliamatha-

225 1603 367 1656 lamo
386 1610 605 1671 paterno
629 1598 824 1653 educit.
855 1596 1014 1651 Pater
1060 1602 1239 1649 autem
1272 1593 1420 1662 jubet
1441 1607 1507 1645 ne
1536 1589 1601 1644 ad
1631 1588 1816 1643 dexte-

228 1709 342 1747 ram
367 1691 582 1761 quidem
607 1690 878 1758 respicere
908 1704 921 1742 :
947 1688 1031 1740 illa
1055 1701 1181 1740 vero
1211 1686 1441 1753 seipsam
1464 1681 1633 1736 servis
1654 1679 1815 1733 exhi-

230 1783 320 1838 bet
350 1798 414 1836 ac
442 1782 719 1849 quibusvis
761 1779 1100 1842 hominibus,
1149 1778 1238 1847 qui
1281 1791 1347 1830 ne
1374 1774 1553 1829 norint
1602 1772 1815 1842 quidem

229 1878 393 1931 illam.
431 1874 620 1928 Vidisti
668 1873 1004 1927 meretricem
1031 1881 1083 1924 et
1126 1871 1299 1925 lenam
1350 1868 1415 1922 ad
1454 1866 1817 1937 improborum

231 1980 472 2020 amorem
528 1979 650 2019 sese
692 1963 1018 2024 dedentetn,
1069 1968 1241 2029 utpro
1283 1958 1520 2029 ipsorum
1571 1955 1819 2025 cupidine

228 2071 352 2111 sese
380 2054 653 2110 exornet?
688 2052 782 2108 Vis
802 2053 986 2108 videre
1006 2050 1274 2122 quomodo
1329 2063 1435 2103 non
1483 2048 1820 2102 meretricem

228 2147 427 2213 modo,
486 2147 579 2201 sed
634 2146 887 2199 furiosam
932 2143 1076 2197 illam
1129 2141 1361 2195 animam
1402 2137 1641 2193 reddat?
1691 2136 1822 2206 Ejus

229 2248 469 2294 mentem
495 2236 695 2293 edisce.
726 2236 859 2289 Cum
890 2235 1033 2290 enim
1075 2232 1208 2287 ca‘lo
1247 2232 1438 2286 relicto
1484 2238 1666 2285 currat
1704 2237 1823 2299 post

234 2330 491 2401 iugitivos
520 2337 575 2382 et
603 2341 795 2383 vernas
831 2341 929 2394 per
948 2325 1095 2379 vicos
1122 2331 1177 2377 et
1216 2323 1548 2393 angiportus,
1581 2320 1649 2374 ad
1677 2320 1822 2374 inse-

232 2420 482 2491 quendos
522 2419 663 2483 illos,
717 2419 806 2488 qui
835 2419 1003 2488 ipsam
1026 2416 1255 2471 oderunt
1273 2456 1289 2482 ,
1346 2426 1529 2484 turpes
1558 2428 1621 2469 ac
1648 2413 1827 2468 defor-

237 2527 357 2566 mes
387 2511 656 2574 homines,
683 2509 772 2579 qui
796 2525 863 2563 ne
889 2507 1072 2563 videre
1110 2506 1324 2576 quidem
1376 2505 1543 2574 ipsam
1588 2503 1775 2558 volunt
1805 2545 1822 2569 ,

231 2604 325 2672 qui
373 2601 623 2671 quoniam
655 2601 735 2654 sui
765 2612 951 2653 amore
1000 2608 1208 2665 captam
1248 2595 1452 2663 vident,
1480 2595 1709 2650 oderunt
1757 2594 1825 2648 il-

234 2696 341 2747 lam
376 2710 390 2745 :
424 2692 551 2762 quid
574 2706 824 2762 umquam
854 2690 1106 2744 furiosius
1130 2686 1323 2742 fuerit?
1344 2686 1556 2741 Nullum
1582 2686 1724 2740 enim
1753 2685 1826 2739 ita

231 2785 471 2839 oderunt
499 2784 634 2838 bene
664 2783 837 2847 multi,
872 2792 929 2835 ut
952 2796 1047 2836 eos
1076 2779 1169 2849 qui
1194 2794 1347 2834 suam
1388 2793 1545 2847 opem
1584 2786 1830 2847 qumrunt

242 2878 308 2931 ad
344 2877 567 2946 gloriam
613 2874 924 2945 parandam.
969 2874 1111 2928 Mille
1164 2886 1393 2941 namque
1428 2870 1829 2926 criminationes

236 2969 506 3023 adversus
535 2984 629 3023 eos
648 2970 957 3037 contingunt
984 2985 996 3019 :
1030 2966 1367 3035 idipsumque
1396 2964 1454 3017 fit
1476 3004 1491 3027 ,
1534 2978 1597 3017 ac
1637 2963 1681 3016 si
1711 2962 1832 3031 quis

237 3060 506 3131 virginem
535 3062 673 3130 regis
702 3060 890 3125 tiliam,
920 3074 984 3113 ex
1008 3058 1155 3127 regio
1185 3056 1321 3131 solio
1353 3054 1644 3124 dejectam,
1673 3053 1830 3123 jube-

239 3163 323 3208 ret
394 3152 787 3223 gladiatoribus
850 3151 1019 3220 ipsam
1081 3149 1461 3205 aversantibus
1523 3162 1642 3202 sese
1705 3160 1834 3215 pro-

244 3247 499 3300 stituere.
527 3244 588 3298 Hi
615 3244 781 3308 enim,
803 3251 1001 3312 quanto
1017 3241 1185 3311 magis
1206 3240 1351 3310 ipsos
1372 3238 1691 3308 insequeris,
1712 3246 1831 3292 tan-

239 3346 296 3391 to
325 3336 505 3407 magis
532 3344 584 3389 te
612 3345 964 3389 aversantur:
1023 3333 1165 3388 Deus
1202 3343 1400 3395 autem,
1424 3341 1621 3401 quanto
1670 3332 1837 3400 majo-

240 3446 357 3484 rem
386 3429 460 3482 ab
482 3430 595 3497 ipso
624 3427 846 3499 gloriam
870 3426 1067 3497 quaeris
1094 3469 1108 3492 ,
1153 3436 1298 3480 tanto
1327 3425 1494 3495 magis
1516 3434 1569 3479 te
1597 3424 1756 3478 trahit
1784 3433 1838 3479 et

241 3520 453 3586 laudat,
489 3534 840 3589 magnamque
871 3518 962 3572 tibi
1012 3518 1313 3572 mercedem
1341 3518 1539 3571 tribuit.
1569 3516 1623 3571 Si
1667 3517 1839 3585 placet

238 3625 431 3669 autem
459 3621 515 3667 et
543 3612 757 3667 aliunde
785 3620 1041 3681 quantum
1082 3612 1149 3665 sit
1194 3612 1445 3665 damnum
1476 3610 1601 3663 illud
1634 3608 1842 3664 edisce-

242 3721 328 3771 re,
349 3703 570 3775 qmndo
613 3702 709 3757 das
732 3702 797 3757 ad
845 3702 1254 3757 ostentationem
1281 3711 1335 3756 et
1367 3701 1572 3757 laudem
1601 3744 1615 3768 ,
1664 3710 1839 3755 tecunt

242 3810 445 3869 reputa
478 3806 709 3869 quantus
739 3797 831 3851 tibi
858 3795 1013 3851 dolor
1037 3795 1257 3851 accedat
1286 3812 1301 3859 ;
1328 3806 1383 3850 et
1411 3811 1567 3866 quatn
1598 3795 1842 3851 assiduus

244 3906 482 3956 mceror,
511 3889 728 3945 Christo
757 3888 850 3943 tibi
877 3889 1168 3959 inspirante
1198 3905 1261 3944 ac
1282 3889 1512 3952 dicente,
1561 3889 1843 3944 Perdidisti

243 3995 477 4036 onmem
508 3980 808 4035 mercedem
839 3990 980 4034 tuam
1005 3980 1025 4051 (
1053 3980 1242 4035 Matth.
1268 3982 1322 4035 6.
1349 3981 1438 4051 2).
1473 3979 1679 4050 Ubique
1711 3996 1843 4035 vana

242 4074 430 4143 gloria
458 4073 621 4137 mala,
653 4072 891 4126 maxime
918 4086 1048 4126 vero
1070 4072 1284 4141 quando
1309 4073 1672 4128 misericordia
1694 4072 1846 4129 exhi-

245 4168 440 4232 betur,
474 4167 525 4221 id
553 4167 694 4238 quod
722 4178 961 4222 extrema
979 4166 1267 4221 crudelitas
1289 4177 1389 4232 est,
1406 4167 1617 4237 quando
1642 4167 1709 4223 de
1726 4167 1849 4222 alio-

253 4275 382 4315 rum
434 4259 736 4313 calamitale
779 4274 898 4313 sese
937 4257 1177 4324 extollit,
1236 4266 1290 4312 et
1333 4260 1481 4328 quasi
1533 4258 1850 4328 pauperibus

244 4350 575 4419 exlirobrat.
599 4350 730 4403 Nam
758 4350 801 4403 si
822 4364 914 4404 sua
938 4351 1139 4405 referre
1161 4343 1441 4414 beneficia,
1472 4351 1523 4404 id
1561 4350 1845 4405 conviciari

245 4454 371 4499 est:
405 4444 472 4497 ad
500 4443 633 4497 alios
655 4443 849 4497 multos
877 4442 963 4496 illa
998 4442 1304 4509 traducere,
1331 4443 1455 4511 quid
1480 4458 1597 4498 esse
1612 4442 1850 4497 dixeris?

244 4537 546 4605 Quomodo
578 4549 704 4607 ergo
742 4536 843 4592 hoc
892 4537 1089 4591 malum
1138 4536 1441 4607 fugiemus?
1492 4538 1546 4591 Si
1586 4538 1853 4591 discamus

241 4629 535 4702 quomodo
558 4629 804 4683 misereri
832 4637 1121 4697 Oporteat;
1172 4629 1217 4683 si
1265 4629 1667 4685 consideremus
1713 4646 1853 4700 quo-

244 4736 513 4778 rumuam
541 4719 765 4788 gloriam
809 4722 1120 4789 quaerimus.
1152 4721 1243 4776 Dic
1270 4721 1423 4787 mihi,
1472 4721 1592 4791 quis
1618 4722 1854 4776 eleemo-

239 4829 414 4886 διῆγε
446 4812 635 4866 artifex
662 4814 785 4867 est?
811 4813 908 4881 Qui
936 4830 1048 4868 rem
1080 4814 1221 4868 illam
1250 4815 1449 4881 docuit,
1483 4830 1673 4885 nempe
1692 4816 1852 4883 Deus,

246 4907 389 4977 quid
440 4906 567 4959 illud
602 4906 831 4959 maxime
891 4907 1069 4972 novit,
1102 4916 1155 4960 et
1205 4908 1256 4961 in
1310 4908 1568 4962 infinitum
1617 4919 1851 4964 exercet.

245 4996 402 5065 Quid
435 4997 601 5065 ergo?
628 4996 672 5049 si
707 4997 1005 5065 palmstram
1040 4998 1272 5053 disceres
1294 5041 1309 5065 ,
1347 4998 1412 5053 ad
1466 5015 1598 5069 quos
1626 5001 1859 5069 respice-

247 5103 369 5149 res.
402 5104 468 5141 an
500 5088 565 5141 ad
594 5104 713 5142 eum
742 5090 829 5159 qui
854 5090 999 5143 olera
1024 5092 1225 5157 vendit,
1248 5103 1298 5147 et
1328 5093 1519 5161 pisces,
1550 5110 1616 5148 an
1645 5097 1709 5148 ad
1750 5111 1860 5165 pe-

250 5180 539 5235 dotribam
567 5182 591 5233 ?
616 5179 771 5235 Certe
817 5184 887 5236 illi
918 5185 1064 5237 mulli
1094 5196 1237 5249 sunt,
1281 5185 1365 5239 hic
1407 5204 1539 5241 unus
1567 5197 1668 5243 est.
1710 5189 1845 5256 Quid

249 5288 427 5343 ergo,
454 5274 497 5325 si
525 5272 617 5327 illo
645 5284 695 5327 te
723 5274 1019 5331 admirante
1066 5278 1153 5329 alii
1201 5278 1481 5333 irridercnt
1506 5322 1519 5341 ,
1578 5297 1753 5335 annon
1806 5294 1860 5338 tu

247 5370 391 5419 com
420 5363 513 5417 illo
541 5365 687 5433 ipsos
718 5365 1015 5419 ἱππ-ἰόντοδῖ
1060 5368 1195 5434 Quid
1225 5368 1270 5425 si
1313 5372 1604 5440 pugilatum
1656 5371 1864 5429 edisce-

250 5456 399 5514 res?
422 5472 604 5511 annon
629 5458 878 5513 similiter
903 5459 969 5513 ad
997 5476 1117 5514 eum
1146 5463 1463 5533 respiceres,
1494 5465 1583 5533 qui
1613 5480 1675 5518 ea
1700 5465 1750 5518 in
1779 5480 1866 5521 ar-

251 5558 319 5604 ω
348 5549 544 5605 doctor
561 5551 688 5605 est?
730 5551 786 5607 Si
817 5552 1003 5607 orandi
1049 5554 1282 5608 studium
1311 5556 1632 5626 susciperes,
1685 5571 1865 5613 annon

255 5644 510 5701 rhetoris
535 5644 721 5701 laudes
750 5648 1025 5719 exciperes
1050 5690 1066 5717 ,
1111 5651 1336 5706 aliorum
1362 5665 1491 5707 vero
1543 5659 1856 5708 contemne-

1192 280 1258 338 ΙΝ
1295 280 1703 338 ΜᾹΤΤΗιΕυΜ
1744 280 1971 336 HOMIL.
2015 282 2196 338 LXXI.
2229 284 2303 339 al.
2342 285 2552 342 LXXII.

3401 292 3505 348 666

1915 392 2339 460 res?Quomodo
2365 414 2493 469 ergo
2517 399 2807 454 absurdum
2854 416 2957 454 non
3005 401 3162 457 fuerit
3192 445 3205 465 ,
3268 406 3320 458 in
3378 407 3507 461 aliis

1925 484 2132 540 artibus
2156 486 2222 541 ad
2253 487 2528 544 doctorem
2560 500 2763 546 tantum
2788 494 3078 563 respicere,
3103 494 3190 549 hic
3210 511 3338 550 vero
3364 511 3499 552 con-

1916 576 2139 630 trarium
2186 577 2387 644 facere,
2416 583 2628 636 etiamsi
2662 599 2767 638 non
2800 600 2894 654 par
2922 587 3175 657 utrinque
3228 589 3300 643 sit
3344 589 3494 644 dam-

1913 670 2079 721 num?
2110 669 2181 725 lbi
2200 673 2364 736 enim,
2386 675 2427 727 si
2459 675 2525 730 ad
2555 676 2694 747 vulgi
2723 678 2995 747 placitum,
3027 696 3131 736 non
3154 681 3220 737 ad
3240 682 3498 749 doctoris,

1914 772 2137 827 pugnes,
2169 762 2221 815 in
2253 779 2424 835 pugna
2472 776 2641 821 totum
2686 769 3067 827 detrimentum
3106 782 3219 840 est;
3254 774 3340 828 hic
3371 790 3499 829 vero

1923 867 1978 905 tn
2012 852 2119 905 vita
2146 861 2367 905 aeterna.
2402 852 2711 909 Secundum
2744 856 3174 911 misericordiam
3209 858 3499 914 similiseI

1925 942 2033 997 Deo
2058 963 2070 997 :
2094 954 2209 999 esto
2242 945 2405 1012 igitur
2432 946 2505 998 illi
2534 948 2753 1013 similis,
2791 952 3210 1004 ostentationem
3242 952 3493 1008 vitando.

1918 1032 2137 1088 Dicebat
2160 1036 2302 1090 enim
2333 1037 2423 1091 ille
2449 1052 2570 1091 cum
2601 1049 2858 1103 curaret,
2891 1040 3089 1093 nemini
3136 1050 3195 1093 ut
3234 1039 3499 1093 dicerent.

1916 1125 2020 1179 Sed
2054 1127 2135 1179 vis
2164 1127 2473 1182 misericors
2496 1129 2634 1196 apud
2661 1130 2903 1183 homines
2920 1132 3141 1184 vocari?
3185 1130 3321 1198 Quid
3377 1128 3501 1184 inde

1917 1215 2096 1269 lucri?
2150 1216 2292 1271 Nihil
2348 1220 2558 1288 utique,
2602 1220 2696 1273 sed
2738 1220 2989 1274 damnum
3060 1222 3346 1275 infinitum.
3396 1221 3505 1291 Ipsi

1918 1317 2081 1373 enim,
2111 1327 2247 1381 quos
2272 1313 2336 1365 ad
2366 1314 2727 1367 testimonium
2756 1329 2935 1378 vocas,
2960 1313 3102 1368 fures
3130 1326 3256 1368 sunt
3287 1314 3505 1368 thesau-

1919 1421 2098 1459 rorum
2126 1407 2178 1459 in
2206 1407 2353 1461 czelis
2400 1408 2790 1475 repositorum;
2837 1408 2943 1461 imo
2976 1424 3078 1461 non
3109 1408 3222 1473 illi,
3265 1408 3359 1462 sed
3410 1422 3509 1462 nos

1922 1496 2020 1564 ipsi
2048 1497 2137 1565 qui
2171 1506 2350 1551 nostra
2384 1498 2536 1551 nobis
2569 1497 2829 1562 furamur,
2856 1508 2908 1553 et
2932 1499 3120 1569 qurein
3153 1500 3283 1553 casio
3334 1500 3508 1569 posita

1921 1597 2045 1643 sunt
2077 1589 2418 1658 dissipamus.
2467 1590 2510 1644 Ο
2565 1606 2754 1645 novam
2806 1593 3196 1647 calamitatem!
3231 1608 3263 1647 ο
3292 1602 3512 1661 stupen-

1922 1680 2047 1734 dum
2075 1684 2354 1737 morbum!
2388 1683 2487 1740 Ubi
2524 1685 2662 1738 tinea
2692 1699 2798 1738 non
2848 1684 3138 1739 demolitur
3163 1727 3179 1750 ,
3227 1686 3311 1741 ubi
3365 1684 3513 1740 fures

1931 1789 2035 1826 non
2092 1773 2391 1839 etl‘odinnt,
2440 1790 2572 1828 vana
2603 1776 2772 1845 gloria
2825 1776 3068 1845 dissipat.
3110 1776 3236 1830 [hec
3259 1784 3342 1829 est
3368 1777 3510 1831 tinea

1924 1865 2156 1919 caelestis
2184 1866 2451 1933 thesauri,
2477 1867 2563 1921 hic
2594 1867 2679 1920 fur
2705 1868 2993 1937 opulentia:
3020 1868 3272 1932 caelestis,
3304 1868 3391 1934 qui
3425 1868 3509 1921 di-

1924 1959 2083 2013 vitias
2114 1958 2233 2014 illas
2266 1968 2381 2015 tuto
2402 1961 2690 2015 collocatas
2729 1961 2943 2031 abripit.
3001 1960 3112 2015 Hoc
3165 1961 3343 2015 omnia
3394 1977 3514 2031 pes-

1925 2050 2137 2104 Sumdat
2185 2061 2239 2105 et
2297 2051 2492 2122 perdit.
2543 2052 2675 2121 Quia
2744 2053 2885 2108 enim
2935 2053 3069 2107 vidit
3130 2053 3410 2117 diabolus,
3461 2064 3517 2107 et

1927 2140 2131 2196 furibus
2173 2152 2228 2197 et
2275 2144 2449 2198 vermi
2490 2144 2713 2210 aliisque
2763 2142 2968 2197 insidiis
3016 2144 3344 2197 inaccessum
3395 2156 3517 2196 esse

1927 2232 2101 2286 locum
2130 2233 2415 2303 illum,'per
2435 2249 2622 2288 vanam
2649 2233 2873 2304 gloriam
2894 2234 3105 2289 divitias
3127 2233 3244 2287 illas
3265 2232 3520 2302 subripit.

1999 2325 2053 2378 4.
2119 2324 2559 2391 Quemadmodum
2586 2326 2725 2381 Deus
2746 2327 2837 2381 sub
2854 2327 3078 2399 mysterii
3100 2328 3207 2380 velo
3230 2342 3378 2381 suam
3421 2326 3521 2379 mi-

1927 2415 2253 2468 scricordiam
2293 2415 2507 2487 largitur
2541 2426 2589 2470 et
2620 2417 2869 2488 signiﬁcat
2890 2459 2905 2485 ,
2930 2418 3002 2471 sic
3031 2433 3123 2471 nos
3151 2417 3518 2487 deemosynam

1930 2516 2154 2560 nostram
2167 2508 2417 2561 occultare
2440 2507 2695 2563 debemus.
2722 2539 2793 2549 —
2818 2507 2923 2564 Sed
2954 2507 3138 2579 gloria:
3162 2507 3386 2577 cupidus
3412 2521 3471 2561 cs
3495 2508 3520 2561 Τ

1932 2600 2122 2653 Annon
2165 2600 2257 2653 tibi
2285 2601 2415 2655 satis
2445 2611 2529 2656 est
2566 2600 2655 2655 illa
2684 2615 2842 2671 quam
2870 2600 2939 2655 ab
2965 2601 3261 2670 accipiente
3309 2599 3472 2653 habes
3502 2639 3518 2661 ,

1931 2704 1960 2742 a
1990 2689 2371 2759 benignissimo
2390 2691 2521 2754 Deo,
2549 2691 2643 2745 sed
2670 2691 2829 2745 etiam
2856 2691 3080 2759 gloriam
3109 2690 3247 2760 apud
3278 2690 3523 2744 homines

1932 2782 2170 2850 (pueris?
2227 2781 2359 2838 Vide
2385 2799 2455 2839 ne
2497 2785 2823 2837 contrarium
2874 2783 3125 2852 patiaris;
3179 2797 3247 2837 ne
3289 2781 3410 2852 quis
3461 2790 3515 2835 te

1934 2873 2157 2928 damnet
2185 2874 2335 2943 quasi
2371 2890 2478 2930 non
2508 2878 2851 2930 miserantem
2880 2916 2895 2940 ,
2926 2874 3021 2930 sed
3053 2874 3211 2930 fastui
3261 2883 3316 2930 et
3358 2872 3527 2927 ambi-

1934 2967 2065 3023 tioni
2094 2965 2352 3033 deditum,
2381 2977 2539 3038 atque
2558 2969 2759 3022 alienas
2783 2968 3108 3023 calamitates
3140 2967 3524 3023 traducentem.

1936 3060 2069 3116 Nam
2102 3062 2415 3132 mysterium
2445 3071 2526 3116 est
2555 3062 2918 3132 eleemosyna.
2943 3060 3143 3114 (llaudc
3164 3074 3293 3129 ergo
3310 3062 3523 3127 januas,

1938 3167 2007 3207 ne
2055 3151 2173 3222 quis
2219 3152 2307 3205 illa
2348 3152 2527 3207 videat
2577 3168 2696 3221 qua:
2750 3160 3021 3205 ostentare
3070 3150 3221 3205 nefas
3262 3158 3364 3203 est.
3413 3148 3528 3203 Hoc

1938 3244 2136 3315 quippe
2166 3254 2287 3298 sunt
2319 3246 2548 3300 maxime
2569 3244 2820 3315 mysteria
2862 3252 3043 3297 nostra
3068 3284 3083 3309 ,
3117 3241 3481 3296 misericordia
3508 3283 3525 3308 ,

1941 3347 1996 3393 et
2043 3338 2345 3408 benignitas
2403 3338 2537 3393 Dei:
2590 3353 2711 3391 nam
2759 3335 3053 3391 secundum
3104 3335 3525 3390 misericordiam

1942 3448 2092 3487 suam
2133 3448 2379 3503 magnam
2409 3447 2507 3486 nos
2529 3432 2947 3501 inobsequentes
2980 3430 3267 3484 miseratus
3308 3436 3408 3483 est.
3454 3428 3522 3481 Et

1943 3524 2113 3594 prima
2146 3524 2402 3593 precatio,
2425 3538 2584 3593 quam
2631 3540 2727 3589 pro
2747 3522 3121 3591 energumenis
3172 3520 3489 3575 adhibemus
3509 3562 3530 3589 ,

1945 3615 2327 3668 misericordia:
2368 3616 2880 3668 commemoratione
2930 3615 3086 3683 plena
3126 3623 3249 3677 est;
3298 3612 3532 3667 secunda

1945 3723 2177 3779 quoque,
2205 3723 2300 3777 pro
2323 3708 2387 3761 iis
2408 3708 2495 3777 qui
2526 3708 2577 3761 in
2603 3708 2913 3775 pmnitentia
2935 3715 3081 3774 sunt,
3113 3708 3334 3761 multant
3366 3708 3529 3761 mise-

1946 3801 2232 3855 ricordiam
2278 3802 2538 3870 postulat:
2590 3800 2744 3855 tertia
2788 3799 3033 3863 demum,
3066 3814 3163 3868 pro
3192 3798 3346 3853 nobis
3382 3799 3533 3867 ipsis,

1948 3893 2128 3963 pepuli
2155 3893 2381 3947 infantes
2407 3893 2724 3947 innocentes
2752 3890 2990 3958 inducit,
3026 3891 3194 3946 Deum
3221 3891 3288 3945 ad
3321 3892 3535 3945 misert-

1949 3985 2187 4039 cordiam
2219 3990 2591 4055 provocantes.
2623 3981 2755 4052 Quia
2778 3983 2919 4037 enim
2968 3996 3067 4036 nos
3109 3992 3327 4052 peccata
3350 3990 3536 4036 nostra

1950 4078 2288 4143 damnamus,
2317 4092 2415 4147 pro
2463 4076 2528 4131 iis
2550 4076 2638 4146 qui
2672 4076 2895 4130 multum
2925 4081 3238 4145 peccarunt,
3279 4081 3334 4128 et
3375 4088 3536 4128 accu-

1953 4169 2061 4224 sari
2087 4169 2320 4233 debent,
2366 4182 2465 4222 nos
2510 4182 2829 4237 precamur:
2863 4182 2959 4237 pro
2989 4166 3146 4221 nobis
3190 4181 3318 4221 vero
3364 4165 3538 4235 pueri,

1956 4275 2185 4331 quorum
2210 4259 2565 4329 simplicitatis
2596 4258 2891 4312 imitatores
2915 4273 3137 4328 regnum
3165 4258 3417 4312 cazlorum
3440 4271 3538 4311 ex-

1955 4364 2185 4424 spectat.
2216 4353 2331 4424 lpsa
2361 4353 2502 4406 enim
2535 4352 2785 4421 precandi
2829 4352 2997 4405 forma
3028 4351 3079 4405 id
3108 4351 3374 4405 ostendit:
3418 4367 3542 4405 nam

1955 4446 2229 4517 quiiustar
2247 4458 2538 4516 puerorqu
2558 4444 2784 4498 humiles
2814 4452 2938 4497 sunt
2958 4452 3010 4497 et
3036 4442 3255 4509 sinceri,
3284 4442 3335 4496 lii
3365 4444 3539 4496 maxi-

1958 4556 2044 4595 me
2074 4547 2292 4609 possunt
2320 4553 2416 4607 pro
2442 4537 2549 4592 reis
2573 4535 2801 4607 precari.
2827 4535 2998 4606 Ipsum
3023 4534 3332 4606 mysterium
3372 4550 3544 4603 quau-

1959 4632 2425 4689 tazmisericordia:
2454 4672 2471 4697 ,
2522 4637 2735 4701 quanta:
2793 4628 3133 4699 benignitatis
3179 4628 3249 4684 sit
3286 4628 3541 4699 plenum,

1966 4730 2142 4783 sciunt
2165 4726 2374 4781 initiati.
2404 4725 2473 4779 Et
2494 4734 2546 4779 tu
2570 4725 2750 4795 igitur,
2780 4738 2900 4778 cum
2923 4721 3126 4776 homini
3161 4722 3289 4777 facis
3310 4720 3545 4776 elecmo-

1962 4835 2148 4893 synam
2170 4860 2184 4885 ,
2211 4817 2398 4874 claude
2420 4816 2635 4885 januam
2666 4824 2808 4869 tuam
2842 4832 2855 4869 :
2890 4814 3003 4884 ipse
3028 4814 3115 4882 qui
3146 4813 3371 4882 accipit,
3399 4810 3548 4866 solus

1964 4911 2159 4977 videat;
2183 4911 2292 4966 imo
2317 4911 2362 4965 si
2395 4908 2511 4964 fieri
2543 4909 2730 4979 possit,
2757 4908 2954 4977 neipse
2980 4906 3215 4977 quidem.
3247 4904 3302 4960 Si
3328 4904 3547 4975 januam

1964 5004 2191 5073 aperias,
2219 5003 2527 5074 mysterium
2554 5010 2697 5055 tuum
2722 5010 2977 5056 ostentas.
3000 5000 3182 5068 Cogita
3209 5014 3329 5053 eum
3351 5000 3548 5067 ipsum,

1965 5111 1993 5149 a
2025 5110 2130 5166 quo
2158 5096 2377 5165 gloriam
2401 5094 2608 5163 expetis
2630 5136 2645 5157 ,
2680 5101 2729 5146 te
2757 5092 3133 5145 damnaturqu
3157 5104 3298 5144 esse.
3332 5090 3385 5144 Si
3418 5088 3552 5141 ami-

1968 5206 2061 5245 cus
2088 5192 2178 5253 sit,
2226 5200 2280 5243 te
2309 5188 2447 5259 apud
2477 5203 2537 5241 se
2561 5184 2962 5248 criminabitur;
2997 5184 3040 5237 si
3092 5184 3358 5248 inimicus,
3409 5181 3548 5249 apud

1970 5285 2104 5337 alios
2136 5291 2187 5336 te
2217 5282 2490 5345 traducet,
2536 5290 2589 5334 et
2610 5278 2877 5332 contraria
2919 5275 3011 5329 tibi
3059 5280 3348 5339 evenient,
3392 5288 3551 5344 quam

1969 5374 2332 5429 desiderabas.
2362 5372 2440 5426 Tu
2471 5371 2611 5425 enim
2648 5368 2927 5440 cupiebas,
2979 5377 3035 5421 ut
3095 5367 3207 5435 ipse
3253 5366 3456 5420 diceret
3503 5374 3555 5419 to

1970 5466 2412 5531 misericordem;
2460 5465 2548 5520 ille
2575 5477 2707 5519 vero
2739 5477 2843 5516 non
2874 5461 2975 5516 hoc
2996 5463 3170 5525 dicet,
3202 5459 3296 5515 sed
3330 5469 3380 5513 te
3404 5473 3555 5512 vanze

1970 5559 2155 5629 gloria:
2175 5557 2429 5625 cupidum
2455 5597 2470 5621 ,
2502 5570 2685 5609 auram
2718 5553 2992 5608 hominum
3019 5560 3323 5623 captantem
3368 5548 3557 5618 appelo

1976 5650 2125 5716 labit,
2153 5648 2361 5721 aliaque
2386 5648 2627 5719 graviora
2658 5645 2891 5723 adiiciet.
2920 5645 3011 5702 Sin
3041 5643 3389 5701 occultavcris
3414 5686 3428 5711 ,
3460 5641 3543 5696 his
