4000 6206
505 280 609 337 €87

507 395 730 450 omnino
756 393 1020 450 contraria
1049 393 1206 460 dicet,
1262 391 1548 462 benignum
1576 389 2089 460 misericordetuque

505 485 813 555 appellabit.
845 485 1029 554 Neque
1053 485 1194 539 enim
1227 485 1366 538 Deus
1395 485 1510 538 haec
1531 483 1785 538 occultari
1819 483 2096 553 permittit.

506 578 566 634 Si
611 587 665 632 tu
693 578 1064 642 occultaveris,
1100 578 1188 632 ille
1219 576 1554 630 manifestum
1588 576 1808 631 reddet:
1844 575 1965 630 hinc
1982 591 2096 628 ma-

501 671 591 740 jor
620 669 906 724 admiratio
929 679 983 724 et
1003 670 1272 738 copiosius
1301 669 1508 723 lucrum
1559 667 1786 722 accedit.
1824 667 2003 736 Itaque
2029 665 2096 719 ad

505 761 731 829 gloriam
761 760 1050 832 parandam
1073 759 1235 814 ollicit
1276 760 1596 823 ostentatio;
1629 759 1693 813 ad
1729 760 1778 812 id
1807 759 1948 828 quod
1979 757 2098 811 dili-

507 863 697 921 genter
719 853 1025 921 qtnerimus,
1059 851 1213 906 obest
1236 852 1322 906 illa
1351 853 1463 920 ipsa
1487 851 1776 920 inquisitio.
1802 850 1913 904 Non
1938 851 2096 905 modo

507 945 648 1002 enim
679 945 1058 998 miscriCordia:
1081 945 1290 998 laudem
1317 960 1419 998 non
1439 945 1763 1014 acquirimus
1795 984 1809 1010 ,
1842 944 1934 998 sed
1964 959 2095 998 cnn-

511 1067 518 1073 .
536 1068 571 1076 σ-

1319 274 1359 330 S
1410 274 1685 330 JUANNIS
1722 269 2192 329 CllBYSOS'l'Olll
2229 273 2543 331 ARCllll-JP.
2585 267 3116 334 CONSTAXTlNOP.
3641 284 3721 342 663

2212 389 2428 444 trarium
2459 394 2830 463 asscqnimur:
2862 396 2928 448 ad
2953 394 3068 448 luce
3088 409 3212 450 vero
3238 395 3446 451 multum
3465 397 3578 456 hinc
3599 401 3723 455 dam-

2202 483 2254 536 ni
2301 483 2456 536 nobis
2483 485 2676 538 oritur.
2735 485 2934 540 Horum
2973 487 3149 555 itaque
3195 488 3424 541 omniunt
3469 503 3609 544 causa
3636 494 3723 546 ina-

2201 589 2322 628 nem
2345 576 2567 644 gloriam
2600 592 2912 645 reSpuamus
2936 621 2949 643 ,
2983 579 3258 647 solamque
3286 579 3374 632 Dei
3404 580 3601 648 gloriam
3628 582 3724 638 dili-

2201 683 2405 738 gamus.
2437 668 2524 723 Sic
2567 671 2708 724 enim
2765 681 2817 725 et
2868 671 3090 740 gloriam
3133 671 3219 725 hic
3263 686 3638 740 consequemur,
3685 687 3727 729 et

2201 761 2419 814 mter-nis
2449 759 2684 816 fruemur
2711 761 2886 827 bonis,
2911 763 3080 832 gratia
3131 772 3185 818 et
3215 763 3525 832 benignitate
3553 766 3727 822 Domini

2201 854 2367 907 nostri
2390 853 2519 908 Jesu
2550 855 2773 921 Christi,
2803 859 2888 909 cui
2921 856 3086 925 gloria
3117 864 3172 910 et
3204 856 3542 926 imperiumin
3569 860 3725 912 saecula

2202 947 2538 1000 seculorum.
2569 949 2758 1000 Amen.

1543 1129 1886 1190 HOMILIA
1934 1127 2190 1187 LXXII.
2239 1127 2325 1188 al.
2372 1127 2654 1187 LXXIII.

507 1277 633 1331 Car.
687 1277 759 1330 ‘25.
825 1294 878 1330 γ.
934 1279 985 1331 l.
1038 1276 1177 1328 Tum:
1218 1275 1366 1328 Jesus
1418 1278 1654 1344 [uallatus
1713 1287 1783 1330 est
1832 1274 1987 1329 turbis
2051 1284 2097 1327 et

581 1365 845 1435 discipulis
891 1369 994 1419 suis
1015 1408 1029 1431 ,
1058 1367 1112 1420 2.
1145 1366 1315 1418 dicens
1335 1383 1352 1419 .'
1384 1366 1549 1431 Super
1580 1367 1872 1420 cathedram
1906 1366 2099 1434 Moysi:

580 1459 818 1512 sederunt
837 1458 1019 1511 scriba:
1033 1469 1078 1510 et
1104 1456 1375 1511 Pltaristei.
1401 1459 1454 1512 5.
1483 1458 1666 1511 Uumia
1691 1475 1829 1528 ergo,
1853 1474 2101 1528 qna’cnm-

579 1568 675 1623 que
700 1551 921 1605 dixerint
951 1548 1108 1614 vobis,
1142 1550 1294 1618 facite
1317 1565 1335 1603 :
1361 1551 1637 1602 secundum
1683 1566 1836 1619 opera
1861 1566 1973 1603 vero
2013 1566 2099 1604 eo-

579 1659 690 1694 rum
716 1659 816 1695 non
841 1642 991 1712 facile
1005 1644 1045 1698 ¹.

583 1733 636 1789 1.
670 1731 831 1795 Tunc,
864 1731 1244 1803 quandonam?
1295 1730 1518 1800 Quando
1547 1729 1664 1787 haec
1686 1731 1856 1796 dixit;
1885 1730 2100 1802 quando

509 1823 636 1893 ipsis
656 1822 928 1878 silentium
958 1823 1226 1893 imposuit;
1255 1823 1466 1893 quando
1495 1823 1574 1878 sic
1596 1824 1876 1891 repressit,
1907 1832 2090 1876 utnon

509 1914 767 1970 auderent
790 1915 925 1969 ultra
956 1915 1127 1985 ipsmu
1163 1925 1401 1979 tentare;
1431 1915 1645 1986 quando
1674 1915 1908 1970 ostendit
1950 1915 2094 1985 ipsos

511 2005 782 2061 incurabili
807 2005 996 2060 morbo
1018 2005 1278 2059 laborare.
1310 2006 1504 2060 Verum
1529 2008 1778 2076 quoniam
1803 2006 2010 2061 Domini
2037 2015 2091 2059 et

521 2097 725 2151 Homini
748 2097 1072 2151 mentionem
1107 2097 1264 2162 fecit,
1301 2113 1491 2152 rursus
1529 2097 1593 2150 ad
1626 2098 1796 2168 legem
1851 2098 2096 2152 recurrit.

511 2188 672 2259 Atqui
700 2189 806 2250 lex,
837 2189 1075 2258 inquies,
1110 2188 1239 2242 nihil
1269 2187 1572 2256 ltnjusmodi
1601 2187 1770 2253 dixit;
1826 2188 1922 2243 sed
1945 2230 1960 2252 ,
1993 2187 2100 2241 Do-

510 2283 676 2336 minus
702 2281 836 2335 Deus
858 2293 994 2348 tuus,
1022 2281 1270 2336 Dominus
1293 2299 1423 2335 unus
1457 2292 1526 2336 est
1553 2281 1571 2352 ί
1592 2279 1747 2335 Deut.
1779 2280 1833 2336 ϐ.
1859 2282 1894 2336 4
1921 2281 1962 2351 ).
1992 2280 2097 2334 νυ-

518 2391 632 2428 rmn
658 2373 740 2428 lex
773 2373 822 2428 in
845 2373 1121 2444 Scriptura
1148 2384 1312 2429 totum
1341 2374 1507 2430 Vetus
1529 2374 1928 2429 Testamentum
1954 2373 2092 2428 dici-

513 2477 617 2519 tur.
652 2465 778 2520 llaec
818 2481 982 2536 porro
1005 2466 1130 2521 dicit
1163 2507 1183 2531 ,
1206 2467 1494 2521 ostendens
1522 2481 1618 2536 per
1638 2467 1815 2520 omnia
1848 2480 2092 2535 magnam

507 2574 658 2612 suam
684 2574 805 2614 cuin
838 2559 996 2616 Patre
1029 2561 1395 2616 concordiam.
1443 2560 1572 2614 Natu
1600 2561 1643 2614 si
1680 2563 1978 2615 contrarius
2008 2576 2094 2614 es-

508 2651 970 2713 set,contrarium
1023 2653 1165 2706 circa
1219 2651 1387 2720 legem
1437 2651 1672 2712 diceret;
1730 2667 1872 2706 nunc
1913 2661 2094 2706 autem

511 2750 707 2794 tantam
735 2741 886 2809 jubet
928 2757 1053 2813 erga
1099 2743 1269 2812 ipsam
1305 2742 1545 2798 exhiberi
1600 2743 1992 2809 reverentiam,
2039 2752 2097 2797 ut

510 2831 608 2884 etsi
637 2832 873 2902 corrupti
897 2832 1146 2886 doctores
1171 2844 1344 2897 erant,
1379 2833 1523 2886 illam
1558 2843 1733 2889 tamen
1757 2835 1942 2903 jubeat
1971 2848 2087 2889 ser-

509 2925 643 2976 vari.
671 2924 766 2978 llic
791 2940 920 2978 vero
945 2926 1105 2980 etiam
1129 2926 1198 2980 de
1226 2927 1347 2980 vine
1370 2926 1610 2980 instituto
1636 2928 1782 2996 agit,
1811 2927 1932 2997 quia
1963 2925 2092 2980 illud

511 3015 742 3071 maxime
770 3031 930 3072 causa
963 3016 1356 3072 incredulitatis
1412 3018 1540 3089 ipsis
1581 3029 1715 3082 erat,
1758 3020 1862 3073 vita
1898 3034 2092 3088 nempe

507 3119 777 3181 corrupta,
810 3121 863 3166 et
890 3111 1072 3182 gloria:
1101 3126 1272 3166 amor.
1306 3112 1592 3168 Auditores
1623 3114 1780 3184 igitur
1809 3123 1866 3166 ut
1896 3129 2088 3167 emen-

508 3201 620 3267 det,
652 3203 779 3258 illud
826 3204 1058 3260 maxime
1094 3203 1247 3273 jubet
1291 3203 1433 3273 quod
1473 3205 1700 3273 primtnn
1751 3205 1818 3259 ad
1865 3205 2090 3259 salutem

505 3293 874 3356 conducebat.
906 3310 1098 3363 nempe
1142 3295 1390 3350 doctores
1437 3311 1543 3352 non
1591 3305 1965 3360 contemnere,
1995 3313 2095 3352 nec

507 3397 693 3443 contra
721 3388 1028 3442 sacerdotes
1050 3390 1344 3458 insurgere.
1373 3388 1556 3458 Neque
1585 3389 1744 3443 modo
1777 3389 1952 3460 jubet,
1996 3389 2090 3444 sed

507 3482 668 3535 etiam
702 3481 816 3550 ipse
844 3491 1040 3536 servat.
1071 3482 1200 3536 Nam
1228 3495 1510 3552 corruptos
1554 3483 1670 3537 illos
1698 3498 1728 3538 e
1773 3482 1938 3554 gradu
1986 3500 2090 3537 non

507 3570 726 3640 dejicit;
755 3587 856 3642 qua
886 3573 1091 3629 ratione
1119 3574 1223 3629 illis
1248 3577 1459 3645 gravius
1495 3575 1752 3645 judicium
1771 3571 2091 3635 attrabebat,

511 3664 753 3734 disipulis
774 3681 901 3720 vero
924 3667 1120 3721 nullam
1171 3668 1507 3739 relinquebat
1535 3669 1911 3724 inobedientia:
1939 3683 2094 3722 ocea-

507 3761 739 3812 sioncm.
772 3756 847 3812 Ne
887 3759 1006 3830 quis
1061 3774 1222 3830 porro
1251 3762 1486 3825 diceret,
1513 3761 1648 3830 Quia
1681 3761 1952 3832 improbus
1991 3761 2091 3814 do-

507 3859 626 3904 ctor
650 3862 752 3919 est,
787 3851 906 3908 ideo
935 3855 1150 3923 segnior
1165 3854 1309 3909 evasi
1342 3873 1355 3910 :
1389 3855 1528 3910 lumc
1557 3871 1767 3926 quoque
1813 3855 2091 3911 obtentum

507 3942 701 3998 aufert.
773 3943 863 4000 Sic
914 3959 1044 4014 etgo
1093 3945 1308 4000 illorum
1369 3944 1723 4016 principatum
1795 3945 2091 4011 constituit,

505 4036 714 4090 etiamsi
744 4036 973 4105 improbi
1006 4047 1208 4101 essent,
1237 4039 1306 4092 ita
1337 4048 1392 4091 ut
1422 4049 1540 4106 post
1562 4049 1759 4093 tantam
1790 4039 1916 4108 ipsis
1944 4039 2094 4093 obla-

509 4139 616 4182 tam
648 4128 1077 4184 criminationem
1108 4131 1350 4185 diceret:
1393 4131 1598 4194 Omnia,
1641 4148 1966 4202 quacumque
2009 4131 2090 4184 di-

511 4221 677 4274 :rcrint
704 4221 858 4284 vobis,
894 4222 1045 4292 facile
1069 4239 1087 4275 :
1121 4238 1293 4292 neque
1320 4225 1460 4278 enim
1491 4240 1584 4279 sua
1612 4223 1818 4290 dicunt,
1850 4225 1946 4279 sed
1972 4241 2090 4293 qua:

516 4310 607 4365 Dei
630 4319 774 4378 sunt,
806 4328 926 4382 qua:
947 4327 1044 4381 per
1073 4313 1290 4384 Moysen
1318 4314 1404 4369 ille
1430 4316 1702 4386 prmcepit.
1735 4316 2090 4372 Animadver-

513 4411 565 4455 te
612 4410 868 4470 quantutn
911 4401 1077 4472 Moysi
1121 4403 1327 4458 deferat
1361 4403 1656 4466 lmnorcm.
1714 4421 1896 4460 rursus
1940 4421 2090 4461 suam

512 4509 635 4548 cum
665 4494 829 4550 veteri
859 4494 978 4565 lege
1029 4495 1371 4550 concordiam
1400 4497 1711 4562 ostendens,
1758 4497 2094 4566 quandoqui-

513 4585 635 4638 dem
662 4584 789 4639 hinc
821 4584 939 4639 illos
969 4586 1307 4641 venerabiles
1345 4586 1538 4641 reddit.
1582 4587 1752 4657 Super
1803 4589 2093 4642 cathedram

517 4675 688 4746 Moysi
707 4679 962 4742 sederunt,
985 4677 1170 4747 inquit.
1196 4677 1325 4744 Quia
1368 4694 1472 4732 non
1499 4687 1706 4746 poterat
1755 4679 1874 4734 illos
1893 4695 1958 4733 ex
1987 4679 2090 4732 vita

493 4754 893 4822 commendare
915 4809 930 4832 .
953 4784 981 4822 a
1013 4769 1204 4838 quibus
1230 4768 1421 4823 licebat
1445 4769 1494 4823 id
1519 4768 1661 4834 facit,
1686 4785 1715 4822 a
1743 4771 1870 4825 sedc
1899 4785 2092 4839 nempe

514 4876 567 4912 et
590 4876 617 4912 a
647 4859 990 4915 successione
1009 4863 1051 4914 ².
1087 4859 1272 4914 Onmia
1293 4872 1466 4916 autem
1495 4877 1614 4917 cum
1639 4863 1810 4930 audis,
1836 4879 1903 4918 ne
1927 4873 2086 4917 totam

518 4951 689 5021 legem
717 4967 834 5006 esse
865 4963 1051 5023 putes:
1097 4953 1164 5008 de
1188 4953 1321 5007 cibis
1355 4970 1580 5022 nempe,
1620 4954 1689 5009 de
1717 4957 1993 5010 sacriﬁciis
2041 4964 2097 5010 et

517 5042 801 5096 sintilibus.
827 5043 1107 5110 Quomodo
1127 5045 1268 5100 enim
1292 5043 1408 5100 huic
1428 5045 1665 5101 dicturus
1687 5057 1823 5113 erat,
1850 5048 1939 5116 qui
1971 5059 2096 5102 ante

516 5134 839 5189 sustulerat?
859 5135 963 5192 Sed
991 5135 1176 5191 Omnia
1196 5136 1344 5202 dicit,
1373 5155 1491 5209 qua:
1521 5155 1697 5193 mores
1723 5140 2093 5202 emendarem,

517 5230 965 5300 etcorrigerent,
1014 5247 1238 5302 qumque
1260 5248 1379 5288 cum
1431 5248 1583 5287 nova:
1633 5233 1763 5303 legis
1816 5236 2097 5303 przcceptis

523 5321 899 5392 congruerent,
925 5339 1102 5394 neque
1130 5327 1264 5380 ultra
1295 5325 1531 5381 sinerent
1561 5327 1659 5379 sub
1679 5327 1805 5396 jugo
1839 5328 1969 5396 legis
2012 5343 2097 5380 es-

526 5431 606 5468 te.
634 5414 745 5471 Cur
769 5431 897 5486 ergo
926 5431 1076 5470 nona
1110 5416 1224 5487 lege
1250 5420 1434 5489 gratia:
1480 5419 1530 5473 id
1578 5419 1872 5478 constituit,
1927 5419 2016 5472 scd
2068 5435 2099 5473 a

586 5569 601 5598 ί
625 5565 812 5617 Titulus
833 5567 958 5630 apud
971 5567 1145 5634 Morel.
1170 5570 1349 5634 desinit
1371 5570 1463 5634 hoc
1484 5571 1652 5622 mcdo:
1676 5572 1936 5622 secundum
1956 5585 2103 5634 opera

523 5639 631 5677 cera
652 5642 816 5677 eorum
841 5643 933 5680 non
957 5631 1101 5689 facite
1124 5644 1142 5681 :
1169 5631 1331 5685 dicunt
1352 5632 1497 5687 enim.
1513 5640 1558 5683 et
1581 5646 1672 5683 non
1695 5635 1892 5693 faciunt.

587 5713 606 5743 ⁸
629 5712 823 5768 Quidam
851 5721 900 5763 et
925 5714 1086 5764 Morel.
1113 5715 1312 5778 habent,
1335 5715 1571 5778 doctrina,
1599 5731 1701 5780 lto,
1728 5717 2035 5770 surrcssium‘.

2211 1269 2324 1338 lege
2364 1269 2602 1340 Moysis?
2629 1270 2759 1336 Quia
2782 1279 2904 1325 ante
2933 1287 3144 1327 crucem
3166 1282 3374 1342 tempus
3396 1288 3495 1327 non
3523 1285 3620 1328 erat
3645 1276 3732 1331 hac

2203 1363 2352 1416 clare
2385 1363 2658 1431 loquendi.
2690 1363 2767 1416 Ad
2800 1365 2914 1419 lnrc
2941 1381 3068 1419 vero
3116 1366 3242 1419 mihi
3298 1367 3510 1436 quidem
3561 1370 3734 1424 videtur

2203 1452 2345 1506 aliud
2376 1452 2646 1524 quidpiam
2689 1455 2774 1508 hic
2808 1457 2953 1522 prius
2981 1456 3282 1524 providere.
3333 1459 3464 1526 Quia
3500 1462 3627 1514 enim
3665 1477 3732 1514 ac-

2203 1554 2485 1600 cusaturus
2509 1547 2625 1600 illos
2651 1559 2787 1612 erat,
2817 1563 2884 1602 ne
2912 1549 2978 1601 ab
3011 1549 3211 1603 insanis
3230 1550 3537 1619 quibusdam
3563 1562 3727 1620 putare-

2205 1644 2291 1688 tur
2331 1650 2514 1689 eorum
2564 1637 2915 1706 principatum
2963 1639 3190 1705 ambire,
3219 1649 3310 1694 aut
3335 1655 3399 1694 ex
3430 1641 3670 1696 inimicitia
3696 1642 3736 1694 id

2204 1727 2398 1791 facere,
2429 1728 2563 1782 hanc
2590 1730 2762 1799 primo
2802 1731 2938 1784 tollit
2963 1731 3350 1802 suspicionem,
3377 1744 3428 1787 et
3474 1733 3537 1787 ab
3575 1733 3659 1788 hac
3683 1735 3734 1787 li-

2204 1819 2302 1873 ber
2325 1834 2579 1876 accusare
2607 1822 2812 1890 incipit.
2844 1824 2952 1877 Cur
2977 1833 3152 1878 autem
3182 1828 3358 1894 arguit
3387 1826 3522 1890 illos,
3559 1827 3734 1896 longos-

2202 1926 2305 1978 que
2325 1926 2387 1964 ea
2415 1911 2480 1967 de
2502 1929 2560 1968 re
2581 1929 2858 1970 sermones
2885 1917 3053 1971 texit?
3100 1917 3163 1972 Ut
3191 1929 3378 1973 caveat
3408 1919 3662 1973 multitudo
3685 1935 3734 1972 ne

2205 2002 2255 2055 in
2287 2002 2409 2056 talia
2441 2005 2654 2058 incidat.
2704 2005 2818 2060 Non
2845 2009 2985 2062 enim
3014 2009 3188 2063 simile
3217 2020 3302 2064 est
3329 2011 3628 2066 interdicere
3647 2051 3661 2072 ,
3696 2021 3734 2064 et

2203 2103 2486 2162 peccantes
2512 2096 2828 2151 ostendere:
2854 2099 2993 2153 sicut
3023 2115 3127 2152 non
3152 2101 3328 2156 simile
3355 2110 3436 2154 est
3463 2101 3584 2154 bona
3609 2117 3734 2169 open

2203 2184 2438 2249 laudare,
2469 2194 2522 2240 et
2549 2186 2660 2241 haec
2687 2198 2974 2258 operantes
2999 2190 3304 2244 inmedium
3329 2191 3600 2247 adducere.
3628 2192 3735 2246 Ideo-

2200 2290 2304 2344 que
2351 2276 2462 2330 htec
2487 2275 2668 2334 dicere
2699 2290 3038 2351 praeoccupat
3065 2300 3078 2333 :
3113 2282 3407 2337 Secundum
3435 2295 3591 2337 atucm
3615 2299 3736 2352 opm

2200 2384 2374 2422 eorum
2403 2371 2560 2424 nolite
2597 2373 2785 2439 facere.
2832 2373 2909 2428 Ne
2941 2385 3224 2444 putarent,
3273 2392 3430 2446 quem
3470 2377 3636 2431 audire
3664 2391 3736 2431 eos

2199 2461 2503 2527 oportebat,
2537 2464 2696 2517 etiam
2727 2466 2918 2519 imitari
2952 2478 3220 2536 oportere,
3253 2469 3356 2522 hac
3386 2471 3542 2523 utitur
3577 2484 3729 2522 emen-

2199 2550 2438 2619 datione,
2464 2563 2518 2608 et
2548 2556 2686 2622 quod
2718 2556 2822 2610 illis
2851 2557 3128 2612 videbatur
3155 2559 3347 2612 honori
3369 2574 3519 2624 esse,
3548 2559 3737 2612 inaccu-

2200 2644 2461 2698 sationem
2510 2648 2688 2700 vertit.
2736 2647 2872 2715 Quid
2906 2650 3048 2703 enim
3088 2649 3311 2706 doctore
3367 2652 3455 2706 illo
3498 2651 3735 2706 miserabi-

2203 2735 2305 2791 lius
2331 2777 2346 2801 ,
2389 2739 2477 2807 qui
2514 2739 2803 2809 discipulos
2829 2743 2896 2795 ita
2929 2744 3101 2796 solum
3143 2760 3362 2799 servare
3389 2745 3564 2814 possit,
3591 2744 3629 2797 si
3654 2757 3736 2797 non

2197 2831 2474 2886 attendant
2499 2833 2666 2902 ipsius
2695 2835 2979 2904 operibus?
3010 2836 3081 2890 Ita
3107 2847 3164 2891 ut
3191 2837 3289 2908 qui
3317 2838 3519 2893 videtur
3545 2837 3635 2892 illis
3659 2835 3735 2888 ho-

2197 2941 2299 2978 nor
2321 2924 2534 2991 haberi,
2567 2929 2795 2984 maxime
2819 2932 2888 2984 sit
2913 2931 3180 2985 accusatio
3199 2971 3216 2996 ,
3259 2931 3474 3001 quando
3495 2929 3637 2985 talem
3671 2928 3735 2982 vi-

2199 3024 2304 3068 tam
2331 3016 2551 3082 ducunt,
2589 3035 2690 3088 qua
2724 3020 3017 3076 imitatores
3047 3022 3127 3076 sui
3153 3032 3577 3090 corrumpantur.
3619 3021 3735 3075 lden-

2197 3123 2306 3179 que
2331 3110 2399 3163 ad
2445 3110 2767 3167 incusandos
2809 3113 2927 3168 illos
2955 3129 3014 3170 se
3037 3117 3326 3172 convertit.
3363 3116 3538 3187 Neque
3572 3130 3626 3170 ea
3665 3128 3734 3169 so-

2199 3203 2307 3256 lum
2329 3202 2398 3258 de
2424 3218 2581 3258 causa
2605 3245 2620 3267 ,
2653 3204 2746 3259 sed
2775 3214 2832 3258 ut
2869 3207 3135 3268 ostendat.
3179 3208 3593 3263 incredulitatem
3620 3207 3733 3275 prio-

2201 3313 2312 3350 rem
2335 3311 2544 3362 eorum,
2576 3306 2632 3352 et
2654 3297 3000 3367 crucifigeudi
3034 3299 3237 3352 facinus
3267 3299 3413 3370 quod
3440 3309 3605 3368 postea
3638 3311 3732 3350 sas-

2198 3399 2472 3457 ceperunt,
2502 3403 2607 3442 non
2635 3388 2893 3455 cruciﬁxi,
2926 3391 3008 3444 cui
3041 3407 3145 3444 non
3177 3391 3540 3455 crediderunt,
3565 3389 3731 3458 culpam

2201 3494 2344 3543 esse,
2372 3478 2466 3532 sed
2509 3480 2874 3550 improborum
2929 3483 3371 3551 ingratorumque
3395 3483 3610 3535 illorum.
3637 3482 3732 3533 l‘cr-

2200 3571 2373 3642 pende
2401 3581 2578 3625 autem
2611 3572 2750 3626 unde
2791 3573 3026 3643 incipiat,
3056 3582 3110 3628 et
3139 3573 3281 3627 unde
3305 3574 3528 3628 crimina
3563 3579 3730 3642 augeat.

2201 3665 2416 3730 Dicunt,
2453 3666 2640 3735 inquit,
2671 3675 2716 3719 et
2737 3683 2834 3720 non
2857 3667 3067 3736 faciunt.
3092 3667 3326 3736 Singuli,
3346 3668 3532 3738 inqttil,
3561 3666 3734 3736 perinde

2197 3757 2446 3825 culpandi
2491 3766 2647 3820 sunt,
2679 3758 2768 3826 qui
2812 3758 2984 3827 legem
3017 3759 3521 3823 transgrediuntur;
3550 3754 3736 3811 maxime

2198 3862 2380 3904 autem
2426 3850 2471 3904 is
2523 3849 2612 3919 qui
2651 3849 2876 3904 docendi
2925 3851 3304 3904 auctoritatem
3350 3851 3531 3906 habet:
3579 3845 3734 3916 dup!ici

2197 3941 2393 4010 quippe
2433 3950 2488 3995 et
2525 3940 2718 4010 triplici
2765 3940 3092 3996 damnationi
3141 3943 3412 3996 obnoxius
3457 3952 3553 3997 est.
3592 3940 3737 3995 Primo

2198 4032 2436 4100 quidem,
2479 4033 2618 4101 quod
2661 4032 3116 4102 transgrediatur;
3157 4033 3432 4096 secundo,
3475 4031 3604 4102 quod
3643 4044 3735 4083 cum

2197 4125 2328 4179 alios
2369 4123 2656 4180 emendare
2699 4123 2942 4188 deberet,
2992 4124 3185 4180 deinde
3237 4126 3382 4194 quod
3405 4123 3677 4178 claudicans
3696 4119 3734 4173 id

2200 4215 2376 4279 faciat,
2405 4215 2476 4270 ob
2507 4217 2673 4285 ipsam
2703 4215 3011 4286 dignitatem
3042 4216 3228 4286 majori
3267 4231 3423 4285 [KBIIII
3451 4215 3624 4285 dignus
3641 4221 3734 4267 est:

2203 4309 2362 4362 tertio
2385 4349 2399 4372 ,
2429 4307 2572 4378 quod
2603 4308 2824 4374 majoris
2857 4308 3173 4377 corruptelae
3211 4322 3374 4362 causa
3418 4309 3513 4370 sit,
3557 4304 3661 4374 quia
3697 4317 3738 4353 ut

2197 4400 2435 4456 doctoris
2455 4400 2644 4454 ordine
2672 4399 2784 4454 ltzrc
2804 4410 3099 4469 perpetrct.
3131 4400 3209 4454 Ad
3239 4405 3358 4454 bare
3402 4399 3536 4454 aliud
3565 4409 3738 4466 quoque

2197 4490 2325 4559 ipsis
2349 4492 2551 4546 crimen
2583 4491 2791 4560 objicit,
2820 4491 2962 4558 quod
3007 4505 3130 4560 erga
3160 4491 3296 4546 alios
3322 4492 3434 4546 sint
3459 4487 3657 4545 acerbi:
3692 4484 3735 4538 Δ.

2197 4582 2423 4653 Alligant
2447 4583 2579 4636 enim
2606 4598 2761 4635 onera
2791 4582 2964 4650 gravia
2980 4591 3025 4633 et
3047 4581 3414 4651 importabilia,
3444 4592 3490 4635 et
3515 4582 3739 4650 imponunt

2197 4676 2247 4728 in
2268 4678 2501 4729 humeros
2521 4675 2815 4738 hominum;
2846 4675 3004 4745 digito
3032 4684 3197 4727 autent
3235 4691 3333 4728 suo
3370 4676 3542 4730 uolunt
3563 4689 3616 4728 ea
3651 4685 3738 4722 uto—

2197 4783 2329 4820 vcre.
2364 4767 2634 4834 anliccm
2668 4765 2755 4820 bic
2781 4767 3068 4835 nequitiam
3102 4776 3402 4830 memorat,
3439 4767 3615 4837 quoda
3638 4763 3741 4816 sub—

2196 4858 2323 4913 ditis
2375 4857 2498 4912 sine
2530 4857 2631 4912 ulla
2659 4858 2811 4911 venia
2844 4857 3084 4912 sedulam
3131 4859 3413 4927 requirant
3435 4859 3549 4912 vita:
3572 4855 3735 4926 purita-

2201 4951 2662 5018 tem,multamqne
2689 4948 2786 5001 sibi
2829 4949 3092 5003 licentiam
3123 4950 3461 5016 permittant;
3489 4949 3617 5018 quod
3639 4960 3740 4998 cote

2202 5046 2420 5098 trarium
2456 5052 2538 5098 est
2571 5043 2694 5096 boui
2729 5041 2983 5110 principis
3016 5042 3226 5105 ofﬁcio,
3265 5043 3408 5111 quod
3441 5043 3586 5097 estin
3615 5038 3739 5092 rebus

2198 5151 2258 5189 se
2305 5133 2669 5202 Spectantibus
2701 5132 2935 5202 judicent
2977 5148 3097 5188 esse
3129 5148 3376 5188 severum
3407 5149 3470 5187 ac
3512 5134 3620 5188 sine
3659 5128 3738 5180 1ιὶίὲ

2201 5225 2353 5277 venia
2382 5241 2396 5286 ;
2441 5224 2489 5276 in
2521 5223 2851 5278 subditorum
2883 5237 3011 5277 vero
3041 5225 3271 5292 peccatis
3301 5224 3480 5278 mitem
3507 5233 3557 5277 et
3582 5221 3638 5274 ad
3667 5233 3738 5268 vc-

2201 5319 2340 5372 niam
2364 5317 2592 5371 dandam
2616 5331 2836 5385 promun
2871 5334 2884 5370 :
2919 5315 3114 5371 hivero
3147 5319 3470 5371 contrarium
3497 5313 3736 5370 faciebant.

2263 5436 2319 5489 εὶ.
2337 5436 2494 5489 Tales
2511 5443 2637 5487 sunt
2656 5432 2688 5486 ii
2708 5448 2898 5488 omnes
2919 5433 3012 5504 qui
3029 5434 3204 5490 verbis
3220 5434 3740 5504 philosophantur,se-

2207 5529 2317 5582 veri
2343 5543 2535 5597 nempe
2551 5537 2604 5582 et
2623 5524 3100 5590 immiscricordes,
3121 5536 3306 5596 utpote
3330 5529 3508 5598 operis
3539 5524 3733 5580 ditlicul-

2210 5634 2371 5677 tatem
2404 5636 2511 5675 non
2552 5619 2776 5689 experti.
2817 5617 2929 5672 Nec
2961 5621 3170 5674 modica
3203 5627 3286 5674 est
3310 5619 3398 5673 illa
3437 5617 3718 5688 improbitas

2214 5733 2275 5770 uc
2298 5729 2386 5787 pte
2408 5731 2596 5784 parum
2619 5724 2776 5784 auget
2795 5712 3242 5766 criminationem.
3262 5711 3342 5766 Tu
3359 5729 3479 5767 vero
3496 5711 3612 5765 mihi
3631 5723 3734 5762 cou-
