4000 6206
320 312 421 367 669

314 430 522 482 sitleres
542 425 699 479 velim
717 463 732 486 ,
760 422 1033 493 quomodo
1057 424 1261 478 crimen
1301 432 1511 490 augeat.
1539 420 1720 490 Neque
1743 426 1887 475 enin.

310 522 469 582 dixit,
489 519 603 573 Non
624 526 871 589 possunt,
888 515 1004 579 sed,
1024 516 1221 569 Nolunt
1238 532 1256 568 :
1273 530 1446 585 neque
1468 516 1624 579 dixit,
1647 515 1888 576 Portare,

308 615 427 676 sed,
457 612 635 681 Digito
654 626 873 673 movere,
900 610 949 662 id
973 619 1075 672 est,
1094 624 1192 661 nec
1217 622 1378 677 prope
1403 607 1686 668 accedere.
1713 619 1891 674 neque

316 713 556 770 tangere.
599 700 702 756 Sed
749 700 960 754 ubinam
1003 699 1221 753 studiosi
1258 708 1310 751 et
1336 698 1617 766 diligentes
1645 693 1810 746 sunt?
1837 693 1890 745 In

315 795 597 864 prohibitis
623 810 637 859 ;
668 810 786 845 nam
813 794 887 847 ait
915 811 927 844 :
960 792 1013 845 5.
1049 792 1233 844 Omnia
1262 790 1392 843 enim
1408 805 1559 855 opera
1574 804 1665 839 sua
1679 786 1890 856 faciunt,

311 896 370 938 ιιι
417 885 678 937 videantur
721 884 783 936 ab
821 881 1117 935 hominibus.
1147 881 1318 934 Inanis
1346 878 1529 949 gloria:
1554 877 1894 946 cupiditatem

311 991 499 1026 eorum
550 972 633 1025 his
663 972 918 1037 traducit,
948 987 1049 1040 qna
1080 972 1366 1040 perierunt.
1398 969 1575 1022 Priora
1605 967 1745 1020 enim
1770 981 1891 1019 cru-

311 1066 544 1117 delitatis
583 1075 633 1117 et
678 1063 893 1116 desidia:
939 1073 1124 1123 erant,
1174 1061 1287 1113 hinc
1316 1071 1490 1113 autem
1520 1058 1687 1111 inanis
1715 1056 1895 1122 gloria:

312 1155 639 1223 cupiditatis.
689 1154 798 1206 IIoc
842 1153 962 1205 illos
1009 1168 1036 1204 a
1082 1153 1188 1205 Deo
1218 1153 1478 1205 removit:
1510 1149 1609 1203 hoc
1638 1147 1812 1201 elI'ecit
1841 1155 1896 1198 ut

314 1246 370 1299 in
414 1246 517 1298 alio
559 1244 765 1297 theatro
808 1251 1205 1304 concertarent,
1247 1252 1298 1295 et
1346 1242 1597 1309 perirent.
1630 1238 1758 1292 Nam
1786 1236 1895 1289 suis

314 1337 706 1405 spectatoribus
744 1337 965 1405 quisque
998 1335 1207 1405 placere
1228 1333 1406 1389 studet
1435 1349 1526 1401 per
1547 1330 1894 1386 certaminum

314 1430 624 1497 qualitatem
655 1445 667 1480 :
701 1429 788 1497 qni
815 1439 938 1483 ante
962 1428 1103 1482 viros
1131 1438 1376 1481 strenuos
1408 1434 1604 1496 pugnat
1635 1424 1751 1478 talia
1780 1434 1862 1476 stu
1882 1451 1895 1462 ο

315 1518 409 1573 det
438 1519 723 1573 certamina
748 1520 983 1584 referre;
1014 1520 1099 1590 qui
1129 1535 1255 1573 vero
1282 1529 1406 1573 ante
1428 1518 1641 1572 timidos
1666 1526 1719 1572 et
1748 1518 1895 1586 igua-

315 1623 416 1661 “0’5
436 1648 451 1671 ν
503 1609 615 1677 ipse
662 1624 871 1679 quoque
902 1610 1121 1679 ignavus
1150 1608 1393 1665 efﬁcitur.
1430 1608 1585 1663 Verbi
1614 1608 1777 1677 gratia
1803 1646 1818 1669 ,
1850 1607 1895 1659 si

317 1700 441 1767 quis
471 1708 819 1768 spectatorem
849 1698 1043 1753 habeat
1067 1699 1230 1752 risum
1261 1710 1525 1752 amantem
1544 1740 1559 1765 ,
1587 1698 1750 1752 risum
1783 1698 1897 1765 ipse

318 1800 536 1852 movet,
585 1798 638 1842 ut
685 1799 1036 1857 Spectatorcm
1080 1789 1346 1854 delectet;
1379 1791 1516 1844 alios
1544 1788 1630 1859 qui
1667 1788 1894 1857 philoso-

316 1878 482 1948 phum
531 1890 585 1933 et
629 1881 922 1934 studiosum
951 1880 1109 1935 habet
1133 1890 1484 1949 spectatorem
1506 1921 1522 1945 ,
1557 1880 1675 1933 talis
1700 1889 1754 1933 et
1784 1878 1896 1947 ipse

316 1971 457 2023 efﬁci
498 1980 645 2022 curat
665 2012 679 2033 ,
711 1970 829 2038 quia
861 1971 981 2024 talis
1012 1979 1094 2023 est
1119 1971 1382 2024 laudantis
1404 1972 1631 2024 animus.
1658 1969 1753 2023 llic
1782 1984 1897 2021 rur-

313 2076 436 2113 sum
486 2062 601 2113 vide
646 2060 912 2129 quomodo
953 2062 1154 2114 crimen
1199 2059 1504 2129 ampliﬁcet.
1548 2060 1728 2129 Neque
1754 2059 1894 2113 enim

312 2152 419 2203 alia
466 2151 542 2203 sie
562 2192 576 2212 ,
608 2151 710 2204 alia
734 2167 857 2204 vero
886 2168 988 2204 non
1017 2153 1093 2205 sic
1125 2151 1352 2216 faciunt;
1386 2152 1476 2206 sed
1505 2153 1681 2205 omnia
1709 2151 1897 2205 simili-

316 2252 419 2293 ter.
473 2241 669 2296 Deinde
719 2251 998 2313 postquam
1046 2260 1192 2297 vana:
1240 2245 1425 2314 gloria:
1471 2245 1893 2298 criminationem

316 2332 449 2399 ipsis
495 2332 756 2385 obtulerat
783 2374 798 2397 ,
844 2342 1104 2386 monstrat
1146 2349 1239 2387 eos
1264 2348 1368 2387 non
1398 2336 1462 2387 de
1495 2340 1695 2404 magnis
1723 2342 1776 2388 ct
1804 2348 1894 2387 ne—

316 2424 567 2476 cessariis
614 2424 825 2491 gloriari
873 2422 1024 2495 (nihil
1072 2427 1212 2479 enim
1262 2425 1365 2478 tale
1410 2426 1709 2488 habebant;
1744 2433 1895 2479 erant

284 2516 513 2582 quippe
560 2514 709 2567 bouis
748 2515 995 2584 operibus
1040 2532 1258 2584 prorsus
1300 2517 1447 2570 vacui
1472 2517 1512 2584 ),
1553 2516 1646 2570 sed
1698 2516 1765 2569 de
1804 2514 1896 2567 fri-

315 2606 456 2674 gidis
493 2614 549 2660 et
592 2606 661 2660 de
707 2608 938 2660 minimis
980 2608 1139 2661 rebus
1190 2608 1244 2671 ι,
1289 2624 1406 2677 qua:
1451 2616 1605 2660 erant
1645 2607 1893 2675 nequitia:

315 2700 527 2753 illorum
562 2700 772 2753 indicia.
806 2698 1032 2752 Dilatant
1063 2702 1195 2753 enim
1222 2701 1530 2769 pltylucteria
1554 2717 1666 2764 sua,
1694 2700 1891 2769 inquit;

313 2800 361 2842 et
384 2791 709 2858 magni/ierint
728 2789 949 2857 ﬁmbrias
969 2792 1365 2847 vestimentorum
1385 2807 1611 2855 suorum.

384 2878 716 2949 Phy/arteria
760 2882 879 2949 quid
924 2892 1103 2935 essent.
1133 2912 1202 2924 ---
1242 2884 1415 2952 Ecqua
1442 2893 1564 2936 sunt
1596 2883 1678 2936 illa
1707 2881 1895 2952 phyla-

307 2972 479 3024 cteria
502 3010 518 3034 ,
562 2986 679 3038 qua:
710 2972 928 3025 ﬁmbria:
950 2973 974 3022 Υ
999 2973 1129 3039 Quia
1164 2988 1304 3042 sape
1331 2974 1774 3027 obliviscebantur
1808 2973 1896 3027 be-

309 3060 626 3115 neﬁciorum
661 3062 771 3125 Dei,
797 3062 953 3131 jussit
983 3067 1033 3116 in
1063 3065 1296 3118 minima:
1325 3066 1475 3117 molis
1495 3066 1639 3118 libris
1666 3065 1892 3118 describi

309 3156 568 3209 miracula
614 3155 812 3223 ipsius,
863 3165 916 3211 et
958 3158 1182 3226 appendi
1213 3158 1453 3211 manibus
1483 3174 1687 3211 eorum.
1721 3160 1894 3225 Quare

304 3246 443 3299 dixit
488 3267 501 3301 :
556 3245 664 3299 Nec
714 3249 1091 3301 removebuntur
1130 3249 1193 3301 ab
1218 3249 1375 3302 oculis
1403 3250 1499 3302 tuis
1529 3248 1703 3319 (Deut.
1733 3253 1785 3304 6.
1814 3247 1891 3319 8).

304 3341 443 3409 Qua:
490 3341 845 3411 pbylacteria,
890 3343 1038 3411 quasi
1084 3342 1230 3396 dicas
1273 3343 1667 3396 conscrvatoria
1693 3384 1707 3407 ,
1736 3358 1893 3395 voca-

305 3433 536 3498 bantur,
571 3441 627 3485 ut
662 3434 841 3486 multa:
884 3448 1023 3487 nunc
1062 3434 1315 3487 mulieres
1352 3433 1625 3502 evangelia
1661 3449 1725 3487 ex
1755 3432 1893 3487 collo

307 3524 600 3593 pendentia
647 3524 840 3578 habent
866 3542 879 3590 ;
908 3534 961 3579 et
990 3534 1047 3578 ιιι
1072 3524 1285 3578 aliunde
1317 3526 1367 3577 in
1398 3526 1706 3579 memoriam
1735 3524 1893 3577 redu-

304 3628 541 3679 cantur,
586 3614 637 3668 id
686 3616 826 3685 quod
870 3615 1019 3669 mttlti
1046 3631 1187 3685 sape
1231 3615 1466 3681 faciunt,
1514 3614 1792 3668 oblivionis
1816 3615 1894 3667 vi-

308 3706 492 3759 lauda:
512 3721 668 3759 caiisa
698 3706 805 3759 lino
828 3716 918 3759 aut
946 3706 1032 3759 ﬁlo
1055 3706 1274 3775 digitum
1303 3706 1525 3775 Iigantes
1545 3746 1560 3769 ,
1589 3706 1687 3760 hoc
1712 3706 1815 3759 illis
1838 3715 1895 3760 nt

310 3800 498 3867 pueris
537 3799 675 3851 Deus
712 3798 888 3854 facere
915 3800 1182 3869 praecepit,
1209 3799 1600 3869 liyacintbinam
1631 3800 1812 3852 vittam
1841 3801 1891 3852 in

310 3905 410 3943 ora
442 3892 603 3943 vesds
626 3891 765 3943 circa
797 3890 960 3959 pedes
990 3905 1205 3945 assuere
1235 3890 1421 3959 (Num.
1452 3891 1540 3943 15.
1566 3890 1656 3958 58)
1683 3932 1697 3954 ,
1726 3902 1779 3944 ιιι
1811 3890 1894 3944 his

309 3984 553 4036 animum
580 3982 894 4036 adhibentes
926 3994 1309 4052 prteceptorttm
1333 3984 1741 4037 recordarentur
1764 4000 1777 4046 ;
1803 3998 1893 4036 vo-

310 4074 678 4143 cabantnrque
724 4074 964 4128 ﬁmbrize.
1006 4075 1061 4129 In
1108 4074 1189 4129 bis
1217 4090 1341 4145 ergo
1369 4075 1591 4129 studiosi
1616 4084 1763 4128 erant
1786 4115 1800 4139 ,
1834 4074 1893 4128 Ii-

310 4165 503 4234 gacula
544 4164 801 4218 librorum
842 4164 1228 4229 extendentes,
1276 4174 1329 4220 et
1371 4166 1606 4220 ﬁmbrias
1648 4168 1777 4220 latas
1820 4165 1894 4221 fa-

309 4258 521 4309 cientes
544 4272 559 4318 ;
586 4256 725 4325 quod
756 4258 927 4312 inanis
956 4258 1136 4327 gloria:
1162 4270 1457 4313 extremum
1480 4268 1611 4313 erat.
1636 4258 1743 4311 Cur
1768 4275 1895 4327 ergo

312 4349 407 4400 illa
437 4347 717 4400 ambitiose
738 4348 1025 4401 extendis?
1048 4363 1113 4401 an
1142 4348 1193 4403 id
1221 4350 1339 4402 boni
1362 4352 1538 4417 aperis
1561 4351 1675 4404 loco
1697 4350 1897 4404 habes?

313 4455 445 4491 num
475 4440 600 4507 quid
628 4440 716 4493 tibi
747 4449 999 4508 prosunt,
1032 4442 1133 4495 nisi
1176 4442 1298 4495 hinc
1326 4442 1449 4510 qttid
1494 4443 1754 4497 lucrcris?
1780 4444 1892 4497 Non

309 4530 462 4582 enim
507 4531 694 4595 qua-rit
725 4531 862 4585 Dens
889 4541 945 4584 nt
973 4532 1058 4584 illa
1075 4532 1338 4585 extendas
1370 4542 1420 4587 et
1450 4536 1739 4602 ampliﬁces
1760 4575 1775 4597 ,
1802 4535 1894 4589 sed

311 4631 374 4673 ut
402 4620 599 4673 eximia
621 4636 777 4689 opera
795 4624 913 4689 ejus
928 4624 1179 4677 memoria
1206 4633 1403 4679 teneas.
1428 4625 1577 4690 Quod
1606 4627 1647 4679 si
1670 4625 1737 4680 de
1751 4627 1894 4682 elee-

312 4727 542 4784 mosyna
573 4722 625 4766 et
646 4713 865 4781 jejunio,
898 4731 1015 4783 qua:
1041 4715 1301 4770 laboriosa
1323 4727 1445 4770 sunt
1474 4728 1526 4770 et
1554 4718 1684 4771 bona
1711 4734 1890 4785 opera,

313 4816 423 4855 non
456 4803 577 4855 licet
598 4802 808 4871 gloriari
841 4825 854 4859 :
886 4821 980 4859 cur
1001 4806 1157 4860 tuilla
1184 4818 1418 4862 ostentus
1437 4849 1451 4873 ,
1474 4828 1507 4860 ιι
1534 4810 1715 4864 Jttdme
1735 4854 1748 4875 ,
1780 4828 1896 4880 qua:

313 4892 581 4946 desidiam
607 4903 748 4947 tuam
774 4897 1003 4950 maxime
1028 4899 1291 4965 arguunt?
1316 4900 1391 4952 Illi
1414 4916 1540 4953 vero
1570 4916 1672 4955 non
1697 4903 1759 4954 ad
1786 4902 1896 4957 lucc

311 4985 494 5037 solum
516 5024 531 5047 ,
554 4984 645 5037 sed
677 4994 731 5038 et
758 4986 822 5039 ad
845 4987 947 5041 alia
972 4989 1171 5042 minora
1201 4991 1441 5044 morbum
1472 5010 1623 5047 suum
1652 4997 1898 5050 extende-

313 5077 468 5129 bant.
495 5074 551 5131 6.
579 5077 762 5130 Amant
796 5081 947 5143 enim,
986 5082 1184 5151 inquit,
1214 5085 1401 5151 primos
1430 5088 1684 5140 accubitus
1715 5091 1765 5141 in
1794 5106 1895 5143 co:-

312 5168 427 5227 m's,
470 5178 518 5219 et
562 5170 750 5234 primos
790 5186 1047 5225 consessus
1085 5173 1135 5226 in
1158 5177 1459 5245 synagogis,
1486 5180 1535 5234 7.
1566 5190 1611 5232 et
1635 5182 1899 5235 salutatio-

314 5273 405 5311 na
445 5258 499 5310 in
542 5263 685 5329 foro,
729 5270 774 5313 et
801 5264 968 5316 vocari
995 5265 1056 5317 ab
1085 5267 1394 5335 hominibus,
1434 5270 1610 5325 Rabbt‘.
1648 5273 1769 5328 "me
1798 5278 1897 5329 etsi

314 5364 481 5415 parva
530 5352 808 5409 videantur
853 5373 1002 5423 esse,
1048 5360 1323 5429 grandinm
1373 5374 1544 5417 tamen
1592 5379 1709 5421 sunt
1741 5385 1896 5422 causa

318 5442 605 5495 malorum.
653 5444 776 5500 IIa-c
816 5457 865 5501 et
909 5451 1147 5503 civitates
1193 5463 1245 5507 et
1279 5453 1541 5508 Emicsias
1571 5470 1896 5515 everterunt.

318 5528 505 5603 Neque
554 5549 586 5588 a
633 5535 879 5610 lacrymis
922 5542 1190 5598 abstinere
1237 5562 1489 5616 possum,
1538 5564 1656 5606 cum
1702 5554 1899 5622 primos

383 5685 401 5719 ⁶
433 5688 553 5742 Alii.
573 5690 634 5742 de
652 5693 792 5745 rebus
814 5693 1020 5747 minimis
1045 5704 1089 5749 et
1110 5698 1287 5752 nullius
1310 5702 1475 5763 pretii.

1258 305 1324 359 IN
1358 306 1772 362 MATTIUEUM
1812 303 2040 360 IIOIIIL.
2080 302 2290 360 LXXII.
2333 305 2403 359 al.
2444 305 2676 362 LXXIII.

3480 308 3583 365 670

2000 433 2285 475 consessus
2331 420 2489 475 audio
2535 431 2588 474 et
2632 422 3010 488 salutationes,
3061 432 3115 479 et
3162 425 3339 495 cogito
3386 440 3581 497 quanta

2000 507 2123 563 hinc
2175 510 2312 563 mala
2362 512 2451 566 Dei
2504 511 2754 565 Ecclesiis
2804 514 3113 581 pariantur;
3145 531 3264 584 qua:
3288 516 3396 585 jam
3431 519 3583 572 vobis

1997 600 2261 653 recenseri
2311 615 2443 668 opus
2490 618 2592 654 non
2646 611 2726 655 est
2758 620 2771 654 :
2804 604 3041 658 seniores
3074 607 3268 676 quippe
3295 608 3345 660 id
3371 624 3397 659 a
3428 610 3583 663 nobis

1998 687 2233 742 ediscere
2278 705 2380 743 non
2432 690 2647 745 debent.
2697 693 2773 746 Tu
2824 710 2949 747 vero
2998 698 3299 765 perpende,
3328 711 3585 768 quantum

1998 789 2141 834 esset
2187 782 2357 835 inanis
2408 782 2591 851 gloria:
2636 784 2903 851 studium,
2950 788 3036 840 ubi
3073 788 3395 855 jubebantur
3436 791 3580 844 illam

1999 867 2220 938 fugere;
2271 872 2323 924 in
2372 874 2656 942 synagogis
2687 891 2904 945 nempe,
2939 877 3024 930 ubi
3052 881 3184 933 alios
3213 880 3458 935 edoctum
3489 898 3583 936 ve-

1999 960 2238 1015 niebant.
2272 960 2326 1014 In
2357 963 2527 1016 coettis
2552 964 2692 1016 enim
2727 966 2852 1018 illud
2880 968 3084 1022 admitti
3116 972 3280 1039 magis
3306 972 3581 1026 ferendum

2000 1050 2209 1103 videtur
2254 1068 2267 1103 :
2316 1068 2638 1121 quamquam
2688 1064 2740 1107 et
2780 1057 2884 1109 illic
2923 1058 3191 1113 doctorem
3220 1064 3426 1115 caeteris
3450 1079 3584 1131 pra:-

1999 1151 2141 1195 SIare
2188 1156 2280 1209 par
2322 1154 2435 1197 erat
2455 1186 2469 1209 ,
2504 1161 2607 1199 non
2638 1147 2689 1199 in
2716 1149 2954 1203 ecclesiis
2983 1161 3180 1205 tantum
3205 1194 3221 1219 ,
3255 1155 3347 1209 sed
3378 1162 3434 1208 et
3462 1157 3581 1209 tibi-

1999 1248 2122 1301 que.
2146 1234 2603 1297 Quemadmodtnn
2637 1239 2778 1291 enim
2809 1239 3001 1307 homo,
3033 1258 3365 1314 quocumque
3391 1247 3583 1301 inloco

2000 1334 2285 1391 appareat,
2317 1326 2525 1379 czeteris
2555 1329 2912 1383 animantibus
2942 1343 3191 1400 prtnstare
3215 1335 3578 1405 dignoscitur:

2000 1416 2077 1469 sic
2121 1415 2394 1471 doctorem
2422 1428 2474 1471 et
2504 1420 2806 1489 loquentem
2836 1431 2889 1475 et
2915 1432 3175 1479 tacentem
3194 1467 3208 1489 ,
3237 1437 3289 1481 et
3320 1428 3585 1497 pranden-

2003 1516 2106 1559 tem
2150 1516 2204 1560 et
2231 1508 2440 1576 quidvis
2477 1508 2789 1577 facientem,
2821 1515 3025 1569 οιιιιριυίε
3056 1525 3310 1584 praestare
3339 1534 3433 1587 par
3460 1530 3542 1574 est
3563 1562 3580 1587 ,

2001 1595 2053 1649 in
2101 1597 2344 1662 incessu,
2398 1600 2448 1652 in
2501 1613 2751 1670 aSpcctu,
2792 1604 2841 1657 in
2886 1605 3101 1673 habitu,
3148 1616 3202 1662 et
3232 1609 3281 1663 in
3313 1612 3581 1668 omnibus.

2003 1685 2079 1739 Illi
2122 1702 2247 1741 vero
2286 1690 2517 1758 undiqtte
2566 1692 2773 1746 ridiculi
2804 1704 2989 1759 erant,
3020 1707 3073 1750 et
3100 1698 3332 1767 nudique
3362 1709 3540 1770 turpes
3560 1745 3578 1768 ,

2001 1777 2119 1846 quia
2149 1779 2236 1832 illa
2269 1781 2513 1850 persequi
2554 1783 2878 1848 studebant,
2906 1802 3025 1855 qua:
3051 1786 3233 1857 fugere
3278 1793 3578 1859 oportebat.

2000 1869 2217 1934 Amant,
2267 1872 2467 1940 inquit;
2515 1873 2557 1926 si
2606 1888 2786 1929 amare
2829 1878 3030 1932 crimen
3066 1888 3182 1945 est,
3215 1880 3389 1937 facere
3413 1898 3583 1952 quan-

2004 1970 2111 2011 tum
2157 1962 2295 2014 erit?
2345 1963 2428 2016 illa
2471 1965 2685 2031 venari,
2718 1976 2769 2020 et
2796 1969 3007 2038 assequi
3053 1972 3295 2039 studere,
3325 1983 3581 2042 quantum

2001 2052 2103 2103 erit
2134 2053 2327 2105 malum
2355 2055 2378 2102 Υ

2072 2141 2124 2193 5.
2158 2139 2211 2193 In
2240 2144 2449 2197 caneris
2476 2143 2691 2214 quidem
2716 2160 2968 2203 accusare
2996 2151 3123 2205 satis
3154 2151 3369 2219 habuit,
3398 2166 3582 2225 utpote

2000 2246 2118 2300 qua:
2166 2248 2324 2302 parva
2373 2246 2550 2290 essent
2596 2247 2650 2291 et
2694 2239 2850 2305 vilia,
2896 2257 2995 2296 nec
3042 2243 3299 2300 deberent
3334 2248 3580 2317 discipuli

2001 2324 2138 2376 circa
2191 2326 2275 2379 illa
2325 2328 2516 2397 corrigi
2575 2345 2589 2385 :
2638 2331 2777 2398 quod
2827 2342 3003 2387 autem
3052 2339 3289 2392 omnium
3318 2342 3579 2395 malorum

2000 2427 2159 2465 causa
2205 2425 2353 2481 erat,
2403 2421 2728 2488 principatus
2772 2439 3043 2486 amorem,
3073 2436 3127 2481 et
3154 2427 3411 2483 doctrina:
3436 2433 3581 2486 sedis

2001 2501 2329 2560 invasionem
2352 2548 2367 2572 ,
2418 2511 2549 2566 illud
2572 2555 2585 2577 ,
2639 2515 2887 2584 inquam,
2918 2516 2969 2569 in
3002 2518 3234 2572 medium
3266 2522 3533 2577 adducens
3561 2565 3579 2590 ,

2000 2598 2284 2667 diligenter
2322 2604 2589 2673 corrigere
2635 2608 2843 2673 studet,
2884 2610 2933 2662 in
2967 2609 3051 2664 his
3077 2612 3419 2668 vehementer
3448 2616 3579 2670 insi-

1999 2698 2166 2742 stens.
2196 2691 2331 2756 Quid
2362 2695 2501 2747 cnim
2529 2697 2645 2749 ait?
2671 2699 2722 2751 8.
2767 2698 2866 2753 Vos
2893 2716 3009 2753 vero
3030 2701 3183 2755 nolite
3207 2705 3375 2756 vocari
3394 2704 3579 2762 Rabbi.

2001 2779 2133 2833 Ilinc
2172 2796 2329 2835 causa
2371 2785 2704 2855 subjungitur
2733 2806 2744 2841 :
2778 2788 2922 2843 Unus
2962 2802 3035 2844 est
3064 2796 3194 2847 enim
3228 2795 3471 2867 Magister
3490 2814 3578 2852 oe-

2000 2877 2140 2933 ster;
2185 2886 2357 2926 omnes
2382 2885 2545 2928 autem
2574 2892 2658 2930 vos
2702 2879 2885 2945 fratres
2927 2883 3084 2948 estis;
3115 2899 3212 2938 nec
3242 2886 3376 2940 alter
3405 2889 3576 2942 altero

2002 2965 2334 3026 pra:stanlior
2371 2976 2487 3031 est,
2513 2981 2631 3021 eum
2663 2971 2789 3025 nihil
2822 2988 2889 3026 ex
2919 2978 3095 3042 seipso
3122 2977 3331 3034 habeat.
3363 2981 3484 3035 Ideo
3508 2983 3580 3036 ait

1999 3048 2191 3103 Paulus
2238 3069 2253 3105 :
2308 3054 2429 3120 Quis
2481 3055 2674 3112 Paulus
2726 3076 2744 3113 :
2785 3068 2896 3133 quis
2929 3064 3155 3132 Apollo?
3195 3071 3306 3137 quis
3344 3071 3582 3141 Cap/tas?

1999 3156 2163 3195 nonne
2192 3145 2405 3197 ministri
2431 3148 2509 3211 (1.
2544 3149 2659 3203 Cor.
2694 3152 2746 3205 5.
2776 3154 2830 3206 4.
2862 3155 2961 3223 5)?
2988 3156 3103 3210 Non
3122 3158 3271 3225 dicit,
3300 3162 3576 3219 Doctores.

1999 3232 2067 3287 Et
2112 3236 2301 3289 iterum
2350 3254 2363 3289 :
2410 3238 2462 3290 9.
2513 3239 2596 3293 Ne
2640 3246 2821 3298 vocetis
2853 3244 3056 3300 Patrem
3086 3264 3106 3303 :
3133 3266 3235 3303 non
3265 3265 3319 3305 ιιι
3347 3270 3449 3307 non
3478 3271 3577 3309 vo-

1999 3335 2150 3392 cent,
2200 3329 2293 3382 sed
2336 3338 2393 3383 ut
2429 3332 2599 3386 sciant
2638 3350 2793 3404 quem
2842 3342 3052 3405 proprie
3077 3341 3285 3397 Patrem
3312 3348 3580 3415 appellare

2001 3431 2094 3484 par
2138 3417 2225 3471 sit.
2272 3419 2728 3485 Quemadmodum
2765 3428 2905 3482 enim
2935 3430 3121 3486 doctor
3152 3449 3256 3487 non
3284 3447 3365 3489 est
3394 3444 3580 3507 pracci-

2000 3520 2132 3573 pnus
2160 3507 2347 3563 doctor
2379 3528 2392 3564 :
2423 3513 2501 3565 sic
2529 3530 2700 3584 neque
2728 3527 2896 3585 pater.
2930 3520 3021 3575 Ille
3046 3523 3187 3578 enim
3217 3534 3271 3579 et
3297 3528 3575 3584 doctorum

1999 3606 2051 3649 et
2086 3608 2293 3666 patrum
2338 3604 2575 3658 onmium
2600 3620 2758 3660 causa
2785 3619 2889 3663 est.
2921 3610 3113 3667 Iterum
3144 3616 3415 3690 subjuugit
3444 3638 3457 3674 :
3489 3622 3576 3678 10.

2001 3688 2111 3743 Nec
2138 3695 2378 3746 vocemini
2406 3699 2635 3765 magistri
2665 3716 2833 3755 :unus
2859 3714 2932 3756 est
2956 3707 3087 3758 enim
3117 3708 3359 3778 Magister
3387 3723 3543 3766 vester
3561 3756 3577 3776 ,

2001 3780 2249 3835 Christus.
2293 3783 2399 3838 Nec
2424 3785 2585 3851 dicit,
2619 3789 2751 3858 Ego.
2780 3790 2927 3846 Sicut
2952 3796 3094 3848 enim
3127 3798 3176 3849 in
3209 3801 3574 3867 superioribus

1998 3871 2078 3923 sic
2103 3871 2332 3940 loquitur
2352 3916 2366 3936 ,
2401 3876 2537 3940 Quid
2564 3879 2697 3933 vobis
2720 3881 2913 3934 ridetur
2936 3884 2999 3935 de
3020 3884 3218 3939 Christo
3244 3890 3451 3959 (.llattlt.
3483 3894 3575 3948 22.

1998 3962 2136 4031 42)?
2164 3980 2333 4034 neque
2359 3968 2520 4043 dicit,
2556 3970 2628 4025 De
2654 3988 2738 4025 tne
2764 3992 2776 4027 :
2801 3974 2878 4027 sic
2903 3974 3077 4030 ethoc
3106 3978 3243 4034 loco.
3273 3980 3374 4034 Sed
3405 3982 3579 4057 liben-

2003 4061 2081 4106 ter
2114 4052 2198 4107 Iiic
2229 4056 2613 4126 interrogarem
2634 4103 2648 4128 ,
2679 4063 2805 4132 quid
2831 4064 3097 4133 dixerint,
3126 4071 3213 4138 qui
3240 4086 3383 4141 8:ch
3408 4052 3534 4127 illud
3558 4116 3577 4141 ,

2005 4143 2149 4199 linus
2175 4154 2229 4199 et
2259 4146 2402 4201 Unus
2421 4191 2435 4214 ,
2464 4149 2603 4205 Patri
2632 4153 2943 4210 adscribunt
2968 4159 3089 4222 soli,
3119 4159 3185 4214 ad
3215 4172 3579 4233 contemptum

2003 4238 2291 4308 Unigeniti.
2343 4243 2531 4297 Annon
2567 4245 2723 4299 l’atcr
2750 4258 2831 4302 est
2860 4252 3154 4320 magister?
3181 4254 3381 4310 Omnes
3410 4258 3581 4312 laten-

2002 4340 2120 4394 tnr,
2171 4347 2433 4403 nemoque
2481 4339 2771 4405 negaverit.
2826 4342 2984 4411 Atqui
3037 4361 3211 4412 unus,
3260 4350 3461 4419 inquit,
3502 4362 3585 4406 est

2001 4431 2294 4490 pra:ceptor
2330 4432 2534 4490 vester,
2585 4425 2848 4482 Christus.
2898 4434 2967 4485 At
3010 4436 3146 4488 sicut
3180 4438 3419 4494 Christus
3448 4456 3585 4497 unus

2003 4525 2298 4583 prteccptor
2340 4516 2511 4570 dictus
2544 4535 2646 4571 non
2676 4522 2910 4576 excludit
2941 4524 3149 4582 Patrem
3184 4546 3197 4583 :
3228 4530 3305 4584 sic
3333 4534 3585 4600 magister

2000 4603 2173 4659 dictus
2219 4606 2375 4661 Pater
2420 4624 2525 4662 non
2553 4612 2785 4667 excludit
2812 4631 2839 4667 ιι
2869 4617 3179 4686 magistratu
3202 4620 3417 4675 Filium.
3453 4624 3582 4678 Illud

2001 4698 2175 4764 enim,
2207 4697 2351 4753 Unus
2388 4710 2441 4754 ct
2480 4701 2653 4769 Unus,
2688 4705 2753 4759 ad
2775 4706 3126 4763 differentiam
3157 4711 3426 4767 hominum
3456 4715 3585 4768 dicio

2002 4794 2089 4841 tur
2113 4830 2127 4854 ,
2181 4790 2611 4862 reliquarumque
2645 4807 3026 4853 creaturarum.
3058 4800 3187 4854 Cum
3219 4817 3345 4869 ergo
3368 4819 3582 4871 gravent

2002 4881 2150 4935 illum
2180 4884 2421 4939 morbum
2448 4887 2738 4955 depulisset
2765 4901 2818 4944 et
2848 4903 3106 4957 corasset,
3134 4894 3291 4949 docet
3315 4899 3587 4966 quomodo

2004 4973 2093 5027 ille
2125 4975 2405 5045 eliugiator
2447 4993 2540 5048 per
2565 4981 2940 5035 humilitatem.
2972 4986 3326 5049 Quamobrem
3356 4989 3538 5055 adjicit
3567 5008 3584 5047 :

2005 5063 2090 5115 11.
2128 5064 2226 5127 Qui
2253 5076 2326 5119 est
2357 5073 2519 5138 major
2548 5081 2790 5132 vestrum.
2822 5074 2886 5125 sit
2916 5075 3137 5127 minister
3163 5088 3337 5132 vester.
3364 5080 3448 5133 12.
3488 5081 3587 5147 Qui

2002 5156 2134 5207 enim
2168 5173 2222 5209 se
2253 5160 2543 5211 exultaverit
2566 5202 2580 5223 ,
2626 5162 3013 5227 humiliabitur;
3038 5176 3085 5219 et
3108 5169 3268 5237 quise
3287 5170 3589 5224 [inutilitate-

2003 5247 2105 5308 rit,
2154 5250 2477 5303 excitabitur.
2527 5252 2665 5306 Nihil
2710 5254 2850 5309 enim
2902 5257 3160 5312 modestia
3207 5264 3584 5329 pnestantius;

2004 5337 2227 5409 ideoque
2270 5343 2403 5395 hanc
2447 5344 2698 5398 virtutem
2745 5345 3048 5416 frequenter
3095 5350 3197 5405 illis
3227 5356 3587 5409 commendat.

2004 5430 2069 5483 Et
2091 5434 2301 5500 quando
2322 5436 2571 5501 parvulos
2591 5438 2640 5490 in
2664 5438 2892 5493 medium
2916 5440 3219 5507 adduxit,et
3242 5462 3381 5499 nunc
3399 5450 3581 5509 etiam,

2003 5538 2065 5575 ac
2094 5540 2211 5576 cum
2241 5523 2290 5576 in
2320 5536 2499 5581 monte
2528 5527 2878 5584 beatitudincs
2914 5532 3161 5601 efferret,
3198 5535 3322 5590 hinc
3349 5537 3541 5607 incepit
3566 5562 3578 5594 :

2005 5612 2094 5667 hic
2121 5629 2248 5669 vero
2275 5616 2577 5683 superbiam
2612 5619 2865 5676 radicitus
2895 5623 3105 5688 evellit,
3138 5641 3258 5681 cum
3287 5627 3417 5681 dicit
3444 5648 3456 5682 :
3485 5631 3587 5695 Qui

2010 5705 2245 5759 Itumiliat
2294 5707 2535 5777 sripsttm,
2572 5712 3051 5786 c.1‘ultnbitur(Luc.
3088 5718 3170 5774 11.
3205 5720 3313 5785 11).
3346 5720 3583 5778 Vidistin’
