4104 6218
475 347 573 404 671
1201 341 1258 398 S.
1298 335 1574 396 JOANNIS
1600 329 2075 391 CHRYSOSTOMI
2112 331 2426 390 ARCHIEP.
2467 336 3006 398 CONSTANTINOP.

475 468 746 540 quomodo
790 467 858 522 ad
896 462 1218 521 contrarium
1251 478 1317 518 ex
1338 461 1601 517 diametro
1629 455 1922 510 auditorem
1955 451 2057 504 im-

478 550 684 631 pellat?
729 560 910 628 Neque
947 573 1087 612 enim
1115 555 1286 610 solum
1319 551 1538 621 impedit
1560 549 1819 621 primatus
1845 557 2026 598 amare
2045 581 2060 608 ,

476 653 569 706 sed
598 661 649 706 et
674 662 908 705 extrema
937 646 1084 718 sequi
1107 646 1281 714 jubet.
1310 644 1396 698 Sic
1417 642 1556 696 enim
1575 647 1750 708 optata
1767 649 2062 703 conseque-

477 745 551 799 ris
570 786 586 806 ,
617 744 803 813 inquit.
849 739 970 794 Ideo
1000 747 1210 808 oportet
1237 753 1354 790 eum
1376 779 1392 804 ,
1423 736 1510 806 qui
1540 735 1830 805 primarum
1858 729 2060 785 setlium

475 835 821 904 cupiditatem
878 831 1074 901 pellit,
1131 839 1431 884 extremum
1483 829 1725 880 ordinem
1783 833 2059 893 appetere.

477 927 608 980 Nam
641 923 742 992 Qui
763 941 816 978 se
841 921 1179 976 humiliaverit
1199 962 1214 984 ,
1243 919 1564 973 exaltabitur.
1597 919 1662 970 Et
1688 915 1774 969 ubi
1805 916 1939 969 hanc
1966 914 2064 968 ltu-

457 997 759 1073 imilitatcm
804 1013 1178 1084 reperiemus?
1208 1011 1451 1066 \‘ultisne
1498 1026 1706 1064 rursum
1755 1011 1806 1064 in
1853 1012 2062 1065 virtutis

474 1111 741 1164 civitatem
790 1124 1013 1173 eamus,
1065 1115 1368 1160 sanctormn
1425 1103 1760 1158 tabernacula
1789 1146 1805 1170 ,
1853 1114 2061 1158 montes

474 1202 615 1264 dico,
648 1210 807 1271 atque
832 1200 1034 1254 saltus?
1062 1200 1132 1253 lbi
1159 1214 1386 1268 namque
1415 1198 1696 1253 sublimem
1725 1200 1867 1254 illam
1891 1201 2064 1256 Immi-

477 1293 680 1348 litatent
727 1291 1073 1361 reperiemus.
1126 1291 1382 1344 Homines
1425 1292 1619 1360 quippe
1642 1331 1657 1357 ,
1691 1293 1777 1362 qui
1805 1293 1886 1346 vel
1915 1309 1943 1346 ιι
1973 1294 2058 1348 di-

474 1389 710 1455 gnitate,
741 1387 825 1440 vel
870 1401 898 1438 a
929 1385 1128 1440 divitiis
1159 1386 1427 1455 conspicui
1462 1396 1612 1440 erant
1635 1429 1648 1451 ,
1681 1387 1911 1456 undique
1939 1404 2059 1445 sese

475 1479 809 1548 deprimunt,
854 1493 882 1530 a
911 1487 1057 1533 veste
1077 1519 1092 1542 ,
1121 1493 1150 1531 a
1181 1477 1368 1543 domo,
1398 1494 1427 1530 a
1457 1478 1780 1544 ministerio,
1812 1490 1969 1550 atque
1993 1496 2059 1534 ex

477 1571 560 1626 his
603 1572 848 1626 omnibus
889 1571 1036 1641 quasi
1067 1571 1230 1625 literis
1262 1571 1612 1625 humilitatem
1637 1570 2056 1640 descripserunt.

474 1664 604 1730 Quae
628 1678 753 1717 vero
790 1661 856 1716 atl
885 1662 1186 1731 superbiam
1214 1663 1494 1716 incendunt
1518 1702 1535 1726 ,
1568 1663 1792 1716 vestium
1821 1663 2060 1732 magnifi-

473 1759 684 1818 centia,
731 1755 954 1811 auliticia
997 1756 1316 1825 splendida,
1365 1757 1684 1809 famulorum
1734 1755 2056 1821 multitudo,

478 1864 597 1917 qu:e
627 1848 710 1902 vel
739 1847 932 1902 invitos
972 1863 1116 1916 διυιιρ
1150 1849 1200 1900 in
1232 1847 1533 1916 superbiam
1567 1847 1890 1916 conjiciunt;
1923 1848 2054 1912 haec,

473 1942 724 2010 inquam,
781 1940 955 1994 omnia
1003 1940 1145 1994 illinc
1190 1940 1396 1994 sublata
1436 1949 1577 1993 sunt.
1624 1939 1700 1992 llli
1752 1941 1850 2008 ipsi
1883 1941 2056 2010 ignem

472 2033 773 2088 acccmlunt
793 2073 808 2096 ,
859 2032 995 2102 ligna
1025 2040 1208 2087 secant
1232 2073 1247 2096 ,
1274 2041 1505 2100 coquunt
1527 2073 1542 2097 ,
1578 2032 1871 2101 hospitibus
1899 2032 2057 2086 mini-

473 2136 664 2181 strant.
705 2124 981 2181 Neminem
1026 2125 1131 2179 illic
1159 2125 1602 2180 contumeliosum
1636 2126 1820 2179 audire
1845 2125 2056 2180 contin-

471 2219 579 2288 git,
615 2233 785 2286 neque
805 2218 1142 2272 contumeliis
1168 2217 1414 2271 allectum
1443 2217 1622 2271 videre
1646 2258 1659 2282 ,
1687 2218 1950 2271 nemiuem
1972 2218 2056 2272 cui

476 2313 848 2382 przrcipiatur,
891 2312 1159 2367 neminem
1208 2311 1606 2380 pr.ecipieutem
1667 2328 1680 2362 :
1731 2311 1824 2365 sed
1869 2326 2057 2365 omnes

473 2406 698 2459 tuitustri
749 2414 904 2470 sunt,
946 2404 1138 2473 singuli
1190 2404 1455 2473 hospitum
1506 2405 1666 2473 pedes
1701 2404 1956 2469 abluunt,
2004 2413 2058 2458 et

472 2515 660 2568 magna
705 2497 803 2552 hac
832 2500 881 2550 iu
910 2514 967 2553 re
1006 2507 1087 2552 est
1111 2499 1437 2552 concertatio
1474 2499 1512 2549 ¹.
1546 2497 1596 2550 Id
1625 2513 1785 2566 porro
1817 2496 2016 2551 faciunt
2037 2536 2053 2561 ,

474 2607 577 2644 non
627 2591 954 2659 inquirentes
1000 2591 1118 2659 quis
1162 2592 1264 2654 sit,
1311 2605 1376 2644 an
1411 2605 1596 2645 servus
1621 2633 1636 2656 ,
1668 2605 1735 2643 an
1760 2590 1931 2656 liber;
1964 2589 2057 2645 sed

471 2698 594 2752 erga
623 2697 811 2736 omnes
839 2684 937 2736 ltoc
977 2683 1330 2736 tltittislct'ittm
1359 2684 1598 2752 implent.
1628 2682 1812 2736 Nullus
1842 2682 1911 2736 ibi
1945 2698 2057 2735 ma-

471 2788 608 2840 gnus
627 2812 643 2837 ,
684 2781 777 2826 attt
820 2787 1032 2841 parvus.
1077 2775 1210 2838 Quid
1241 2774 1395 2842 igitttr
1422 2775 1528 2828 ?au
1555 2775 1840 2828 confusio?
1866 2774 2053 2838 Absit;

472 2863 565 2916 sed
607 2863 838 2932 optimus
883 2864 1034 2915 ordo.
1067 2863 1284 2916 Etiamsi
1309 2863 1449 2916 enitn
1477 2865 1594 2932 quis
1624 2879 1814 2932 parvus
1839 2865 1938 2926 sit,
1966 2866 2054 2934 qui

473 2971 697 3026 magnus
723 2966 804 3010 est
834 2955 897 3008 ad
929 2955 976 3008 id
1009 2973 1111 3008 non
1143 2957 1390 3024 respicit,
1424 2957 1516 3010 sed
1546 2971 1603 3010 se
1632 2957 1721 3009 illo
1753 2953 2056 3010 inferiorem

475 3060 619 3119 putat
641 3087 657 3114 ,
709 3057 762 3103 et
802 3048 922 3103 ideo
961 3051 1130 3118 major
1156 3050 1404 3104 efficitur.
1437 3048 1548 3104 lina
1579 3065 1760 3104 mensa
1788 3051 2054 3116 omnibus,

471 3143 844 3208 servientibus,
873 3143 1200 3209 sedentibus,
1225 3144 1410 3199 eadem
1431 3144 1701 3210 alimenta,
1724 3147 2052 3213 indumenta,

471 3234 673 3288 ezedcm
716 3233 890 3300 domi,
929 3243 983 3289 et
1009 3250 1175 3305 genus
1199 3236 1404 3289 vivendi
1435 3236 1594 3290 idem.
1629 3238 1846 3304 Magnus
1876 3239 1943 3292 ibi
1975 3247 2057 3293 est

471 3327 558 3394 qtti
592 3328 777 3379 viliora
805 3343 966 3396 opera
995 3328 1208 3396 abripit.
1235 3328 1350 3382 Non
1381 3339 1464 3382 est
1492 3329 1562 3382 ibi
1595 3328 1764 3385 Meum
1779 3340 1833 3386 et
1849 3329 2053 3397 Tuum;

471 3418 566 3472 sed
608 3421 708 3474 hoc
751 3421 970 3474 verbum
1015 3421 1140 3476 inde
1175 3421 1381 3476 exsulat
1412 3461 1428 3487 ,
1455 3423 1596 3493 quod
1623 3422 1766 3476 mille
1794 3422 2053 3482 bellorum

468 3532 631 3574 causa
650 3526 756 3575 est.

543 3612 594 3664 4.
629 3611 826 3679 Ecquid
857 3613 1087 3676 miraris,
1115 3614 1160 3666 si
1194 3627 1362 3683 genus
1390 3613 1624 3680 vivendi,
1659 3629 1862 3677 mensa,
1890 3614 2056 3670 vestis

471 3719 576 3758 una
607 3707 677 3758 sit
716 3705 964 3760 onmibus
989 3746 1004 3771 ,
1054 3707 1480 3775 quandoquidem
1524 3716 1579 3761 et
1617 3709 1791 3762 anima
1823 3724 1924 3761 una
1974 3717 2055 3764 est

473 3797 724 3851 onmibus
755 3797 852 3870 (ιι),
887 3815 991 3852 non
1023 3799 1313 3852 secundum
1341 3800 1691 3854 substantiam
1719 3800 1876 3855 motio
1904 3801 2056 3871 (lia-c

470 3890 612 3943 enim
640 3904 739 3942 uua
770 3891 820 3944 iu
847 3891 1093 3945 omnibus
1121 3891 1247 3959 est),
1281 3892 1372 3945 sed
1403 3892 1696 3946 secundum
1723 3894 1999 3947 caritatem
2030 3893 2053 3945 ?

469 3982 749 4048 Quomodo
794 3983 950 4052 igitur
981 3983 1089 4052 ipsa
1121 3995 1302 4038 contra
1347 3985 1577 4052 seipsam
1615 3985 1886 4054 superbiat
1935 4002 2054 4038 um-

471 4079 669 4146 quam?
695 4077 810 4132 Non
842 4087 926 4132 est
953 4079 1022 4132 ibi
1057 4087 1373 4146 paupertas,
1425 4095 1527 4133 non
1559 4079 1775 4143 divitia),
1807 4095 1910 4133 non
1941 4082 2054 4151 glo-

470 4173 547 4224 ria
572 4210 588 4234 ,
621 4184 726 4223 non
767 4170 1003 4223 infamia.
1035 4170 1312 4237 Quomodo
1345 4170 1468 4223 illuc
1505 4182 1776 4240 receptum
1827 4172 2055 4227 habeant

470 4262 717 4329 superbia
745 4270 799 4314 et
835 4261 1177 4330 arrogantia?
1205 4260 1339 4316 Sunt
1366 4262 1508 4315 enim
1533 4271 1588 4317 et
1615 4262 1817 4317 minimi
1859 4273 1915 4318 et
1942 4281 2055 4319 ma-

467 4352 556 4421 gni
587 4352 876 4405 secundum
909 4353 1167 4406 rationem
1195 4355 1438 4420 virtutis;
1467 4355 1559 4408 sed
1587 4397 1601 4421 ,
1633 4365 1690 4409 ut
1713 4356 1820 4410 dixi
1849 4397 1863 4422 ,
1894 4373 2052 4412 nemo

469 4443 571 4497 hoc
597 4443 758 4497 videt.
799 4443 898 4511 Qui
931 4459 1126 4514 parvus
1167 4455 1248 4500 est
1279 4461 1380 4499 non
1414 4448 1625 4518 angitur
1669 4451 1818 4518 quasi
1859 4450 2050 4520 despe-

465 4544 621 4590 ctus:
665 4552 822 4590 nemo
861 4537 1057 4607 quippe
1097 4547 1182 4593 est
1224 4540 1312 4608 qui
1356 4539 1643 4609 despiciat;
1683 4543 1889 4597 etiamsi
1927 4560 2052 4599 vero

465 4637 609 4682 esset
633 4629 722 4698 qui
747 4627 1085 4698 despiceret,
1120 4631 1170 4683 in
1199 4630 1300 4685 hoc
1344 4634 1574 4686 maxime
1603 4633 1921 4689 erudiuntur
1945 4676 1958 4699 ,
1995 4645 2050 4690 ut

465 4720 758 4785 contemni,
781 4720 1004 4791 despici,
1026 4723 1276 4791 vilipendi
1300 4735 1626 4792 assuescant,
1647 4726 1844 4792 verbis,
1869 4729 2049 4795 rebus,

465 4829 587 4867 cum
616 4814 873 4868 mendicis
903 4823 958 4870 et
985 4816 1182 4869 mutilis
1213 4827 1490 4871 versentur
1513 4858 1528 4884 ,
1559 4828 1616 4873 et
1653 4820 1703 4872 iu
1733 4834 1919 4875 mensa
1967 4823 2052 4889 ip.»

463 4921 646 4960 eorum
678 4906 874 4961 multos
921 4906 1221 4976 huiusmodi
1261 4909 1512 4963 convivas
1559 4908 1776 4977 videas;
1823 4910 2050 4982 ideoque

465 5000 600 5054 calo
623 5011 746 5054 sunt
772 5000 938 5070 digni.
969 5002 1119 5055 Alius
1145 5002 1367 5055 vulnera
1405 5011 1556 5057 curat
1579 5005 1705 5073 τίνει-ἰ
1728 5046 1742 5070 ,
1774 5005 1908 5059 alius
1937 5021 2045 5060 cze-

463 5109 585 5146 eum
617 5093 783 5158 dtteit,
813 5093 949 5147 alius
972 5095 1212 5147 muti'tm
1238 5105 1429 5166 gestat.
1457 5097 1570 5151 Non
1610 5099 1678 5152 ibi
1707 5099 2042 5156 adulatorum

463 5196 686 5250 eretum,
715 5203 822 5242 non
850 5189 1203 5256 parasitorum
1231 5189 1410 5242 videas
1435 5208 1445 5240 :
1474 5191 1580 5243 imo
1602 5207 1701 5247 nec
1725 5194 1902 5247 sciunt
1923 5195 2046 5263 quid

463 5283 534 5336 sit
577 5282 829 5336 adulatio.
865 5281 1137 5337 Undenam
1166 5298 1294 5352 ergo
1323 5284 1599 5352 superbire
1630 5287 1884 5354 possent?
1912 5287 2042 5340 Nam

466 5376 627 5429 multa
659 5374 795 5445 apud
828 5375 946 5430 illos
975 5375 1248 5445 aequalitas
1277 5384 1359 5429 est
1392 5393 1404 5428 :
1435 5376 1555 5431 ideo
1589 5378 1752 5431 multa
1781 5377 1845 5432 ad
1879 5383 2045 5432 virtu-

530 5575 545 5606 ι
575 5570 655 5621 Itis
667 5573 845 5637 adjecit
868 5573 1052 5637 Μαι-91η
1079 5581 1209 5624 tanta
1232 5583 1299 5625 est
1323 5573 1516 5626 illorum
1538 5575 1800 5629 humilitas.

527 5636 749 5702 (uittae,
773 5636 1163 5702 quandoquidem
1181 5645 1225 5686 et
1249 5637 1410 5687 anima
1430 5652 1527 5688 una
1548 5645 1617 5702 est
1640 5641 1876 5702 omnibus,
1901 5656 1928 5692 a
1952 5642 2046 5696 Co-

464 5697 572 5745 dice
594 5697 702 5751 (itit,
730 5697 831 5761 ctua
852 5697 1020 5747 savilio
1045 5705 1258 5748 nmluata
1276 5707 1416 5758 sunt;
1443 5701 1566 5761 apud
1591 5701 1755 5754 Morel.
1771 5697 2050 5757 ethnune-

465 5760 551 5808 1ιιι.
576 5771 748 5807 emissa
772 5759 965 5808 fuerant
987 5765 1182 5822 propter
1201 5759 1633 5813 botnteoteleuton.

3651 345 3754 402 672

2176 455 2284 503 tem
2310 450 2553 509 facilitas.
2586 456 2795 512 Etenim
2826 457 2888 512 iis
2917 457 3158 513 rudiores
3184 461 3349 531 magis
3378 462 3756 531 instituuntur,

2170 559 2325 613 quam
2353 548 2397 600 si
2426 557 2742 617 cogerentur
2771 550 2900 618 ipsis
2946 551 3143 620 primas
3183 553 3496 608 concedere.
3548 554 3748 621 Quem-

2169 637 2452 693 admodum
2483 641 2623 695 enim
2653 642 2907 698 audacem
2940 686 2954 710 ,
2987 644 3074 714 qui
3114 659 3396 714 percussus
3418 646 3596 714 cedit,
3624 664 3752 702 eru-

2168 729 2284 784 dire
2325 731 2462 786 solet
2498 750 2512 786 :
2559 733 2637 788 sic
2678 743 2732 789 et
2786 734 3122 789 ambitiosum
3167 735 3210 789 is
3251 738 3338 806 qui
3382 739 3601 807 gloriam
3641 757 3748 796 non

2167 824 2356 892 qua-rit
2384 867 2400 890 ,
2444 826 2537 880 sed
2565 827 2808 896 despicit.
2858 829 2912 881 ld
2937 829 3076 897 quod
3117 829 3194 882 illi
3228 829 3631 899 diligentissime
3669 833 3748 885 fa-

2169 915 2314 968 ciunt
2340 934 2352 969 :
2387 925 2440 970 et
2469 928 2722 987 quantum
2751 933 2847 972 nos
2872 935 3164 989 pugnamus
3190 962 3202 984 ,
3235 930 3290 975 ut
3331 923 3528 991 primas
3556 939 3750 981 censeo

2167 1024 2414 1078 quamur,
2450 1021 2650 1065 tantum
2685 1013 2756 1065 illi
2784 1013 3081 1080 decertant,
3110 1023 3167 1068 ut
3193 1032 3296 1068 non
3326 1030 3746 1086 censequantur,

2168 1099 2260 1154 sed
2284 1101 2634 1171 dejiciautur;
2663 1103 2985 1175 studentque
3007 1114 3064 1159 ut
3092 1105 3560 1161 lnmorismultum
3599 1106 3752 1163 defe-

2167 1177 2307 1256 rant,
2340 1208 2443 1246 non
2476 1202 2533 1246 ut
2557 1194 2872 1263 recipiant‘.

2241 1283 2524 1339 Monac/tos
2552 1287 2658 1355 ipse
2703 1289 2899 1341 vivendi
2925 1287 3103 1342 modus
3127 1289 3196 1340 ad
3221 1288 3557 1343 humilitatem
3603 1291 3752 1344 irrctiv-

2167 1385 2276 1431 nat.
2320 1376 2570 1447 Exempla
2598 1380 2896 1434 humilitatis
2923 1397 2954 1432 a
2979 1380 3164 1433 sanctis
3203 1381 3388 1434 tradita
3405 1423 3419 1446 ,
3451 1383 3627 1452 quibus
3648 1399 3752 1438 non

2169 1466 2501 1520 humilitatem
2529 1471 2800 1538 perniciem
2831 1469 3139 1537 a/fcrent.—
3153 1471 3397 1539 Alioquin
3429 1481 3606 1526 autem
3635 1475 3750 1542 ipsa

2168 1573 2329 1626 opera
2361 1559 2675 1614 modestiam
2708 1562 2961 1617 exhibere
2986 1563 3201 1630 docent,
3234 1578 3332 1617 nec
3359 1565 3544 1619 sinunt
3579 1574 3753 1621 tume-

2165 1665 2243 1704 re.
2292 1650 2421 1718 Quis
2446 1652 2585 1706 enim
2612 1695 2627 1719 ,
2673 1669 2854 1723 quaaso
2877 1695 2890 1718 ,
2925 1664 3118 1709 terram
3152 1655 3358 1710 fodiens
3387 1697 3402 1722 ,
3445 1656 3670 1726 irrigans
3695 1665 3753 1712 et

2167 1741 2430 1810 plantans,
2455 1744 2719 1812 sportulas
2745 1754 2985 1812 nectens,
3015 1759 3333 1816 saecumque
3356 1761 3642 1814 consuens,
3666 1747 3750 1802 vel

2164 1837 2266 1888 alia
2297 1837 2537 1906 qurcdam
2569 1846 2822 1903 tractans,
2855 1840 3017 1892 altum
3044 1854 3294 1908 umquam
3318 1840 3526 1909 sapiat?
3550 1843 3671 1910 quis
3694 1845 3752 1896 in

2164 1939 2475 1997 paupertate
2503 1931 2708 1992 vivens,
2740 1942 2789 1985 et
2814 1946 2934 1986 cum
2966 1931 3106 1986 fame
3125 1947 3363 2002 pugnans
3387 1974 3402 1996 ,
3433 1933 3532 1989 hoc
3560 1936 3753 1989 morbo

2164 2019 2462 2074 laborabit?
2487 2020 2653 2075 Nemo
2681 2032 2844 2077 certe.
2880 2022 3000 2077 Ideo
3028 2023 3194 2076 facilis
3221 2023 3324 2077 illis
3349 2032 3430 2078 est
3455 2024 3748 2079 humilitas.

2163 2111 2242 2164 Ac
2268 2113 2712 2180 quemadmodum
2742 2114 2827 2168 hic
2853 2115 3108 2169 modestia
3142 2115 3377 2171 difficilis
3404 2126 3486 2171 est
3511 2117 3581 2171 ob
3605 2119 3750 2172 mul-

2165 2203 2441 2258 titudinem
2492 2205 2852 2273 plaudentium
2884 2216 2936 2260 et
2967 2205 3269 2260 mirantium
3296 2225 3308 2260 :
3340 2209 3418 2262 sic
3449 2208 3518 2262 ibi
3558 2208 3749 2264 admo-

2172 2295 2296 2349 dum
2344 2297 2510 2349 facilis
2552 2308 2652 2350 est.
2704 2297 2992 2352 Monachus
3045 2300 3186 2353 enim
3235 2299 3503 2354 solitudini
3547 2309 3749 2353 tantum

2165 2388 2412 2454 attendit,
2437 2403 2562 2443 aves
2587 2389 2729 2444 videt
2755 2392 3020 2457 volantes,
3041 2393 3363 2461 arboresque
3392 2403 3552 2446 vento
3580 2394 3750 2462 agita-

2166 2490 2265 2547 las,
2298 2482 2586 2552 spirantem
2619 2483 2932 2554 zephyrum,
2967 2494 3233 2540 torrentes
3260 2502 3354 2555 per
3380 2489 3543 2541 valles
3568 2487 3748 2541 defer-

2163 2573 2228 2626 ri.
2263 2572 2414 2628 Unde
2430 2556 2567 2644 ergo
2593 2574 2880 2629 extollatur
2919 2575 3008 2644 qui
3037 2578 3087 2629 in
3119 2577 3423 2647 huiusmodi
3462 2578 3752 2634 solitudine

2163 2668 2335 2720 vivat?
2359 2667 2475 2720 Non
2507 2678 2682 2722 tamen
2711 2668 2829 2722 ideo
2851 2669 3248 2724 excusationem
3277 2685 3376 2724 nos
3408 2669 3744 2736 habebimus.

2163 2762 2285 2829 quia
2341 2759 2392 2813 in
2443 2760 2616 2814 media
2662 2760 3001 2815 multitudine
3040 2770 3350 2824 versantes,
3395 2761 3560 2814 altum
3602 2762 3749 2830 sapi-

2163 2867 2301 2904 tnus.
2349 2851 2560 2905 Etenim
2618 2852 2885 2906 Abraham
2953 2854 3091 2908 inter
3144 2853 3471 2906 Chananzeos
3528 2868 3753 2908 versans

2163 2943 2372 2997 dicebat
2398 2963 2410 2996 :
2444 2944 2556 3014 Ego
2587 2963 2695 2998 sum
2726 2956 2879 3008 terra,
2913 2956 2959 3000 et
2987 2947 3112 2998 cinis
3134 2945 3288 3008 (Gen.
3321 2948 3407 3001 18.
3431 2947 3620 3012 26);οι
3649 2948 3749 3000 Da-

2164 3035 2248 3088 vid
2278 3037 2325 3088 in
2356 3037 2532 3090 medio
2564 3040 2801 3092 exercitu
2829 3055 2840 3090 :
2879 3037 2988 3108 Ego
3014 3052 3180 3092 autem
3204 3056 3314 3092 sum
3346 3041 3546 3103 uerutis,
3577 3051 3625 3092 et
3647 3056 3749 3093 non

2163 3126 2310 3179 homo
2343 3127 2513 3195 (Paul.
2563 3130 2654 3182 21.
2704 3130 2758 3200 6)
2789 3146 2802 3181 :
2838 3138 2891 3184 et
2921 3129 3207 3198 Apostolus
3256 3130 3307 3182 in
3355 3129 3532 3184 modo
3578 3129 3745 3184 orbe:

2164 3218 2284 3273 Non
2314 3238 2426 3274 sum
2450 3222 2630 3292 dignus
2660 3222 2828 3276 vocari
2855 3223 3111 3291 apostolus
3137 3222 3214 3293 (1.
3245 3221 3362 3278 Cor.
3400 3224 3487 3277 15.
3516 3223 3592 3292 9).
3618 3223 3750 3290 Qua:

2163 3313 2321 3382 igitur
2351 3314 2504 3367 nobis
2530 3317 2630 3368 erit
2672 3316 2969 3370 consolatio
2993 3355 3006 3375 .
3036 3331 3154 3383 qua:
3183 3315 3426 3371 defensio
3445 3357 3463 3379 ,
3505 3332 3624 3370 cum
3672 3326 3750 3371 tot

2163 3405 2448 3474 propositis
2468 3408 2727 3476 exemplis
2748 3424 2853 3461 non
2877 3408 3118 3462 modeste
3146 3409 3403 3478 agamus?
3431 3407 3580 3464 Sicut
3601 3410 3747 3463 enim

2162 3497 2238 3550 illi
2268 3497 2411 3550 mille
2441 3507 2563 3551 sunt
2587 3501 2800 3553 coronis
2832 3499 3012 3569 digni,
3046 3501 3134 3570 qui
3165 3503 3320 3569 primi
3366 3501 3575 3555 virtutis
3605 3502 3743 3555 viam

2161 3587 2396 3642 inierunt
2425 3607 2436 3642 :
2465 3590 2543 3644 sic
2570 3605 2667 3644 nos
2694 3592 2839 3646 mille
2874 3593 3146 3662 suppliciis
3185 3593 3259 3648 rei
3282 3608 3466 3647 sumus
3485 3635 3502 3659 ,
3530 3595 3622 3663 qui
3667 3604 3747 3650 tot

2161 3683 2401 3749 exetupla
2452 3684 2722 3751 proposita
2764 3692 2818 3738 et
2857 3683 3120 3754 descripta
3153 3684 3444 3750 habentes,
3493 3697 3613 3756 post
3655 3686 3743 3742 illa
3818 3722 3831 3730 ο

2161 3788 2265 3825 non
2292 3773 2531 3827 modeste
2558 3775 2794 3842 sapimus
2817 3815 2833 3842 ,
2860 3791 3034 3845 neque
3065 3777 3186 3831 illos
3207 3776 3484 3831 defunctos
3509 3816 3525 3842 ,
3568 3792 3744 3848 neque

2161 3863 2259 3917 hos
2289 3881 2427 3918 nunc
2461 3867 2701 3922 viventes
2723 3909 2738 3932 ,
2781 3876 2836 3922 et
2860 3883 2925 3922 ex
2945 3870 3112 3937 gestis
3136 3868 3473 3922 admirationi
3506 3869 3740 3933 habitos,

2162 3957 2352 4010 itnitari
2383 3960 2772 4015 contendimus.
2799 3961 2936 4027 Quid
2963 3962 3102 4016 enim
3127 3962 3305 4016 dicere
3336 3962 3528 4032 possis,
3561 3961 3605 4015 si
3636 3977 3743 4017 non

2160 4052 2475 4120 resipiscas?
2501 4053 2706 4107 Literas
2737 4069 2841 4107 non
2872 4055 3032 4119 nosti,
3065 4069 3161 4108 nec
3187 4054 3490 4122 Scripturas
3528 4057 3741 4123 legisti,

2161 4152 2220 4196 ut
2261 4152 2501 4198 veterum
2547 4146 2769 4200 virtutes
2810 4145 3119 4200 edisceres?
3147 4147 3304 4215 Atqui
3347 4145 3460 4200 huic
3513 4147 3741 4200 maxima

2159 4237 2311 4305 culpa
2342 4246 2426 4290 tua
2459 4246 2556 4298 est,
2593 4237 2734 4306 quod
2762 4237 2986 4293 ecclesia
3019 4239 3109 4293 tibi
3141 4253 3356 4308 semper
3383 4248 3578 4307 pateat,
3608 4252 3663 4292 nt
3691 4242 3743 4295 in

2159 4329 2306 4396 puris
2352 4329 2456 4382 illis
2502 4329 2716 4383 fluentis
2763 4329 2996 4384 haurias.
3046 4331 3306 4385 Caeterum
3355 4333 3399 4386 si
3451 4331 3572 4385 illos
3613 4333 3744 4387 olim

2158 4428 2370 4473 sanctos
2421 4435 2513 4488 per
2556 4421 2842 4490 Scriptura:
2873 4423 3153 4475 lectionem
3199 4437 3303 4475 non
3355 4423 3610 4488 noveris,
3645 4423 3745 4478 bos

2158 4527 2287 4566 sane
2315 4512 2555 4567 viventes
2579 4513 2772 4567 vidisse
2799 4513 3047 4582 oportuit.
3085 4513 3190 4569 Sed
3227 4515 3404 4568 nullus
3445 4515 3644 4584 estqui
3691 4525 3745 4570 te

2158 4604 2354 4658 ducat?
2382 4605 2458 4658 Ad
2484 4620 2571 4658 me
2598 4606 2811 4669 accede,
2843 4621 2944 4675 ego
2972 4607 3061 4660 tibi
3095 4607 3404 4661 monstrabo
3434 4616 3743 4663 sanctorum

2158 4694 2469 4748 diversoria.
2524 4695 2653 4750 Veni
2680 4737 2695 4760 ,
2728 4707 2778 4750 et
2823 4696 3032 4751 abaliis
3073 4713 3194 4767 qua:
3245 4697 3455 4752 utilitati
3493 4699 3589 4754 tibi
3636 4702 3746 4755 sint

2157 4788 2298 4842 audi.
2353 4789 2412 4841 lli
2445 4789 2674 4843 lucerna:
2716 4799 2839 4842 sttut
2870 4804 2964 4858 per
2991 4797 3158 4843 totum
3203 4790 3387 4844 orbem
3437 4791 3740 4861 fulgentes:

2160 4896 2256 4950 pro
2313 4885 2481 4934 muris
2523 4889 2646 4934 sunt
2686 4881 2919 4936 urbibus.
2968 4881 3091 4936 ldeo
3134 4882 3475 4937 solitudinem
3513 4899 3748 4954 ecettpa-

2160 4981 2314 5035 runt,
2347 4982 2403 5025 ut
2432 4983 2482 5028 te
2510 4972 2736 5027 doceant
2783 4973 3036 5026 tumultus
3063 4973 3297 5028 civitatis
3325 4973 3623 5045 despicere.
3666 4977 3744 5031 Illi

2163 5066 2303 5118 enim
2335 5075 2514 5134 utpote
2547 5067 2796 5120 fortiores
2823 5107 2837 5130 ,
2869 5073 3091 5135 possunt
3131 5067 3181 5119 in
3210 5066 3384 5120 media
3425 5078 3745 5137 tempestate

2159 5159 2539 5227 tranquillitate
2566 5158 2662 5212 frui
2691 5175 2703 5210 :
2737 5158 2828 5212 tibi
2857 5173 2984 5212 vero
3008 5199 3024 5222 ,
3055 5159 3144 5226 qui
3173 5158 3407 5229 undique
3429 5159 3740 5228 exagitaris,

2157 5252 2334 5322 quiete
2360 5267 2494 5320 Opus
2524 5260 2625 5316 est,
2654 5261 2710 5304 ut
2737 5250 3006 5319 paululum
3037 5266 3064 5303 a
3093 5251 3457 5320 frequentibus
3487 5252 3742 5309 procellis

2157 5343 2422 5413 respirare
2469 5344 2662 5411 possis.
2708 5343 2830 5397 lllos
2877 5343 3052 5412 itaque
3098 5341 3402 5412 frequenter
3442 5342 3635 5406 adeas,
3685 5351 3744 5398 ut

2156 5451 2340 5489 eorum
2393 5435 2636 5504 precibus
2670 5446 2725 5491 et
2755 5435 2970 5488 monitis
3007 5435 3240 5488 maculas
3280 5435 3461 5500 eluas,
3505 5445 3558 5489 et
3600 5433 3741 5488 hanc

2157 5531 2314 5582 vitam
2343 5531 2545 5598 Optime
2571 5529 2776 5584 emetiri
2819 5529 3024 5598 possis,
3069 5537 3124 5581 ut
3151 5527 3324 5582 futura
3378 5527 3515 5583 bona
3542 5541 3736 5581 censeo

2157 5775 2176 5825 Ι
2220 5714 2237 5746 ι
2263 5712 2475 5779 Quidam,
2499 5711 2779 5776 studmtque
2819 5709 2999 5776 primas
3042 5717 3227 5774 tenere,
3255 5706 3615 5771 Ιιιιηιίιὲιιιίοηὶς,
3642 5722 3737 5761 non

2173 5787 2366 5825 tonans.

2173 5787 2366 5826 10310138.
