4104 6218
459 280 565 340 673

457 401 679 470 quaris,
739 404 906 475 gratia
954 412 1010 459 et
1057 405 1383 477 benignitate
1439 406 1650 461 Domini
1696 407 1864 463 nostri
1916 406 2043 462 Jesu

456 491 676 558 Christi,
727 512 824 566 per
860 512 1017 566 quem
1058 508 1113 553 et
1157 514 1277 553 cum
1320 515 1425 569 quo
1465 500 1609 554 Patri
1634 500 1799 570 gloria
1824 541 1839 566 ,
1869 498 2041 568 impe~

1409 287 1477 346 IN
1513 289 1915 350 MATTHJEUM
1954 290 2184 347 IlOMlL.
2226 294 2458 354 LXXIII.
2498 301 2549 356 al
2587 301 2821 360 LXXIV.

3636 324 3742 380 67L

2152 410 2313 475 rium,
2346 414 2517 471 honor
2538 458 2554 481 ,
2584 435 2687 474 una
2712 436 2833 476 cum
2861 434 3049 482 sancto
3087 426 3308 498 Spiritu,
3339 449 3481 491 nunc
3506 447 3560 492 et
3589 453 3738 494 sem-

2152 515 2269 569 per,
2300 512 2355 557 et
2384 505 2437 559 in
2470 510 2664 563 sarcula
2690 514 3031 571 stcculorum.
3062 523 3256 576 Amen.

462 606 3738 669 ...Η-Ἢ

1526 684 1873 746 HOMILIA
1916 680 2208 742 LXXIII.
2256 683 2341 743 al.
2389 685 2674 752 LXXIV.

453 821 583 880 Cn.
621 823 713 881 25.
740 842 794 879 v.
823 824 908 881 Η.
949 824 1038 881 Va:
1078 828 1246 893 vobis,
1279 829 1455 882 scribat
1496 838 1541 882 et
1583 827 1832 882 Pharisaei
1876 828 2037 899 [typo-

521 921 703 987 critaz,
750 922 871 991 quia
926 925 1173 975 devoratis
1222 923 1397 976 domos
1456 925 1761 988 viduarum,
1811 924 2037 975 oratione

520 1010 671 1081 longa
702 1023 902 1067 orantes
941 1013 1014 1083 (a)
1049 1029 1067 1067 :
1099 1024 1363 1084 propterea
1384 1015 1643 1084 judicium
1675 1015 1893 1085 amplius
1940 1031 2031 1067 ac-

519 1102 739 1171 cipietis.

523 1192 575 1245 l.
607 1193 740 1247 Hinc
786 1194 897 1263 jam
931 1204 1148 1263 propter
1176 1196 1461 1266 ingluviem
1491 1198 1541 1252 in
1575 1200 1693 1254 illos
1721 1200 1989 1255 invehitur
2015 1218 2029 1255 :

446 1284 692 1353 quodque
718 1286 928 1354 gravius
958 1297 1058 1352 est,
1076 1288 1195 1356 quia
1217 1306 1321 1341 non
1351 1304 1411 1343 ex
1443 1289 1665 1344 divitum
1687 1332 1700 1357 ,
1729 1292 1823 1345 sed
1852 1307 1916 1346 ex
1947 1294 2028 1345 vi-

444 1373 669 1429 duarum
718 1377 1011 1430 substantia
1062 1390 1279 1432 ventres
1336 1380 1668 1449 implebant,
1714 1384 2029 1451 illarnmque

444 1476 807 1537 paupertatem
838 1470 1165 1534 atterebant,
1211 1471 1296 1524 cui
1347 1473 1629 1527 subvenire
1684 1476 2027 1541 Oportnisset.

441 1556 556 1612 Non
600 1561 741 1614 enim
787 1561 1099 1630 simpliciter
1140 1562 1399 1625 edebant,
1444 1564 1535 1617 sed
1581 1574 1634 1617 et
1674 1565 2023 1618 devorahant.

442 1648 643 1703 Deinde
670 1666 798 1705 vero
828 1651 1029 1705 fraudis
1057 1652 1243 1706 modus
1270 1654 1482 1722 gravior
1510 1654 1823 1723 exprimitur
1849 1672 1861 1707 :
1896 1654 2027 1706 Ora-

441 1743 573 1795 tione
599 1742 750 1814 longa
774 1754 990 1797 orantes.
1019 1744 1268 1814 Quisquis
1295 1745 1431 1799 male
1458 1759 1729 1813 olieratur,
1765 1746 2024 1814 SUpplicio

439 1832 630 1903 dignus
657 1844 775 1888 est:
806 1836 1047 1904 quisquis
1089 1848 1268 1891 autem
1296 1838 1507 1906 pietatis
1535 1839 1755 1892 obtentu
1787 1839 1834 1892 id
1876 1840 2019 1904 facit,

437 1932 495 1976 et
527 1924 697 1977 fallaci
729 1926 907 1993 specie
950 1927 1112 1978 utitur
1142 1926 1206 1980 ad
1236 1928 1523 1996 nequitiam
1552 1970 1565 1990 ,
1598 1929 1752 1998 longe
1791 1931 2020 1998 graviori

439 2022 522 2067 est
551 2014 811 2082 supplicio
853 2015 1134 2071 obnoxius.
1179 2018 1245 2071 Et
1272 2033 1368 2071 cur
1407 2035 1510 2073 non
1540 2020 1705 2087 gradu
1734 2021 1929 2089 dejecit
1954 2022 2018 2076 il-

440 2102 561 2157 los?
606 2105 737 2172 Quia
786 2105 836 2159 id
883 2107 1118 2161 nondum
1151 2118 1358 2179 tempus
1390 2112 1748 2180 permittebat.
1782 2114 1905 2168 Ideo
1935 2115 2018 2170 in-

437 2180 591 2250 terim
632 2196 753 2252 illos
798 2200 1093 2269 relinquit:
1125 2201 1217 2255 sed
1250 2203 1424 2257 verbis
1477 2205 1589 2258 suis
1640 2215 1790 2259 curat
1847 2217 1903 2260 ut
1951 2223 2019 2263 ne

435 2288 665 2358 papulas
678 2290 988 2359 decipiatur,
1011 2308 1077 2346 ne
1102 2294 1240 2361 illos,
1261 2305 1440 2364 utpote
1467 2298 1519 2351 in
1547 2297 1803 2367 dignitate
1821 2302 2018 2355 consti-

434 2388 611 2446 tutos,
660 2380 853 2435 imitari
899 2383 1195 2438 studerent.
1242 2384 1373 2452 Quia
1406 2388 1550 2442 enim
1578 2388 1826 2455 dixerat,
1864 2392 2017 2458 Quie-

429 2489 639 2543 cumque
683 2473 819 2527 vobis
862 2474 1079 2529 dixerint
1126 2476 1313 2545 facile,
1361 2480 1595 2533 ostendit
1640 2496 1881 2550 quaenam
1929 2483 2015 2539 illa

430 2564 536 2617 sint
565 2581 578 2616 :
611 2578 673 2618 ea
717 2564 923 2619 scilicet
950 2581 1069 2635 qua:
1096 2565 1195 2635 ipsi
1237 2584 1339 2622 non
1375 2579 1569 2636 prmter
1589 2571 1678 2641 jus
1712 2572 1893 2643 fasque
1938 2574 2013 2629 fe-

428 2654 598 2707 cerint
618 2694 633 2719 ,
667 2670 734 2709 ne
763 2656 936 2709 minus
964 2672 1092 2710 sana
1124 2668 1299 2712 mente
1329 2661 1532 2728 prmditi
1564 2675 1808 2731 putarent
1834 2668 2010 2720 omnia

425 2759 545 2813 quae
576 2745 648 2798 illi
689 2747 923 2800 facerent
971 2749 1226 2815 permitti.
1276 2752 1362 2804 l5.
1416 2749 1505 2806 Va:
1534 2755 1703 2821 vobis,
1752 2756 1927 2809 scribae
1967 2767 2012 2811 et

426 2834 679 2891 Pharisaei
702 2879 717 2903 ,
771 2839 889 2905 quia
933 2840 1169 2894 clauditis
1206 2859 1412 2912 regnum
1454 2856 1573 2899 ante
1616 2848 1858 2904 homines.
1913 2850 2010 2904 Vos

421 2929 555 2982 enim
585 2946 684 2982 non
713 2931 915 2983 intratis
939 2972 953 2996 ,
988 2949 1079 2985 nec
1106 2934 1349 2989 intrantes
1380 2940 1666 3005 permittitis
1697 2941 1905 2994 intrare.
1949 2942 2005 2997 Si

421 3023 562 3075 enim
595 3023 797 3076 nemini
842 3024 1099 3092 prodesse
1127 3027 1331 3082 crimen
1370 3037 1453 3083 est
1475 3071 1490 3095 ,
1538 3045 1732 3086 nocere
1756 3042 1810 3086 et
1840 3034 2007 3103 impe-

419 3111 535 3166 dire
558 3128 715 3181 quam
745 3114 954 3169 veniam
984 3118 1283 3171 mereatur?
1310 3118 1444 3185 Quid
1474 3131 1555 3174 est
1596 3121 1721 3177 illud
1742 3164 1757 3190 ,
1789 3122 2001 3179 Intran-

420 3202 533 3255 tes?
564 3202 616 3256 ld
646 3214 746 3267 εει,
776 3203 1017 3259 idoneos.
1043 3205 1173 3259 Nam
1200 3208 1411 3277 quando
1435 3210 1553 3264 aliis
1581 3225 1843 3282 princepta
1872 3214 2002 3271 dare

418 3295 719 3364 oportebat,
749 3311 909 3350 onera
951 3297 1303 3353 intolerabilia
1348 3302 1727 3372 imponebant;
1758 3321 1879 3360 cum
1908 3323 2002 3362 au-

417 3395 522 3439 tem
556 3387 698 3455 ipsos
720 3388 845 3457 quid
876 3400 1130 3458 prazstare
1162 3407 1255 3460 par
1289 3402 1433 3454 erat.
1469 3404 1593 3449 tunc
1623 3413 1654 3452 e
1683 3400 1954 3453 contrario
1979 3441 1997 3467 ,

414 3492 520 3531 non
549 3479 709 3533 modo
740 3480 871 3534 nihil
914 3483 1215 3549 faciebant,
1249 3485 1341 3539 sed
1372 3487 1513 3555 quod
1557 3488 1714 3559 longe
1762 3491 1996 3549 deterius

413 3578 515 3634 est,
546 3571 680 3625 alios
704 3572 862 3627 etiam
885 3576 1318 3643 corrumpebant.
1351 3577 1413 3631 Hi
1435 3589 1559 3633 sunt
1583 3581 1671 3650 qui
1706 3593 1883 3649 pestes
1903 3601 1996 3653 ap-

413 3660 680 3730 pellantur
702 3702 717 3728 ,
747 3664 835 3732 qui
882 3663 932 3716 in
965 3680 1099 3733 opus
1138 3665 1239 3719 sibi
1268 3676 1504 3722 statuunt
1546 3669 1774 3725 aliorum
1817 3676 1996 3741 perni-

409 3756 583 3820 ciem,
613 3757 752 3809 veris
778 3756 1089 3812 doctoribus
1114 3774 1179 3813 ex
1209 3759 1471 3815 diametro
1501 3764 1753 3830 Oppositi.
1784 3764 1914 3818 Nam
1946 3767 1992 3821 si

408 3842 643 3899 doctoris
667 3856 750 3899 est
781 3858 1090 3913 pereuntem
1119 3862 1334 3904 servare
1356 3889 1371 3915 ,
1419 3851 1645 3920 perdere
1688 3869 1809 3908 eum
1837 3896 1852 3919 ,
1901 3857 1989 3925 qui

407 3933 701 3988 servandus
729 3946 842 3989 erat
864 3978 879 4001 ,
920 3937 1154 4005 pestiferi
1207 3938 1437 3993 hominis
1465 3951 1566 3994 est.
1595 3943 1754 3997 Aliud
1795 3944 1989 4000 deinde

406 4023 608 4077 crimen
657 4027 934 4095 sequitur:
970 4028 1055 4082 15.
1104 4029 1339 4084 Circnitis
1389 4048 1528 4086 mare
1554 4043 1602 4086 et
1646 4036 1885 4102 aridam,
1934 4049 1986 4092 ut

405 4117 710 4186 proselytum
739 4136 895 4172 unum
924 4120 1156 4190 faciatis;
1202 4132 1249 4175 et
1290 4139 1405 4175 cum
1444 4125 1766 4192 inveneritis,
1818 4130 1985 4197 facitis

403 4206 549 4261 illum
592 4211 753 4277 ﬁlium
798 4212 1038 4281 gehennae
1067 4215 1221 4284 duplo
1252 4218 1411 4286 magis
1438 4234 1588 4287 quan:
1620 4236 1735 4286 vos,
1769 4221 1818 4275 id
1857 4233 1936 4277 est
1965 4265 1978 4288 ,

401 4296 532 4353 Cum
559 4299 642 4354 vix
669 4317 791 4355 eum
832 4314 885 4357 et
932 4314 1049 4373 post
1075 4307 1269 4361 multos
1316 4311 1523 4364 labores
1553 4315 1802 4382 ceperitis
1824 4356 1838 4380 ,
1875 4334 1980 4371 non

400 4392 616 4459 parcitis
644 4402 818 4447 tamen
862 4394 971 4461 illi;
1016 4407 1344 4454 cumtamen
1386 4416 1446 4453 ea
1486 4418 1603 4471 qua:
1631 4406 1713 4459 vix
1759 4422 1975 4475 compa

400 4496 521 4534 rare
561 4484 832 4551 potuimus
856 4526 870 4549 ,
904 4486 1091 4551 majori
1122 4490 1297 4543 studio
1338 4504 1646 4547 servemus:
1681 4511 1776 4550 vos
1801 4509 1978 4551 autem

397 4587 467 4627 ne
514 4573 565 4627 id
610 4575 819 4645 quidem
866 4578 1250 4635 moderatiores
1289 4582 1481 4636 reddit.
1537 4584 1632 4638 llic
1676 4602 1834 4654 porro
1872 4588 1979 4641 duo

396 4665 500 4720 illis
530 4668 752 4723 crimina
794 4669 983 4736 offert;
1019 4672 1224 4741 primo,
1262 4675 1401 4742 quod
1439 4676 1502 4729 ad
1529 4678 1751 4733 salutem
1781 4681 1977 4735 multo-

393 4773 513 4812 rum
541 4760 752 4815 inutilcs
781 4764 919 4827 sint,
954 4779 1075 4817 cum
1117 4765 1286 4819 multo
1313 4767 1510 4822 sudore
1545 4786 1680 4839 opus
1712 4771 1973 4841 habeant,

394 4860 452 4903 ttt
496 4868 657 4907 unum
688 4855 991 4919 altrahant;
1035 4857 1305 4923 secundo,
1337 4860 1475 4929 quod
1505 4863 1830 4933 negligentes
1869 4868 1977 4922 sint

393 4941 457 4995 ad
485 4944 776 4998 custodiam
810 4948 924 5015 ejus
948 4964 1103 5015 quem
1134 4949 1310 5017 adepti
1342 4961 1499 5017 sunt;
1531 4954 1637 5009 imo
1675 4974 1778 5011 non
1812 4960 1971 5016 modo

392 5035 713 5103 negligentes
737 5078 750 5100 ,
782 5038 875 5091 sed
906 5040 1063 5092 etiam
1091 5042 1418 5111 proditores,
1449 5061 1567 5100 cum
1610 5064 1704 5103 eos
1733 5067 1795 5104 ex
1826 5054 1960 5107 male

360 5158 361 5163 η
389 5124 597 5179 vivendi
627 5130 872 5197 exemplo
916 5130 1212 5186 deteriores
1239 5134 1452 5189 faciant.
1503 5136 1633 5191 Cum
1664 5142 1805 5194 enim
1840 5145 1970 5198 tales

388 5216 637 5271 doctores
658 5220 946 5289 discipulus
976 5222 1181 5287 viderit,
1218 5226 1367 5293 pejor
1395 5229 1628 5282 redditur
1655 5250 1666 5283 :
1700 5250 1801 5288 non
1829 5238 1967 5290 enim

387 5307 607 5375 gradum
637 5311 775 5363 sistit
807 5313 856 5364 in
886 5311 1119 5366 doctoris
1149 5317 1226 5368 sui
1259 5321 1527 5386 nequitia;
1559 5324 1650 5376 sed
1695 5327 1737 5378 si
1774 5330 1968 5394 probus

388 5397 583 5464 fuerit,
614 5400 783 5469 ipsum
814 5404 1083 5469 imitatur;
1116 5408 1195 5460 sin
1226 5410 1495 5477 improbus
1517 5455 1530 5477 ,
1561 5415 1723 5469 etiam
1752 5432 1967 5486 superat

384 5492 455 5546 ob
496 5492 797 5550 facilitatem
834 5498 900 5550 ad
941 5500 1119 5568 pejora
1154 5504 1494 5570 procedendi.
1546 5507 1739 5563 Filium
1787 5524 1961 5569 autem

410 5663 536 5750 “(0)”
552 5668 605 5718 ῐιι
614 5677 792 5750 (ἷτιξοο,
816 5688 876 5724 ul,
885 5690 1069 5750 ’προςδάςμ
1226 5694 1495 5743 προσινχᾷενκ
1511 5724 1524 5744 ,
1557 5700 1667 5750 (ιυω
1690 5689 1748 5739 ad
1772 5688 1964 5744 literam

377 5733 669 5795 signiﬁcant,
691 5734 743 5784 in
766 5733 1217 5801 spedcm'diuturne
1240 5733 1509 5805 precantes.

2143 824 2384 891 gehennae
2406 840 2579 897 vocat,
2615 835 2663 887 id
2690 848 2789 904 cst,
2816 839 2980 908 ipsam
3009 845 3325 912 gehennam.
3359 853 3498 909 Dixit
3526 868 3726 927 autem,

2141 913 2316 986 Duplo
2344 924 2503 991 magis
2546 942 2696 994 quam
2727 945 2810 984 vos
2832 973 2845 994 ,
2896 944 2950 988 ut
2990 947 3043 990 et
3074 938 3198 994 illos
3240 953 3501 1013 terreret,
3546 960 3599 1004 et
3629 913 3728 1007 bos

2142 1009 2508 1065 vehementius
2558 1021 2972 1089 pet-stringeret,
3020 1032 3141 1097 quia
3188 1032 3434 1089 doctores
3479 1009 3730 1109 nequitia:

2139 1109 2280 1150 sunt.
2329 1099 2513 1170 Neque
2547 1104 2648 1159 hoc
2690 1118 2929 1179 tantum,
2975 1117 3068 1170 sed
3094 1121 3256 1175 etiam
3298 1127 3437 1191 quod
3470 1099 3727 1197 majorem

2137 1187 2413 1257 discipulis
2460 1196 2719 1251 malitiam
2754 1202 2937 1258 indere
2970 1220 3195 1277 curent,
3235 1213 3544 1273 inducentcs
3582 1221 3726 1290 ipsos

2137 1278 2201 1331 ad
2232 1281 2510 1349 majorem,
2540 1304 2695 1349 quam
2729 1292 2829 1360 ipsi
2852 1294 3101 1364 habeant,
3130 1304 3418 1370 nequitiam
3447 1327 3458 1360 :
3490 1310 3539 1363 id
3572 1278 3712 1380 q'uod

2136 1370 2364 1423 maxime
2381 1375 2443 1426 ad
2472 1377 2701 1432 animam
2718 1395 3020 1453 corruptam
3042 1389 3287 1455 pertinet.
3312 1396 3507 1453 Di-indc
3535 1415 3723 1456 amen-

2137 1460 2262 1512 tiam
2296 1463 2424 1531 ipsis
2457 1471 2758 1535 exprobrat,
2788 1475 2927 1543 quod
2959 1478 3158 1547 majora
3187 1497 3449 1554 praecepta
3478 1488 3722 1558 despice-

2134 1565 2192 1604 re
2214 1552 2461 1620 juberert
2486 1575 2499 1611 :
2529 1562 2673 1629 atqui
2696 1568 3016 1622 contrarium
3047 1586 3206 1641 supra
3234 1552 3463 1641 dicebat,
3494 1552 3724 1653 Alliganl

2134 1657 2285 1695 onera
2323 1648 2554 1714 graviora
2581 1662 2626 1704 et
2655 1654 2993 1724 importabilia
3021 1661 3229 1729 (Matth.
3255 1668 3343 1722 ‘23.
3365 1670 3440 1739 4).
3468 1673 3572 1726 Sed
3599 1648 3719 1731 lucc

2132 1733 2292 1785 etiam
2325 1752 2508 1791 rursus
2530 1740 2793 1797 faciebant
2827 1788 2840 1808 ,
2872 1747 3109 1818 nihilque
3139 1769 3243 1808 non
3270 1762 3498 1826 agebant
3534 1773 3590 1815 ut
3614 1765 3717 1821 sibi

2129 1824 2370 1881 subditos
2433 1845 2882 1903 corrumperent,
2934 1840 2985 1893 in
3038 1844 3274 1902 minimis
3323 1856 3714 1912 accurationem

2128 1932 2447 1987 qumrentes,
2473 1935 2525 1978 ct
2549 1943 2733 1997 magna
2748 1930 3122 2001 despicientes.
3144 1937 3235 1994 25.
3259 1940 3529 2001 Decimatis
3545 1950 3708 2016 enim,

2128 2008 2318 2079 inquit,
2351 2016 2603 2069 mentham
2630 2028 2674 2072 et
2695 2022 2950 2086 anethum,
2972 2036 3017 2077 et
3046 2029 3315 2098 reliquistis
3341 2050 3455 2099 quae
3481 2008 3713 2105 graviora

2125 2110 2242 2153 sunt
2286 2102 2438 2173 legis,
2462 2107 2714 2176 judicium
2758 2120 2805 2164 et
2848 2114 3241 2173 misericordiam
3277 2132 3325 2176 et
3362 2102 3534 2189 ﬁdem.
3584 2129 3711 2185 Hice

2123 2193 2381 2257 Oportebat
2406 2198 2607 2264 facere,
2647 2209 2694 2253 et
2735 2202 2825 2255 illa
2872 2221 2974 2259 non
3013 2209 3253 2263 omittere.
3292 2214 3402 2269 Hoc
3431 2217 3547 2273 loco
3583 2238 3710 2293 ergo

2122 2296 2153 2334 e
2180 2299 2237 2336 re
2266 2284 2503 2353 loquitur
2533 2307 2545 2343 :
2571 2292 2657 2344 ubi
2685 2292 2890 2349 decima
2920 2306 3020 2361 est,
3055 2300 3123 2353 ibi
3154 2303 3314 2358 etiam
3338 2284 3700 2382 cleemosyna.

2122 2373 2255 2438 Quid
2286 2378 2428 2430 enim
2471 2382 2869 2455 eleemosynam
2915 2388 3043 2444 dare
3081 2396 3279 2449 nocet?
3306 2397 3409 2452 Sed
3455 2402 3554 2456 hoc
3577 2373 3701 2460 Inon

2120 2464 2247 2519 dicit
2292 2470 2446 2536 quasi
2486 2472 2583 2541 ipsi
2608 2474 2779 2543 legent
2824 2478 3170 2537 observarent
3197 2501 3211 2548 ;
3242 2503 3413 2558 neque
3443 2495 3583 2547 enim
3627 2498 3704 2551 sic

2118 2555 2233 2624 ipse
2279 2560 2530 2630 loquitur.
2562 2565 2691 2621 Ideo
2736 2569 2821 2623 hic
2863 2574 3077 2640 quidem
3123 2577 3445 2636 dicit:ch
3481 2592 3703 2655 oportuit

2118 2650 2284 2715 facere
2315 2691 2329 2715 ,
2362 2661 2410 2704 et
2447 2655 2539 2708 illa
2566 2673 2665 2710 non
2689 2661 2932 2717 omittere.
2968 2664 3065 2720 Ubi
3096 2679 3272 2724 autem
3316 2675 3381 2726 de
3408 2650 3617 2733 mundis
3646 2692 3702 2737 et

2117 2738 2404 2796 immundis
2431 2745 2684 2814 disputat,
2720 2767 2823 2804 non
2847 2755 2980 2807 ultra
3016 2756 3116 2811 hoc
3145 2761 3345 2829 adjicit,
3380 2767 3472 2820 sed
3501 2770 3695 2823 distin-

2112 2830 2264 2897 guit,
2297 2840 2350 2886 et
2380 2837 2614 2892 ostendit
2661 2856 2726 2894 ex
2776 2843 3028 2901 interiore
3074 2852 3329 2907 munditia
3374 2859 3692 2913 exteriorem

2113 2926 2416 2979 necessario
2442 2931 2590 2998 sequi
2623 2949 2636 2985 :
2668 2947 2773 2986 non
2805 2945 2981 2990 autem
3002 2938 3116 2994 vice
3147 2958 3318 2997 versa.
3349 2946 3442 3000 Uhi
3464 2951 3604 3005 enim
3629 2954 3696 3009 de

2110 3014 2472 3072 misericordia
2504 3022 2776 3089 agebatur,
2818 3027 3274 3087 indiscriminatim
3304 3037 3432 3093 illud
3471 3053 3695 3110 prauor-

2108 3105 2286 3170 mittit,
2315 3116 2424 3163 tum
2458 3124 2673 3182 propter
2703 3116 2930 3185 idipsum
2950 3162 2965 3185 ,
2994 3130 3047 3175 et
3067 3127 3184 3191 quia
3215 3129 3448 3183 nondum
3471 3105 3693 3203 tempus

2106 3208 2221 3250 erat
2243 3198 2427 3267 legalia
2459 3214 2642 3271 aperte
2674 3208 2929 3273 tollendi;
2962 3212 3048 3264 ubi
3081 3225 3256 3268 autem
3281 3198 3695 3281 observatio'est

2106 3290 2464 3355 corporalium
2495 3292 2939 3361 puriﬁcationum,
2970 3300 3160 3355 clarius
3189 3304 3302 3358 hzcc
3322 3313 3529 3364 evertit.
3566 3313 3688 3369 ldco

2104 3374 2172 3430 de
2203 3377 2507 3450 elemosyna
2532 3383 2697 3438 dicit:
2727 3384 2853 3441 Haec
2880 3394 3104 3457 oportuit
3131 3394 3300 3462 facere
3327 3439 3342 3463 ,
3387 3409 3434 3452 et
3468 3400 3558 3454 illa
3589 3420 3690 3458 non

2103 3470 2373 3533 omittere;
2401 3472 2466 3526 de
2497 3477 2899 3545 purgationibus
2928 3497 3058 3536 vero
3088 3501 3193 3539 non
3235 3488 3313 3542 sic
3342 3506 3356 3543 :
3382 3492 3479 3546 sed
3510 3495 3634 3561 quid
3658 3496 3682 3548 ?

2099 3556 2190 3611 25.
2225 3558 2508 3629 Mundatis,
2537 3566 2722 3634 inquit,
2753 3571 2888 3633 quod
2917 3571 3105 3643 deforis
3145 3587 3219 3629 est
3254 3580 3426 3635 colicis
3450 3593 3497 3637 et
3529 3556 3687 3654 paro-

2103 3648 2307 3714 psidis;
2337 3652 2469 3704 intra
2513 3665 2678 3707 autem
2709 3659 2843 3724 pleni
2874 3663 2991 3715 estis
3026 3666 3208 3732 rapina
3245 3678 3290 3721 et
3324 3648 3555 3726 avaritia.
3587 3676 3677 3730 '26.

2100 3738 2298 3792 Munda
2327 3758 2445 3813 ergo
2470 3747 2677 3800 calicem
2701 3758 2748 3801 et
2772 3754 3058 3821 parapsidis
3075 3758 3334 3827 interiora,
3356 3776 3407 3815 ut
3429 3770 3679 3824 exteriora

2096 3829 2287 3883 munda
2314 3831 2461 3900 ﬁant.
2491 3836 2532 3888 Α
2564 3852 2622 3891 re
2649 3842 2920 3896 communi
2956 3853 3010 3898 et
3051 3847 3331 3905 manifesta
3375 3861 3679 3928 exeinplnm

2094 3922 2317 3989 accepit,
2347 3938 2375 3976 a
2397 3925 2563 3980 calice
2585 3935 2639 3980 et
2665 3930 2968 3999 paropside.

2161 4010 2215 4064 2.
2251 4013 2451 4070 Deinde
2478 4020 2786 4087 ostendens,
2813 4024 3014 4079 nullum
3054 4029 3183 4084 oriri
3211 4031 3461 4090 damnum
3486 4054 3550 4093 ex
3579 4056 3675 4097 ne—

2089 4103 2262 4171 glectu
2310 4112 2665 4177 corporalium
2730 4117 3155 4190 mundationnm,
3209 4140 3453 4195 magnum
3503 4146 3678 4192 autem

2091 4196 2368 4253 imminere
2403 4205 2715 4272 supplicium
2775 4208 2838 4262 iis
2892 4213 2979 4280 qui
3029 4220 3222 4271 anima“:
3272 4224 3673 4284 inundationem

2089 4301 2195 4341 non
2220 4302 2427 4357 curant,
2459 4310 2576 4363 qttzc
2598 4297 2871 4353 mundatio
2919 4313 2999 4356 est
3044 4307 3232 4374 virtus,
3286 4309 3399 4367 ltmc
3452 4320 3675 4375 culicem

2086 4381 2315 4444 vocavit,
2364 4398 2522 4449 parva
2550 4388 2689 4440 enim
2738 4390 2976 4461 nihilque
3020 4409 3205 4462 erant;
3253 4408 3511 4463 camelum
3547 4428 3674 4467 vero

2086 4470 2175 4523 illa
2198 4513 2211 4535 ,
2246 4473 2600 4530 intolerabilia
2632 4481 2830 4549 quippe
2874 4497 3045 4540 erant.
3094 4490 3217 4545 Ideo
3260 4496 3334 4549 ait
3365 4516 3376 4550 :
3408 4499 3496 4554 24.
3531 4505 3673 4559 Culi-

2084 4580 2188 4617 cem
2217 4567 2521 4630 ea'colantes,
2558 4580 2604 4622 et
2650 4573 2896 4628 camelum
2940 4579 3291 4649 deglutientes.
3337 4588 3466 4643 Nam
3506 4605 3559 4648 et
3589 4598 3673 4654 illa

2085 4668 2301 4726 pr0pter
2336 4660 2449 4715 haec
2492 4663 2658 4729 posita
2702 4675 2844 4733 sunt,
2901 4684 3119 4740 propter
3158 4676 3578 4739 misericordiam
3621 4700 3675 4743 et

2077 4749 2353 4818 judicium.
2376 4752 2555 4823 Itaque
2584 4772 2681 4811 nec
2705 4768 2827 4814 tunc
2850 4760 3125 4832 juvabant,
3156 4769 3267 4822 sola
3299 4787 3419 4825 cum
3458 4789 3670 4835 essent:

2082 4854 2201 4893 cum
2230 4842 2369 4895 enim
2400 4859 2558 4912 parva
2599 4857 2813 4916 propter
2840 4867 3027 4921 magna
3060 4857 3197 4912 dicta
3228 4860 3472 4929 fuissent,
3520 4868 3674 4923 dein-

2080 4930 2250 5000 deque
2272 4936 2474 5003 magnis
2501 4937 2773 5005 neglectis,
2808 4957 2963 5010 parva
3014 4948 3185 5002 solum
3216 4954 3563 5025 curabantur,
3590 4963 3674 5015 ni-

2080 5020 2153 5075 hil
2182 5023 2303 5077 inde
2326 5026 2440 5092 plus
2470 5032 2775 5097 emergebat
2803 5050 2817 5085 :
2848 5049 3033 5104 magna
3061 5040 3200 5094 cnim
3225 5053 3343 5108 post
3364 5061 3521 5113 parva
3556 5068 3662 5107 non

2078 5113 2470 5182 sequebantur;
2522 5129 2704 5172 contra
2754 5137 2881 5177 vero
2924 5136 3044 5194 post
3091 5145 3279 5200 magna
3323 5151 3479 5203 parva
3511 5144 3670 5207 plane

2076 5216 2386 5273 sequuntur.
2425 5207 2548 5262 Hmc
2580 5226 2707 5263 vero
2749 5212 2895 5278 dicit,
2932 5220 3242 5286 ostendens,
3304 5227 3464 5281 etiam
3507 5241 3665 5287 ante-

2074 5310 2231 5364 quam
2273 5300 2439 5367 gratia
2488 5301 2797 5371 adveniret,
2846 5323 2949 5360 non
3010 5314 3273 5383 prmcipue
3316 5317 3401 5372 illa
3436 5324 3659 5390 qumsita

2073 5385 2257 5451 fuisse,
2291 5389 2382 5443 sed
2411 5390 2508 5443 alia
2532 5393 2760 5460 potiora.
2805 5395 2858 5450 Si
2911 5411 3086 5453 autem
3140 5416 3263 5459 ante
3307 5385 3531 5477 gratiam
3565 5418 3655 5471 tali

2072 5478 2231 5531 modo
2257 5494 2342 5532 res
2367 5495 2424 5533 se
2449 5482 2693 5548 habebat,
2721 5487 2884 5539 multo
2903 5492 3090 5559 magis,
3116 5505 3394 5566 postquam
3413 5504 3659 5561 sublimia

2072 5566 2158 5620 illa
2187 5579 2454 5637 praecepta
2482 5586 2763 5642 venerunt,
2796 5577 2907 5629 hmo
2946 5581 3146 5636 inutilia
3177 5598 3319 5653 sunt,
3353 5606 3451 5646 nec
3476 5592 3664 5649 obsera

2070 5659 2261 5712 vanda.
2320 5660 2523 5729 Ubique
2574 5679 2703 5733 ergo
2751 5669 2985 5738 nequitia
3036 5676 3230 5730 malum
3283 5689 3399 5748 est;
3433 5687 3664 5744 maxime

2071 5766 2197 5806 vero
2218 5753 2520 5808 cumnihil
2571 5766 2718 5827 putat
2765 5762 3140 5823 emendatione
3189 5782 3379 5843 egere;
3435 5784 3488 5831 ct
3517 5781 3660 5848 quod
