4104 6218
407 313 516 364 675

403 427 619 498 gravius
655 435 773 490 est,
805 438 926 478 eum
973 431 1120 491 putat
1169 422 1298 475 satis
1328 433 1447 474 esse
1483 418 1528 471 si
1557 415 1690 470 alios
1721 411 1983 480 corrigat;

403 536 526 590 quae
578 517 891 587 signiﬁcans
938 515 1180 569 Christus
1229 513 1392 565 duces
1463 505 1580 558 illos
1616 514 1771 559 vocat
1819 514 1992 556 cmcos

402 626 666 666 cmcorum
737 611 755 679 (
799 609 942 661 γει-ε.
986 607 1052 659 16
1084 608 1122 671 ).
1181 605 1310 659 Nam
1353 609 1399 662 si
1455 615 1572 655 cmn
1601 612 1773 651 caecus
1802 611 1905 648 non
1936 609 1993 647 se

405 711 556 774 putat
578 703 714 755 duce
743 714 877 768 Opus
903 699 1118 758 habere,
1154 695 1202 748 id
1234 702 1469 747 extrema
1499 690 1772 744 calamitas
1797 697 1850 741 et
1897 686 1996 738 mi-

403 794 541 848 seria
565 801 646 846 est
676 809 689 844 :
713 806 832 844 cum
858 790 972 857 ipse
1001 787 1132 839 alios
1167 784 1282 838 vult
1305 783 1522 844 dueere,
1550 781 1721 848 cogita
1752 779 1801 830 in
1826 792 1994 846 quatt-

407 897 521 940 tum
556 881 867 937 barathrum
897 880 1130 947 t'ejiciat.
1164 875 1287 930 lltcc
1327 886 1504 928 autem
1549 870 1779 934 dicebat,
1812 868 1994 921 subin-

407 980 592 1034 dicans
622 978 831 1032 illorum
880 975 1110 1029 studium
1139 972 1204 1026 ad
1235 987 1423 1025 vanam
1465 968 1686 1038 gloriam
1726 980 1994 1033 aucupum

405 1073 550 1136 dam,
577 1082 626 1126 et
656 1071 873 1140 hujusce
905 1065 1074 1121 morbi
1103 1066 1358 1134 grandem
1391 1064 1440 1116 iu
1479 1063 1581 1115 illis
1609 1061 1831 1114 rabiem.
1882 1059 1995 1112 Hoc

405 1162 547 1216 enim
602 1161 728 1228 ipsis
770 1159 1006 1213 omnium
1053 1156 1312 1208 malorum
1369 1167 1526 1206 causa
1575 1150 1699 1212 fuit,
1743 1149 1880 1217 qttnd
1929 1146 1994 1200 ad

403 1253 813 1308 ostentationem
834 1252 1011 1302 omnia
1033 1246 1288 1300 facerent.
1316 1243 1426 1297 Hoc
1448 1259 1474 1293 a
1494 1242 1596 1294 ﬁde
1620 1241 1739 1292 illos
1754 1239 1992 1301 abduxit,

404 1357 696 1410 veramque
746 1341 996 1393 virtutem
1044 1337 1313 1406 negligere
1350 1335 1537 1397 suasit,
1570 1342 1623 1384 et
1651 1332 1779 1385 solis
1809 1344 1998 1395 corpo-

404 1438 602 1493 ralibus
653 1431 1087 1488 mundatiouibus
1137 1429 1466 1491 incumbere,
1509 1427 1701 1479 aninue
1757 1423 1995 1492 neglecta

405 1527 771 1585 mundatione.
826 1523 945 1578 Ideo
970 1522 1032 1575 ad
1066 1536 1244 1574 veram
1274 1519 1525 1571 virtutem
1557 1517 1674 1570 illos
1704 1515 1994 1575 deducens,

405 1630 460 1674 et
491 1619 556 1672 ad
585 1616 984 1672 mundationem
1037 1611 1250 1677 animm,
1299 1610 1578 1680 judicium.
1629 1606 1888 1674 justitiam
1945 1615 1999 1658 et

407 1711 565 1766 ﬁdem
594 1715 870 1762 memorat.
907 1705 1028 1758 lla'c
1049 1704 1245 1772 quippe
1271 1709 1395 1755 sunt
1422 1716 1539 1768 qtuc
1572 1701 1730 1751 vitam
1760 1706 1996 1750 nostram

407 1802 608 1864 fovent,
638 1814 755 1869 qua:
801 1797 1032 1850 animam
1075 1803 1302 1864 purgant
1334 1810 1346 1844 :
1374 1792 1600 1861 justitia,
1663 1789 1958 1858 benignitas
1979 1829 1993 1852 ,

407 1894 638 1956 veritas;
672 1906 894 1960 quarum
943 1888 1068 1949 alia,
1123 1870 1313 1954 nempe
1366 1881 1748 1946 misericordia,
1795 1881 1861 1934 ad
1911 1896 2001 1934 ve-

409 1987 550 2040 niam
584 1997 680 2036 nos
724 1980 958 2043 deducit,
989 1995 1087 2032 nec
1119 1975 1374 2046 permittit
1399 1983 1454 2028 ut
1497 1975 1794 2028 severiores
1815 1986 1998 2042 pecca-

411 2077 613 2131 toribus
642 2076 829 2138 simus,
862 2087 1033 2140 neque
1064 2069 1128 2122 ad
1161 2067 1367 2121 veniam
1409 2064 1806 2121 concedendam
1854 2062 1998 2116 ditii-

410 2170 542 2224 ciies
596 2167 718 2235 (sic
773 2164 914 2217 enim
971 2161 1164 2230 duplex
1217 2160 1421 2213 lucrum
1470 2165 1824 2225 reportamus,
1874 2153 2000 2208 dtnn

412 2257 785 2316 misericordes
814 2255 1092 2317 eflicimur,
1118 2261 1167 2304 et
1199 2249 1620 2304 misericordiam
1653 2247 1870 2300 multam
1908 2261 2003 2296 uo-

413 2353 496 2408 bis
521 2367 548 2403 a
581 2351 686 2405 Deo
715 2348 1084 2402 universorum
1109 2341 1424 2396 attrahimus
1447 2339 1498 2410 ),
1529 2338 1614 2391 illa
1642 2352 1850 2406 quoque
1875 2350 1999 2388 sua-

413 2443 502 2498 det
533 2441 684 2495 nobis
709 2447 766 2492 ut
790 2435 1060 2508 oppressis
1101 2432 1480 2487 condoleamus
1515 2429 1735 2495 illosque
1763 2425 2000 2480 vindice-

415 2547 572 2596 mus;
624 2529 826 2598 justitia
876 2542 1002 2580 vero
1053 2523 1413 2577 fraudulentos
1441 2531 1492 2574 et
1522 2519 1700 2572 val'ros
1739 2533 1858 2572 esse
1897 2532 2000 2569 non

415 2625 561 2678 sinit.
589 2621 811 2690 Quando
839 2627 1016 2672 autem
1047 2616 1209 2674 dixit,
1235 2613 1360 2667 ch
1381 2613 1600 2682 oportuit
1631 2611 1816 2679 facere,
1846 2619 1890 2661 et
1912 2607 2004 2660 illa

419 2731 518 2767 non
545 2713 789 2772 omittere,
817 2726 920 2762 non
945 2709 993 2760 id
1033 2717 1086 2759 ut
1133 2707 1353 2774 legalem
1400 2704 1823 2757 observationem
1847 2701 2002 2753 indu-

415 2805 521 2868 cit;
567 2803 749 2856 absit:
785 2801 886 2853 hoc
938 2800 1079 2852 enim
1122 2798 1232 2866 jam
1281 2810 1438 2863 supra
1487 2794 2001 2855 demonstravimus;

416 2909 644 2963 cumque
674 2893 741 2946 de
769 2890 1048 2959 paropside
1073 2898 1127 2941 et
1155 2887 1220 2942 de
1249 2887 1415 2940 calice
1462 2885 1613 2950 dixit,
1664 2884 1857 2936 Munda
1880 2885 2006 2936 intc-

415 2987 554 3040 riora
583 2985 754 3037 colicis
779 2993 824 3036 et
847 2980 1150 3052 paropsidis,
1195 2989 1246 3030 ut
1271 2978 1360 3046 fiat
1399 2977 1452 3029 id
1498 2979 1631 3038 quod
1677 2976 1892 3028 exterius
1933 2984 2004 3029 est

417 3077 685 3141 mundum,
719 3093 822 3130 non
854 3073 921 3128 ad
951 3082 1159 3127 veteres
1185 3085 1283 3125 nos
1329 3070 1578 3123 minutias
1608 3067 1810 3122 reducit
1835 3085 1849 3132 ;
1874 3083 2004 3120 con-

419 3184 500 3230 tra
528 3188 654 3225 vero
678 3171 792 3224 haec
814 3167 1078 3238 superﬂua
1105 3180 1224 3220 esse
1243 3163 1497 3218 ostendit.
1531 3161 1644 3216 Non
1670 3163 1810 3216 enim
1840 3161 2003 3226 dixit,

419 3263 475 3319 Id
505 3263 688 3327 etiam,
713 3259 852 3330 quod
883 3257 1115 3312 exterius
1153 3265 1252 3321 est,
1281 3263 1516 3324 purgate,
1543 3251 1657 3318 sed,
1687 3251 1840 3318 Quod
1864 3253 2006 3305 intus

417 3366 501 3410 est
524 3371 538 3420 ;
558 3363 612 3407 et
637 3351 855 3406 omnino
881 3349 980 3402 hoc
1006 3348 1072 3400 ab
1099 3348 1188 3400 illo
1233 3346 1494 3414 sequitur.
1525 3343 1773 3411 Alioquin
1828 3352 2005 3396 autem

420 3461 526 3500 non
556 3444 623 3498 de
643 3444 808 3497 calice
835 3450 888 3495 et
911 3437 1192 3510 paropside
1221 3437 1468 3506 loquitur,
1503 3436 1597 3489 sed
1638 3436 1706 3489 de
1750 3435 1924 3488 anima
1957 3443 2010 3487 et

419 3549 648 3605 corpore
681 3551 694 3586 :
724 3531 864 3601 quod
912 3531 1148 3585 exterius
1201 3538 1321 3590 est,
1370 3543 1564 3596 corpus
1612 3541 1830 3592 vocans,
1866 3527 2006 3596 quod

422 3625 860 3686 anteminterius,
895 3623 1144 3676 animam.
1189 3619 1245 3675 Si
1292 3634 1418 3673 vero
1471 3620 1522 3673 in
1572 3618 1851 3688 pampside
1875 3633 2009 3686 opus

421 3727 505 3773 est
546 3717 794 3771 interiora
837 3729 942 3767 non
992 3713 1282 3782 negligere,
1313 3710 1481 3764 multo
1516 3711 1684 3779 magis
1717 3711 1767 3762 in
1800 3720 1872 3764 te.
1901 3709 2008 3763 Vos

424 3825 552 3864 vero
589 3818 773 3863 contra
817 3805 1006 3871 facitis,
1040 3804 1239 3873 inquit;
1275 3819 1394 3856 nam
1442 3817 1600 3871 parva
1649 3813 1701 3857 et
1745 3802 2009 3856 exteriora

423 3903 789 3964 observantes,
842 3911 1031 3966 magna
1085 3905 1139 3950 et
1195 3895 1445 3948 interiora
1499 3893 1763 3962 negligitis
1809 3910 1821 3945 :
1870 3892 2010 3946 unde

425 3993 713 4048 maximum
739 3988 962 4044 infertur
981 3987 1254 4047 damnum,
1281 3985 1421 4053 quod
1447 3992 1689 4052 putantes
1716 3997 1809 4035 vos
1839 3991 2007 4036 tonun

426 4084 757 4154 praestitisse,
789 4081 990 4149 reliqua
1019 4076 1300 4147 negligatis
1326 4092 1340 4139 ;
1373 4090 1494 4128 cum
1539 4085 1715 4126 autem
1738 4088 1800 4127 ea
1828 4073 2009 4142 despi-

425 4177 600 4239 ciatis,
651 4173 739 4226 illa
793 4169 1082 4225 emendare
1134 4167 1262 4220 nihil
1310 4167 1527 4220 curatis.
1576 4165 1778 4219 Deinde
1821 4181 1914 4221 eos
1943 4166 2011 4220 de

429 4281 578 4320 vana:
608 4263 790 4334 gloriae
815 4275 998 4316 amore
1031 4259 1359 4330 perstringit,
1387 4258 1628 4327 sepulcra
1657 4258 1895 4311 dealbata
1919 4273 2011 4311 vo-

426 4371 556 4411 cans
584 4355 724 4419 illos,
751 4353 1158 4424 hypocritasque
1179 4349 1483 4419 appellans;
1507 4349 1646 4418 quod
1673 4359 1753 4404 est
1773 4350 2009 4403 onmium

425 4464 585 4504 causa
614 4446 893 4509 tualorum,
926 4453 980 4498 et
1010 4443 1260 4513 perniciei
1291 4449 1688 4511 argumentum.
1717 4440 1896 4510 Neque
1925 4455 2013 4494 so-

429 4541 536 4594 lutn
565 4538 684 4592 illos
712 4535 956 4606 sepulcra
1002 4534 1246 4589 dealbata
1274 4534 1501 4597 vocavit,
1557 4532 1650 4587 sed
1705 4534 1866 4587 etiam
1915 4533 2012 4586 im-

429 4629 685 4685 munditia
725 4638 776 4682 et
811 4627 1077 4698 hypocrisi
1121 4627 1307 4694 plenos
1343 4640 1461 4680 esse
1501 4625 1652 4680 dixit.
1707 4625 1800 4679 llis
1853 4640 2012 4696 porro

426 4737 643 4778 causam
698 4720 966 4784 ostendit,
1029 4727 1243 4786 propter
1289 4733 1446 4786 quam
1503 4731 1607 4770 non
1650 4717 2008 4781 crediderunt,

426 4814 676 4886 quoniam
710 4811 849 4880 pleni
871 4818 1023 4864 erant
1052 4808 1317 4880 hypocrisi
1347 4817 1402 4860 et
1429 4807 1722 4876 iniquitate.
1763 4808 1885 4861 ΙΙωο
1912 4823 2011 4861 au-

429 4918 534 4962 tem
559 4921 662 4960 non
684 4904 929 4959 Christus
959 4902 1138 4968 modo,
1169 4903 1262 4956 sed
1284 4902 1443 4955 etiam
1469 4901 1739 4971 propheta:
1767 4900 2015 4972 frequen-

429 5008 512 5052 ter
539 4999 905 5060 criminantur,
957 4994 1096 5063 quod
1144 5008 1362 5062 rapaces
1385 4994 1512 5056 sint,
1559 4993 1698 5063 quod
1749 4993 2014 5064 principes

439 5105 630 5146 eorum
662 5104 764 5142 non
803 5087 1097 5142 secundum
1123 5089 1210 5154 jus
1254 5095 1310 5141 et
1361 5087 1618 5141 rationem
1642 5087 1880 5156 judicent
1912 5105 1925 5142 :
1959 5095 2015 5140 et

430 5183 624 5252 ubique
651 5178 886 5248 reperias
924 5178 1182 5233 sacrificia
1209 5179 1426 5248 rejects,
1474 5178 1590 5232 haec
1633 5187 1810 5234 autem
1839 5179 2016 5247 requi-

429 5275 552 5328 sita.
600 5274 783 5340 ltaqne
835 5270 965 5324 nihil
1014 5271 1312 5334 insolitum,
1350 5270 1478 5324 nihil
1509 5286 1725 5335 novum,
1759 5285 1931 5338 neque
1960 5271 2013 5325 in

431 5365 567 5434 lege,
597 5379 766 5433 neque
805 5364 855 5415 in
897 5362 1254 5424 accusatione,
1290 5378 1462 5433 neque
1491 5363 1650 5416 etiam
1705 5362 1755 5415 in
1784 5362 2015 5432 imagine

430 5472 484 5512 ct
510 5457 756 5526 exemplo
795 5454 1048 5524 sepulcri.
1081 5454 1190 5508 lloc
1219 5455 1411 5524 quippe
1445 5453 2011 5522 memoratPropheta,

432 5563 539 5602 non
571 5549 875 5617 sepulcrum
907 5545 1065 5599 modo
1107 5559 1329 5610 vocans,
1383 5545 1519 5598 sed:
1566 5545 1868 5612 Sepulcrum
1918 5562 2014 5613 pa-

431 5655 541 5698 tens
561 5652 633 5695 est
661 5651 835 5710 guttur
855 5656 1026 5694 eorum
1052 5637 1231 5709 (l’sal.
1263 5639 1316 5693 ὅ.
1343 5639 1401 5692 Η
1435 5637 1474 5707 ).
1505 5638 1659 5692 Tales
1683 5646 1808 5692 sunt
1831 5635 2016 5692 hodie-

434 5747 538 5803 quc
569 5733 739 5803 multi,
765 5733 851 5803 qui
883 5745 1002 5788 sese
1027 5732 1260 5786 exterius
1299 5736 1511 5797 ornant,
1577 5728 1822 5799 intusque
1867 5727 2008 5798 pleni

1105 309 1162 363 S.
1205 303 1482 363 JOANN'IS
1505 296 1979 358 CiliiYSOSTUhli
2034 287 2348 350 ARCIIIEP.
2383 280 2912 352 CONSTANTINOP.

3585 292 3691 352 ατς

2098 409 2240 463 omni
2274 407 2552 478 iniquitate
2580 419 2723 463 sunt.
2753 409 2901 462 Nunc
2929 408 3069 462 enim
3097 406 3291 462 multus
3321 406 3493 473 labor,
3521 415 3689 462 multa

2097 501 2400 553 sollicitudo
2429 509 2662 553 externa:
2709 498 2986 553 munditiei
3021 499 3376 567 itnpenditur;
3413 497 3690 554 mutulitiei

2096 605 2226 642 Vero
2253 590 2443 642 anim-.e
2473 590 2615 642 nulla
2645 606 2791 644 cura.
2823 589 2925 642 Sed
2964 590 3007 642 si
3035 590 3413 644 conscientiam
3445 589 3689 658 singulo-

2099 695 2216 734 rum
2247 680 2368 749 quis
2398 680 2647 748 aperiret,
2685 681 2882 736 multos
2928 697 3160 745 Vermes,
3217 682 3437 734 multam
3483 681 3688 735 saniem

2101 773 2380 837 inveniret,
2430 771 2780 839 timoremque
2824 771 3190 827 incredibilem
3221 789 3233 823 :
3260 770 3522 825 absurdas
3569 770 3694 826 dico

2100 873 2153 916 et
2183 865 2347 917 malas
2377 863 2838 932 concupiscentias
2861 904 2876 928 ,
2909 879 3026 932 qua:
3058 873 3184 917 sunt
3205 863 3479 917 vermibus
3522 862 3687 932 impu-

2102 956 2291 1010 rion-es.

2172 1048 2224 1102 5.
2254 1046 2358 1101 Sed
2389 1046 2525 1115 quod
2567 1045 2640 1100 illi
2666 1046 2799 1101 tales
2829 1047 2954 1112 sint,
2987 1061 3092 1100 non
3123 1047 3191 1099 ita
3220 1061 3380 1116 grave
3404 1054 3484 1102 est
3505 1090 3520 1112 ,
3555 1058 3688 1102 tam-

2100 1139 2197 1190 etsi
2228 1154 2386 1206 grave
2426 1147 2505 1192 est
2540 1155 2554 1190 :
2584 1138 2724 1206 quod
2757 1152 2883 1190 vero
2913 1152 3008 1190 nos
3035 1178 3050 1200 ,
3095 1137 3184 1206 qui
3218 1138 3410 1206 templa
3457 1137 3549 1191 Dei
3579 1139 3690 1192 fieri

2100 1229 2297 1299 dignati
2329 1244 2530 1294 sumus,
2561 1232 2800 1298 sepulcra
2828 1229 3004 1282 statim
3039 1239 3236 1282 emtum
3267 1230 3510 1285 [calorem
3539 1231 3695 1285 emit-

2105 1321 2264 1373 tentia
2286 1320 2600 1384 efficiamur,
2632 1323 2730 1374 hoc
2757 1332 3010 1375 extrema:
3035 1321 3266 1375 miseria:
3288 1333 3390 1376 εει.
3421 1321 3518 1377 Ubi
3546 1321 3695 1376 Chri-

2103 1421 2213 1464 stus
2263 1411 2494 1474 habitat,
2530 1412 2760 1480 Spiritns
2798 1425 3014 1467 sanctus
3057 1423 3306 1483 operatus
3343 1424 3459 1478 est,
3513 1423 3695 1482 totque

2105 1503 2351 1572 mysteria
2404 1512 2634 1570 peracta,
2693 1502 2792 1556 hoc
2835 1503 3135 1571 sepulcrum
3186 1519 3326 1568 esse,
3376 1513 3571 1573 quanta
3603 1505 3694 1559 illa

2103 1594 2315 1648 miseria
2347 1596 2465 1648 est?
2495 1606 2622 1664 quot
2666 1595 2876 1650 ﬂetibus
2905 1607 2958 1648 et
2985 1596 3267 1665 gemitibus
3310 1597 3528 1665 dignum
3569 1607 3650 1651 est
3675 1641 3692 1664 ,

2104 1700 2223 1737 cum
2266 1686 2506 1738 membra
2555 1685 2749 1739 Christi
2796 1687 3097 1753 sepulcrum
3155 1688 3483 1740 immundum
3519 1687 3697 1742 fiunt?

2104 1773 2284 1843 Cogita
2316 1775 2583 1843 quomodo
2633 1786 2786 1828 natus
2813 1775 2920 1841 sis,
2970 1776 3161 1845 quibus
3203 1776 3450 1846 dignatus
3497 1777 3692 1839 fuerES.

2105 1879 2260 1933 quem
2287 1868 2558 1936 acceperis
2588 1867 2862 1930 amictum,
2907 1867 3170 1936 quomodo
3202 1869 3454 1937 templum
3487 1870 3696 1923 tinuum

2105 1957 2422 2010 constitutus
2447 1957 2541 2020 sis,
2583 1972 2739 2026 quam
2765 1958 3046 2026 pulchrum
3075 1973 3089 2020 ;
3118 1973 3221 2011 non
3261 1975 3392 2011 auro
3422 1969 3695 2025 ornatum,

2107 2064 2277 2117 neque
2321 2049 2636 2119 margaritis,
2690 2049 2782 2103 sed
2825 2049 2906 2102 his
2952 2049 3106 2119 longe
3144 2050 3458 2119 pretiosiore
3497 2051 3698 2120 Spiritu

2105 2151 2310 2196 sancto.
2361 2141 2545 2212 Cogita
2597 2143 2866 2195 neminem
2916 2143 2968 2196 in
3026 2144 3155 2197 urbe
3200 2145 3499 2213 sepulcrum
3557 2161 3694 2199 cou-

2107 2241 2312 2284 struere
2337 2232 2412 2302 (α)
2439 2249 2453 2295 ;
2499 2247 2626 2301 ergo
2653 2248 2827 2301 neque
2860 2241 2912 2285 tu
2942 2233 2992 2286 in
3025 2248 3256 2302 Superna
3301 2236 3514 2290 civitate
3543 2253 3695 2289 cont-

2111 2338 2298 2392 parere
2355 2325 2572 2392 poteris.
2606 2323 2734 2377 Nam
2786 2324 2828 2376 si
2861 2323 2945 2378 hic
2993 2324 3118 2378 illud
3169 2324 3500 2394 prohibetur,
3533 2337 3700 2379 tnutto

2108 2414 2274 2482 magis
2308 2415 2432 2467 illic.
2465 2413 2576 2468 luto
2619 2429 2746 2468 vero
2773 2415 2932 2468 etiam
2977 2414 3062 2468 hic
3090 2416 3196 2469 risu
3226 2415 3416 2484 dignus
3446 2418 3700 2471 omnibus

2107 2520 2348 2575 appares,
2378 2506 2502 2558 dum
2533 2515 2794 2558 mortuam
2821 2507 3133 2560 circumfers
3160 2507 3427 2570 animam;
3461 2523 3559 2561 nec
3589 2509 3700 2561 risu

2108 2597 2302 2668 dignus
2335 2608 2563 2662 tantum,
2591 2597 2684 2652 sed
2714 2600 2874 2652 etiam
2922 2598 3218 2667 fugiendus.
3251 2598 3344 2651 Dic
3373 2602 3514 2651 enim
3544 2599 3697 2660 mihi,

2108 2693 2152 2744 si
2179 2691 2298 2761 quis
2329 2701 2593 2744 mortuum
2619 2691 2844 2744 cadaver
2872 2691 3256 2752 circumferret,
3289 2706 3466 2744 annon
3513 2705 3702 2745 omnes

2110 2783 2396 2846 resilirent,
2435 2797 2610 2834 annon
2661 2796 2848 2835 omnes
2888 2781 3168 2850 fugerent?
3219 2781 3326 2834 Hoc
3353 2782 3513 2834 etiam
3562 2799 3702 2837 nunc

2111 2886 2286 2930 tecum
2309 2888 2513 2943 reputa.
2566 2874 2697 2928 Nam
2742 2875 2897 2943 longe
2926 2875 3163 2928 deterius
3193 2876 3548 2944 spectaculum
3595 2877 3703 2928 cir-

2109 2967 2360 3030 cumfers,
2398 2968 2628 3020 animam
2674 2976 3011 3033 peccatorum
3053 2967 3195 3021 mole
3243 2977 3526 3031 mortuam,
3583 2969 3703 3020 aui-

2111 3075 2250 3114 mam
2279 3057 2606 3112 dissolutam.
2630 3057 2758 3124 Quis
2781 3058 2898 3110 talis
2921 3057 3148 3111 hominis
3173 3057 3547 3112 miserebitur?
3567 3056 3701 3113 Cum

2111 3151 2250 3204 enim
2285 3159 2337 3202 tu
2368 3149 2558 3201 anima:
2588 3158 2691 3201 tua:
2721 3165 2825 3202 non
2875 3149 3200 3212 miserearis,
3247 3149 3516 3218 quomodo
3565 3150 3704 3203 alius

2113 3251 2163 3296 te
2215 3241 2553 3294 tuiserabitur
2598 3240 2666 3292 ita
2715 3239 2987 3293 crudelem
3036 3249 3090 3294 et
3130 3240 3402 3293 inimicum
3436 3241 3525 3294 tibi
3559 3241 3705 3310 ipsi?

2111 3332 2165 3388 Si
2193 3335 2312 3402 quis
2333 3331 2472 3385 enim
2499 3345 2603 3400 quo
2629 3335 2743 3384 loco
2777 3341 2830 3383 tu
2861 3331 3062 3383 domuis
3103 3339 3156 3385 et
3186 3331 3442 3395 comedis,
3472 3331 3705 3384 cadaver

2111 3425 2211 3480 sub
2234 3435 2371 3479 terra
2399 3434 2639 3492 poneret,
2671 3422 2794 3492 quid
2821 3437 2924 3475 non
2957 3421 3202 3475 faceres?
3234 3430 3287 3474 tu
3317 3437 3444 3475 vero
3467 3423 3703 3474 animam

2114 3528 2378 3573 mortuam
2402 3517 2647 3586 deponis,
2677 3531 2781 3568 non
2813 3530 2918 3584 quo
2949 3515 3066 3568 loco
3105 3515 3332 3583 prandes
3365 3514 3448 3569 vel
3475 3513 3701 3576 dormis,

2113 3609 2207 3664 sed
2237 3609 2290 3663 in
2322 3609 2578 3662 membris
2600 3607 2815 3670 Christi,
2843 3621 3015 3673 neque
3041 3606 3194 3658 times
3223 3621 3287 3658 ne
3311 3605 3456 3659 mille
3483 3603 3703 3658 fultuina

2115 3703 2165 3756 in
2195 3711 2353 3770 caput
2389 3711 2534 3753 tuum
2574 3697 2876 3768 jaciantur?
2904 3696 3181 3763 Quomodo
3229 3695 3394 3750 audes
3444 3698 3705 3751 ecclesias

2117 3795 2209 3849 Dei
2242 3794 2597 3862 frequentare,
2622 3800 2675 3844 et
2699 3804 2845 3842 sacra
2878 3789 3092 3857 templa,
3123 3803 3242 3842 cum
3264 3790 3401 3841 intus
3423 3798 3527 3840 tam
3550 3803 3704 3842 exse-

2113 3884 2373 3940 crandum
2408 3883 2651 3938 fcetorem
2682 3879 2915 3934 habeas"
2945 3879 3074 3934 Nam
3100 3880 3144 3933 si
3166 3880 3282 3949 quis
3308 3879 3358 3933 in
3390 3879 3584 3948 regiam
3614 3893 3707 3931 ca-

2113 3979 2276 4032 daver
2308 3975 2466 4029 ferret
2491 3983 2545 4028 et
2573 3972 2662 4027 tibi
2693 3971 2987 4036 defoderet,
3013 3982 3280 4026 extremas
3309 3970 3460 4024 daret
3490 3986 3702 4038 Ιιαὲιιιιδ,

2119 4081 2169 4124 tu
2191 4082 2318 4122 vero
2340 4067 2425 4135 qui
2456 4081 2605 4119 sacra
2633 4075 2784 4133 septa
2813 4063 2951 4128 adis,
2983 4074 3036 4116 et
3067 4072 3211 4115 tanto
3251 4061 3442 4116 foetore
3484 4063 3706 4115 domum

2118 4163 2309 4230 reples,
2341 4160 2513 4229 cogita
2540 4169 2792 4228 quantum
2817 4155 2930 4209 lues
2959 4155 3299 4224 snpplicium.
3335 4153 3548 4208 Imitare
3590 4170 3706 4208 mc-

2116 4254 2362 4308 retricem
2413 4252 2579 4313 illam,
2608 4266 2725 4318 qua:
2764 4259 3034 4318 unguento
3063 4247 3212 4301 unxit
3269 4247 3432 4316 pedes
3467 4243 3704 4311 Christi,

2116 4354 2170 4399 et
2196 4346 2336 4398 bono
2361 4343 2525 4396 odore
2555 4351 2718 4395 totam
2743 4341 2958 4395 domum
3005 4341 3243 4409 implevit
3272 4342 3289 4411 (
3313 4339 3438 4393 Luc.
3471 4340 3524 4392 7.
3553 4340 3622 4395 38
3643 4341 3702 4409 );

2119 4447 2170 4491 tu
2194 4448 2321 4489 vero
2347 4433 2671 4488 contrarium
2721 4431 2772 4485 in
2804 4430 2964 4484 domo
2996 4430 3085 4485 Dei
3119 4430 3267 4484 facis.
3299 4429 3436 4496 Quid
3467 4446 3628 4495 enim,
3660 4431 3710 4485 si

2119 4538 2170 4582 tu
2195 4528 2307 4596 ipse
2355 4535 2550 4579 tetrum
2596 4523 2814 4577 odorem
2845 4539 2950 4577 non
2988 4521 3226 4576 sentias?
3255 4520 3309 4575 ld
3339 4537 3466 4576 sane
3488 4521 3708 4575 morbus

2117 4629 2199 4675 est
2222 4619 2602 4690 gravissimus;
2638 4615 2757 4670 ideo
2806 4615 3084 4669 incurabili
3132 4615 3320 4668 morbo
3366 4615 3598 4679 laboras,
3653 4626 3709 4669 et

2118 4714 2358 4784 graviore
2399 4726 2554 4780 quant
2604 4711 2637 4763 ii
2688 4711 2775 4780 qui
2808 4723 3032 4778 corpore
3083 4709 3250 4762 mutili
3278 4725 3339 4761 ac
3361 4709 3527 4763 vitiati
3561 4713 3704 4762 male

2118 4805 2278 4858 olent.
2298 4803 2390 4857 Ille
2418 4818 2645 4871 namque
2675 4802 2892 4854 morbus
2920 4801 2986 4854 ab
3012 4801 3167 4870 :rgris
3189 4815 3353 4854 sensu
3385 4802 3701 4870 percipitur,

2119 4895 2353 4962 nihilque
2373 4892 2667 4960 culpandus
2691 4904 2791 4955 est,
2818 4892 2925 4944 imo
2943 4892 3101 4944 etiam
3125 4901 3205 4944 est
3227 4891 3704 4946 eommiseratione

2119 4988 2348 5055 dignus;
2405 4986 2490 5040 hic
2539 5000 2667 5040 vero
2720 4985 2936 5038 morbus
2965 4984 3038 5037 ira
3078 4994 3132 5037 et
3163 4985 3416 5039 vindicta.
3443 4986 3711 5052 Quoniam

2117 5095 2242 5148 ergo
2270 5077 2384 5132 haec
2411 5079 2654 5149 graviora
2687 5086 2830 5140 sunt,
2863 5092 2984 5131 cum
3013 5092 3244 5131 maxime
3270 5093 3411 5147 mger
3447 5079 3559 5149 ipse
3590 5096 3710 5132 ma-

2121 5174 2228 5226 ltun
2251 5188 2356 5226 non
2383 5171 2564 5236 sentit,
2593 5181 2652 5224 ut
2680 5179 2973 5239 Oporteret,
2992 5171 3336 5239 age,inteuto
3356 5169 3478 5224 audi
3503 5171 3706 5234 animo,

2120 5272 2177 5317 ut
2205 5274 2255 5316 te
2297 5261 2468 5315 morbi
2519 5261 2810 5330 perniciem
2843 5260 3086 5314 doceam.
3137 5259 3315 5313 Primo
3363 5271 3540 5314 autem
3585 5263 3709 5315 amli

2118 5354 2242 5425 quid
2274 5351 2546 5422 psallendo
2572 5351 2716 5405 dicas
2741 5368 2755 5404 :
2791 5348 3052 5420 Dirigatur
3077 5353 3238 5404 oratio
3260 5367 3370 5403 mea
3393 5353 3521 5405 sicut
3540 5353 3712 5406 iacens

2116 5461 2227 5499 sum
2279 5447 2332 5496 in
2359 5454 2628 5510 conspectu
2668 5453 2752 5495 tuo
2776 5442 2794 5510 (
2817 5440 2962 5494 Psal.
2994 5442 3116 5496 HO.
3146 5441 3180 5494 ‘2
3203 5442 3244 5512 ).
3272 5441 3402 5496 Cum
3453 5458 3579 5513 ergo
3601 5460 3708 5498 non

2119 5536 2416 5600 incensum,
2449 5534 2542 5587 sed
2571 5549 2600 5587 a
2644 5543 2697 5586 te
2734 5541 2787 5586 et
2813 5547 2841 5585 a
2869 5533 3032 5602 gestis
3062 5533 3164 5586 tuis
3195 5534 3333 5587 male
3356 5534 3506 5588 olens
3535 5534 3708 5587 l’tunus

2118 5624 2388 5690 ascendit,
2417 5640 2574 5692 quam
2607 5640 2714 5677 non
2761 5624 2984 5678 mereris
3027 5623 3321 5678 ultionem?
3350 5623 3486 5691 Quid
3509 5637 3585 5680 e5t
3616 5625 3708 5680 itle

2187 5738 2262 5803 (ο)
2293 5735 2588 5801 sepulcrum
2612 5737 2817 5787 urbibus
2831 5737 3253 5788 construct-antur.
