4000 6206
230 486 369 539 male
398 484 547 538 olens
574 478 937 536 funtusihllulti
954 479 1350 549 ingrediuntur,
1365 477 1454 548 qui
1471 478 1673 534 formas
1695 491 1815 530 nnt-

231 576 419 629 lierum
465 572 929 641 circumspiciunt;
981 572 1194 639 aliique,
1235 572 1322 640 qui
1371 584 1655 637 puerorum
1702 581 1823 635 spe-

226 668 363 720 ciem
418 664 682 720 curiosius
732 672 997 733 spectant.
1051 664 1241 716 Annon
1290 661 1523 723 miraris,
1555 657 1823 728 quomodo

226 758 445 811 fulmina
499 772 605 810 non
660 754 944 824 jaciantur,
1004 768 1100 808 nec
1153 753 1329 807 omnia
1387 769 1415 806 a
1462 750 1823 805 fundamentis

224 850 573 904 evertuntur?
615 848 745 902 Nam
781 847 938 917 digna
989 856 1112 902 sunt
1165 848 1249 901 illa
1298 846 1606 901 fulminibus
1653 853 1706 900 et
1734 860 1821 916 ge-

227 941 405 995 ltenna
436 958 449 993 ;
479 942 572 996 sed
608 941 765 1001 Deus.
821 941 1025 1010 patiens
1068 950 1122 994 et
1174 940 1353 994 multa:
1406 936 1809 999 misericordiae,

226 1032 363 1085 iram
393 1048 547 1086 suam
580 1032 792 1095 retinet,
827 1039 885 1084 ut
911 1030 977 1084 ad
1008 1031 1374 1099 paenitentiam
1405 1039 1457 1084 et
1488 1026 1822 1083 emendatio-

225 1138 351 1177 nem
380 1132 432 1177 te
453 1123 699 1176 adducat.
725 1122 859 1189 Quid
890 1120 1042 1185 facis,
1065 1121 1261 1175 homo?
1285 1122 1506 1176 fortnam
1538 1119 1820 1173 mulierum

229 1214 446 1267 curiose
477 1213 720 1281 respicis,
752 1222 802 1266 et
840 1228 943 1265 non
977 1211 1245 1266 horrescis
1277 1220 1416 1265 tanta
1446 1210 1703 1279 templum
1730 1210 1823 1263 Dei

224 1304 474 1359 afﬁciens
517 1304 878 1358 contumelia?
908 1319 975 1357 an
1018 1302 1370 1373 prostibulum
1400 1316 1519 1356 esse
1548 1310 1703 1371 putas
1731 1314 1821 1354 ec-

224 1396 471 1459 clcsiam,
504 1404 555 1449 et
587 1398 700 1449 loro
728 1396 842 1464 ipso
874 1394 1286 1465 iguobiliorem?
1318 1394 1368 1447 In
1397 1394 1510 1448 foro
1527 1394 1817 1458 erubescis,

226 1501 294 1538 ne
346 1486 572 1538 videaris
624 1487 900 1540 mulierem
942 1486 1153 1541 curiose
1201 1496 1488 1555 spectare:
1524 1486 1576 1539 in
1622 1484 1822 1553 templo

223 1586 408 1629 autem
464 1577 576 1640 Dei,
628 1577 752 1630 dum
808 1577 945 1630 Deus
987 1578 1099 1646 ipse
1142 1586 1315 1630 tecum
1344 1577 1593 1645 loquitur,
1624 1576 1822 1644 tibique

226 1668 366 1722 circa
401 1683 513 1721 rem
560 1668 695 1722 hanc
738 1668 1113 1732 comminatur,
1154 1666 1431 1721 iornicaris
1458 1675 1511 1721 et
1539 1664 1823 1720 utcecharis

227 1760 416 1813 eodem
446 1769 706 1829 tempore,
734 1777 838 1830 quo
861 1760 1013 1814 audis
1042 1760 1109 1813 ab
1137 1760 1217 1813 his
1239 1774 1361 1813 esse
1388 1758 1766 1813 abstinendum
1803 1773 1817 1810 :

227 1868 401 1922 neque
429 1852 716 1918 horrescis,
743 1868 913 1922 neque
939 1852 1155 1921 stupes?
1184 1852 1307 1907 llaec
1337 1866 1432 1904 vos
1461 1850 1653 1905 docent
1674 1849 1824 1904 thea-

226 1958 309 1998 tm
370 1946 621 2009 lascivizc,
671 1947 834 2015 pestis
875 1946 962 1999 illa
1012 1954 1199 2001 curatn
1256 1943 1509 2008 dil‘licilis,
1560 1951 1822 1997 venenata

226 2038 537 2105 pharmaea,
569 2051 761 2104 graves
803 2036 875 2090 illi
930 2037 1150 2091 irretitis
1179 2036 1377 2105 laquei,
1402 2034 1715 2102 voluptuosa
1746 2033 1822 2088 Ia-

222 2128 516 2183 seiviorum
548 2130 833 2198 pernicies.
860 2128 1063 2183 Idcirco
1091 2129 1340 2184 incusans
1368 2127 1627 2197 propheta
1672 2127 1821 2182 diec-

226 2221 323 2272 bat
354 2236 367 2273 :
403 2219 581 2290 Neque
605 2221 740 2274 oculi
769 2222 861 2285 tui,
893 2237 983 2274 nec
1027 2237 1113 2274 cor
1153 2232 1291 2273 tuum
1333 2222 1517 2274 bonum
1565 2228 1635 2273 est
1666 2217 1820 2287 (λεν.

225 2312 319 2365 2?...
356 2314 477 2383 I7).
507 2314 691 2368 Melius
714 2324 857 2369 esset
884 2313 1184 2383 hnjusmodi
1216 2313 1458 2367 homines
1480 2326 1597 2366 esse
1618 2324 1821 2376 cchs;

223 2405 422 2459 melius
451 2416 500 2459 et
530 2420 702 2475 mgros
726 2421 868 2469 esse,
894 2421 1052 2475 quam
1082 2406 1148 2461 ad
1170 2405 1305 2459 hanc
1332 2420 1444 2459 rem
1465 2405 1631 2458 oculis
1652 2403 1818 2458 abuti.

224 2496 513 2563 Oporteret
545 2497 727 2567 utique
754 2498 896 2553 intus
926 2512 1046 2552 esse
1075 2512 1303 2561 murum,
1335 2500 1421 2567 qui
1454 2510 1548 2550 vos
1577 2511 1607 2550 a
1637 2495 1824 2550 mulie-

224 2589 378 2642 ribus
410 2597 771 2659 sequestraret
805 2608 817 2643 :
844 2591 967 2660 quia
995 2605 1124 2645 vero
1151 2588 1203 2643 id
1234 2604 1340 2644 non
1372 2589 1549 2652 vultis,
1580 2601 1825 2651 necessa-

225 2681 367 2731 rium
401 2696 520 2735 esse
551 2692 803 2751 putarunt
844 2692 1021 2752 patres
1070 2682 1259 2741 nostri,
1300 2690 1356 2734 ut
1402 2679 1592 2734 saltem
1638 2678 1825 2748 ligneis

224 2765 425 2817 tabulis
456 2780 549 2819 vos
576 2780 951 2834 separarcmus
983 2766 1058 2838 (τι)
1095 2784 1108 2820 :
1146 2780 1265 2819 nam
1318 2780 1344 2818 a
1398 2763 1698 2818 senioribus
1726 2778 1825 2833 ego

224 2854 428 2917 audivi,
455 2856 605 2909 initio
629 2856 728 2911 hos
757 2859 988 2927 parietes
1012 2872 1113 2911 non
1147 2856 1329 2910 fuisse.
1361 2855 1422 2908 t'n
1443 2855 1649 2908 Christo
1690 2857 1823 2907 enim

226 2947 353 2998 Iesu
377 2963 477 3000 non
505 2957 578 3002 est
603 2965 712 3002 tua:
735 2966 890 3018 neque
917 2949 1104 3018 femina
1130 2946 1287 3021 (Gal.
1308 2949 1359 3002 5.
1386 2946 1455 3001 28
1474 2948 1512 3016 ).
1547 2948 1826 3017 Apostolo-

227 3055 349 3093 rum
377 3056 589 3110 quoque
613 3051 854 3111 tempore
880 3056 981 3095 una
1010 3041 1105 3094 viri
1138 3049 1191 3095 ct
1219 3040 1468 3095 mulieres
1499 3048 1668 3094 erant.
1695 3039 1823 3093 Nam

228 3139 357 3183 tunc
388 3130 485 3183 viri
514 3146 641 3187 vere
666 3132 764 3185 viri
790 3139 963 3197 erant,
994 3141 1047 3185 et
1074 3130 1344 3195 mulieres,
1375 3131 1622 3185 mulieres
1647 3148 1660 3160 -
1685 3144 1825 3184 nunc

227 3238 358 3276 vero
382 3234 589 3287 contra,
629 3224 881 3279 mulieres
926 3223 1263 3279 meretricum
1292 3223 1391 3277 sihi
1418 3238 1593 3276 mores
1619 3236 1826 3277 assum-

225 3326 475 3383 pseruttt,
504 3317 602 3371 viri
626 3326 802 3372 autem
823 3316 891 3371 ab
913 3317 1061 3387 cquis
1082 3314 1378 3370 furentibus
1400 3313 1529 3369 nihil
1550 3313 1821 3371 (lilI'erunt.

226 3406 345 3460 Non
379 3407 623 3475 audistis,
673 3417 1024 3479 congregatos
1076 3407 1127 3461 in
1175 3406 1450 3462 ctenaculo
1490 3404 1653 3460 fuisse
1682 3406 1824 3460 viros

223 3515 289 3552 ac
332 3500 605 3561 mulieres,
658 3501 907 3571 illumque
951 3508 1147 3554 emtum
1201 3498 1347 3553 cmlis
1395 3496 1610 3567 dignum
1659 3497 1824 3552 fuisse

222 3588 376 3656 (Act.
412 3592 460 3642 1.
491 3591 573 3644 15.
599 3590 742 3660 ll)?
771 3590 834 3644 Et
861 3590 981 3658 jure
1011 3590 1262 3659 quidem:
1294 3589 1458 3642 multa
1481 3588 1622 3642 enim
1648 3587 1821 3657 philo-

223 3681 417 3747 sepltia
447 3692 571 3735 tunc
593 3683 844 3737 mulieres
870 3684 1139 3736 instructa:
1167 3689 1340 3745 erant,
1361 3690 1414 3735 et
1440 3680 1535 3733 viri
1561 3678 1819 3734 modestia

222 3781 390 3840 atque
416 3774 680 3827 castitate.
731 3773 925 3827 Audite
976 3772 1117 3825 enim
1176 3786 1422 3840 purpurm
1473 3770 1819 3824 venditricem

222 3864 499 3917 dicentem
534 3882 545 3916 :
578 3864 638 3918 Si
677 3866 874 3933 ﬁdelem
903 3882 981 3917 me
1028 3863 1243 3917 Domino
1286 3863 1589 3933 judicastis,
1639 3863 1822 3917 intrate

221 3957 279 4006 in
308 3956 517 4007 domum
546 3972 746 4020 nteant,
791 3966 836 4009 et
886 3965 1080 4009 manete
1131 3956 1267 4024 apud
1315 3972 1393 4007 me
1422 3954 1567 4025 (Act.
1598 3956 1684 4008 46.
1730 3954 1813 4009 15.

222 4059 273 4100 ει
307 4048 393 4103 IS.
433 4048 552 4118 18).
592 4050 790 4106 Audite
812 4048 1093 4111 mulieres,
1140 4061 1258 4116 quae
1309 4047 1449 4101 virili
1505 4046 1682 4099 animo
1739 4048 1819 4101 in-

223 4148 455 4194 structu
483 4141 779 4195 circuibant
830 4156 949 4194 cum
995 4138 1283 4208 apostolis,
1339 4136 1662 4200 Priscillam,
1690 4137 1815 4193 Pcr-

221 4229 402 4283 sidcm
433 4239 486 4283 et
514 4230 642 4283 alias
688 4230 707 4299 (
734 4229 879 4283 Rom.
910 4227 996 4281 l6.
1041 4227 1106 4282 12
1132 4228 1151 4297 )
1190 4244 1202 4280 :
1232 4241 1259 4278 a
1288 4227 1477 4295 quibus
1504 4235 1707 4280 tantum
1731 4227 1816 4281 tli-

217 4332 368 4376 stant
420 4322 695 4377 hodierna:
737 4321 1023 4385 mulieres,
1057 4330 1311 4390 quantum
1341 4319 1439 4375 viri
1468 4332 1496 4371 a
1528 4318 1655 4373 viris
1688 4320 1811 4375 illis.

294 4415 351 4466 6.
381 4411 659 4466 Mulierum
689 4429 794 4465 sua:
817 4413 979 4466 celatis
1008 4412 1297 4474 vanitatem,
1327 4408 1575 4462 connubia
1619 4425 1711 4477 pro
1727 4426 1816 4478 pe-

216 4504 390 4556 cuniis
420 4503 761 4572 adipiscendis
788 4513 934 4571 pacta
954 4544 969 4565 ,
999 4512 1045 4554 et
1074 4500 1424 4553 Parasitorum
1451 4515 1611 4552 mores
1635 4499 1814 4552 redar-

216 4598 331 4667 guit
363 4596 777 4665 Clzrysostomus.
802 4625 873 4635 —
892 4594 1042 4648 Tunc
1067 4594 1208 4647 enim
1236 4591 1479 4662 quamvis
1508 4590 1816 4660 peregrina-

219 4698 438 4751 rentur,
468 4687 517 4740 id
547 4685 662 4740 sine
689 4686 841 4740 fama:
868 4685 1189 4740 detrimento
1213 4691 1330 4737 erat
1353 4698 1367 4745 ;
1393 4696 1532 4735 nunc
1561 4690 1736 4735 autem
1762 4682 1812 4734 in

217 4781 341 4848 ipso
382 4779 620 4833 thalamo
654 4780 899 4833 enutritae
944 4779 1029 4831 vix
1067 4776 1223 4831 talem
1263 4774 1519 4843 clfugiunt
1552 4774 1813 4843 suspicio-

218 4886 373 4924 nem.
408 4869 536 4923 Ilme
578 4884 737 4938 porro
773 4869 840 4923 ab
869 4868 1145 4921 ornatibus
1188 4874 1242 4919 et
1280 4880 1307 4917 a
1350 4864 1555 4918 deliciis
1598 4864 1812 4933 proiici-

214 4970 470 5013 sctmtttr.
502 4960 651 5012 Tune
677 4960 887 5013 illarum
916 4972 1049 5025 Opus
1075 4966 1207 5021 erat,
1230 4954 1661 5023 praedicationem
1693 4971 1814 5023 pro-

218 5068 419 5121 pagare
445 5069 457 5113 ;
493 5067 632 5105 nunc
660 5062 832 5104 autem
864 5050 910 5103 id
940 5058 1127 5103 curant
1150 5056 1207 5099 ut
1237 5047 1479 5100 fortnosae
1508 5056 1561 5099 et
1582 5047 1813 5115 pulchrae

215 5144 524 5198 videtntur.
560 5142 669 5196 Iloc
712 5143 813 5195 illis
854 5141 1059 5211 gloria,
1106 5139 1205 5191 hoc
1247 5138 1349 5191 illis
1379 5138 1522 5191 salus
1542 5148 1657 5201 est;
1694 5155 1812 5191 nam

218 5238 287 5288 de
318 5236 533 5303 magnis
561 5236 934 5303 pt'melarisque
964 5232 1129 5301 gestis
1170 5246 1236 5283 ne
1280 5245 1373 5298 per
1397 5230 1660 5283 somnium
1693 5230 1809 5298 qni-

213 5332 339 5380 dem
373 5335 583 5380 curant.
620 5325 749 5391 Qua:
781 5326 969 5378 mulier
1008 5340 1073 5377 eo
1098 5323 1273 5377 studia
1305 5322 1529 5374 contulit
1551 5333 1606 5374 ut
1634 5324 1809 5375 virum

214 5421 419 5471 ticeret
465 5418 737 5470 meliorem
760 5421 783 5468 ’ἐ
810 5418 896 5485 qui
942 5417 1021 5468 vir
1040 5431 1155 5469 eam
1185 5414 1366 5467 habuit
1400 5413 1809 5467 sollicitudinem

216 5519 272 5561 nt
303 5524 531 5561 uxorem
574 5507 924 5560 emendaret?
953 5506 1119 5560 Nemo
1162 5517 1339 5559 certe:
1387 5504 1478 5558 sed
1513 5506 1659 5557 uxori
1710 5521 1807 5555 una

209 5801 242 5849 ω
264 5744 335 5799 (τι)
381 5740 609 5792 Mulieres
632 5757 655 5790 τι
676 5744 791 5791 viris
810 5757 854 5791 tu
883 5741 1092 5793 cetlesia
1120 5741 1296 5791 tahulis
1321 5739 1498 5802 ligneis
1521 5753 1805 5803 sequestra-

246 5816 288 5849 ,ιι
314 5811 409 5849 tur.

246 5816 288 5849 ,ιι
314 5811 409 5849 tur.

576 5900 851 5960 ΡΑτιιοι..
903 5898 1021 5957 Gn.
1081 5895 1287 5955 LVIII.

1095 368 1159 425 IN
1198 364 1601 425 MATTIIzEl’M
1645 360 1871 418 IIOMIL.

1917 359 2149 415 LXXIII.
2190 359 2259 412 al.
2302 358 2535 414 LXXIV.
3401 363 3502 420 678

1930 488 2056 528 cura
2085 473 2149 527 de
2174 475 2352 529 aureis
2381 478 2675 541 ornatibus,
2697 474 2763 531 de
2794 478 3027 534 vestibus
3052 483 3088 542 ί.
3109 481 3281 551 deque
3307 488 3515 542 creteris

1927 566 1992 619 ad
2020 568 2258 635 corporis
2285 577 2531 622 ornatum
2562 570 2958 638 spectantibus,
2984 584 3142 643 atque
3172 586 3228 629 ut
3257 590 3387 645 opes
3418 596 3513 632 au-

1927 665 2187 722 geantur;
2216 656 2331 709 viro
2360 667 2537 711 autem
2583 667 2638 712 et
2674 658 2787 715 btec
2832 670 3098 731 postrema
3139 673 3193 719 et
3234 665 3352 721 ali-.e
3397 674 3514 737 ptu-

1928 746 2076 799 rimm
2104 762 2245 801 curre
2274 756 2431 812 sunt,
2457 762 2749 819 omnesque
2785 754 3091 809 szeculares.
3132 754 3261 823 Quis
3291 772 3514 812 uxorem

1928 836 2217 902 ducturus,
2244 853 2423 896 mores
2448 850 2503 893 et
2533 840 2899 897 educationem
2943 845 3132 914 puella:
3171 847 3514 917 exploravit?

1927 928 2131 993 Nemo;
2160 929 2255 984 sed
2283 930 2349 985 de
2376 932 2613 999 pecuniis
2643 940 2844 987 tantum
2871 936 3146 1005 quaeritur,
3177 937 3243 992 de
3272 940 3511 1009 prtediis,

1928 1020 2099 1090 deque
2127 1021 2385 1075 bonorunt
2411 1023 2685 1085 varietate,
2716 1039 2777 1079 ac
2804 1025 2846 1079 si
2877 1027 3001 1095 quid
3031 1037 3309 1097 empturus
3337 1040 3511 1096 esset,

1928 1121 2019 1166 aut
2043 1112 2110 1166 de
2142 1114 2529 1182 permutatione
2567 1116 2811 1184 quapiam
2843 1128 3105 1186 ageretur.
3154 1120 3382 1191 Ideoque
3413 1114 3515 1179 hoc

1930 1205 2145 1259 nomine
2170 1204 2492 1259 connubiqu
2525 1215 2731 1259 vetant.
2754 1206 2942 1261 Multos
2958 1209 3097 1262 enim
3125 1210 3297 1265 audivi
3329 1210 3513 1266 dicen-

1931 1302 2011 1349 tes
2034 1337 2048 1357 ,
2084 1295 2408 1350 Permutavit
2450 1297 2533 1351 hic
2559 1312 2680 1350 cum
2722 1297 2830 1363 illa,
2861 1298 2911 1351 id
2940 1309 3039 1363 est,
3063 1301 3211 1354 duxit
3240 1302 3404 1355 illam.
3440 1303 3513 1357 Ita

1927 1387 2063 1441 dona
2095 1389 2185 1442 Dei
2214 1390 2548 1458 vituperant,
2577 1398 2737 1458 atque
2762 1404 2824 1443 ac
2851 1390 2896 1443 si
2928 1390 3218 1447 venderent
3245 1406 3517 1449 emerent-

1928 1495 2030 1549 qne
2054 1522 2069 1544 ,
2100 1481 2175 1533 sic
2202 1480 2400 1534 ducunt
2428 1491 2478 1534 et
2505 1481 2791 1535 ducuntur.
2836 1482 3112 1551 Rescripta
3160 1499 3283 1537 vero
3328 1487 3515 1554 majori

1928 1572 2175 1622 cautione
2201 1585 2335 1637 Opus
2361 1570 2556 1624 habent
2578 1573 2617 1635 ³,
2650 1586 2807 1641 quam
2835 1573 2877 1627 si
2906 1571 2975 1627 de
3003 1574 3227 1629 venditis
3246 1586 3298 1630 et
3324 1578 3518 1647 emptis

1927 1672 2190 1727 ageretur.
2225 1662 2419 1716 Discite
2446 1678 2549 1732 quo
2577 1673 2731 1732 pacto
2754 1672 2967 1720 veteres
2996 1681 3189 1722 uxores
3216 1669 3513 1735 ducerent,

1929 1750 2154 1821 illosque
2190 1752 2489 1807 imitamini.
2532 1752 2809 1821 Quomodo
2846 1770 2975 1824 ergo
3021 1773 3213 1813 uxores
3249 1760 3516 1817 ducebant

1930 1841 2040 1896 illi?
2068 1843 2246 1897 Bonos
2286 1858 2466 1898 mores
2509 1854 2565 1898 et
2605 1845 2837 1899 indolem
2868 1847 3216 1916 quaerebant,
3249 1851 3516 1922 animique

1930 1934 2199 1989 virtutem.
2232 1936 2459 2005 Ideoque
2502 1938 2720 2005 scriptis
2757 1954 2891 2005 opus
2929 1956 3033 1994 non
3078 1940 3377 2007 habehant,
3409 1960 3513 1999 non

1929 2024 2112 2078 charta
2136 2066 2151 2089 ,
2196 2042 2298 2080 non
2346 2035 2646 2083 atramento
2671 2046 2685 2082 :
2719 2043 2930 2097 sponsa:
2958 2046 3133 2087 mores
3168 2034 3297 2087 satis
3322 2047 3470 2089 eratut
3498 2078 3512 2102 ,

1928 2115 2274 2186 omniumque
2306 2117 2479 2173 locum
2529 2120 2801 2174 tenebant.
2837 2121 2940 2177 Vos
2980 2137 3108 2195 ergo
3146 2125 3408 2195 obsecro,
3450 2146 3515 2185 ne

1931 2206 2183 2275 pecunias
2201 2249 2215 2273 ,
2246 2223 2313 2263 ne
2336 2223 2465 2279 opes
2488 2211 2738 2278 quazratis
2760 2253 2774 2277 ,
2807 2212 2899 2267 sed
2933 2229 3129 2283 mores,
3157 2218 3470 2275 modestiam
3496 2263 3512 2289 ,

1932 2298 2203 2366 pietatem,
2233 2299 2599 2371 philosopham
2631 2304 2857 2373 puellam
2888 2322 2901 2367 ;
2930 2314 2983 2359 et
3016 2307 3128 2362 lnec
3160 2312 3325 2380 magis
3354 2327 3511 2382 quam

1931 2386 2076 2443 mille
2107 2390 2341 2445 thesauri
2368 2392 2520 2447 vobis
2541 2392 2851 2463 proderunt.
2884 2395 2937 2451 Si
2967 2414 3084 2466 qum
3105 2399 3194 2455 Dei
3222 2412 3345 2457 sunt
3371 2421 3514 2474 qute-

1930 2496 2052 2549 ras,
2083 2482 2194 2537 luce
2225 2500 2436 2555 quoque
2472 2486 2562 2540 tibi
2596 2486 2894 2553 addentur;
2928 2491 2971 2543 si
3002 2506 3125 2545 vero
3163 2494 3266 2548 illis
3316 2498 3515 2553 relictis

1928 2573 1994 2628 ad
2027 2573 2140 2629 haec
2168 2587 2368 2630 tantum
2391 2592 2595 2643 curras,
2621 2594 2793 2649 neque
2816 2579 2930 2635 hmc
2949 2594 3255 2653 sequentur.
3283 2587 3384 2643 Sed
3406 2589 3510 2659 Ille,

1931 2667 2159 2735 inquies,
2192 2671 2259 2722 ab
2287 2686 2452 2726 uxore
2470 2672 2667 2726 ditatus
2684 2682 2788 2728 est.
2808 2673 2922 2729 Non
2948 2684 2998 2731 te
3024 2676 3184 2746 pudet
3212 2680 3322 2735 hare
3342 2698 3515 2737 exem-

1934 2760 2013 2828 pla
2043 2761 2287 2817 referre?
2316 2762 2506 2820 Multos
2536 2764 2715 2820 audivi
2743 2766 3006 2832 dicentes,
3036 2769 3252 2826 Mallem
3278 2784 3513 2832 extrema

1933 2862 2242 2920 paupertate
2264 2853 2531 2921 laborare,
2552 2872 2710 2925 quam
2736 2858 2804 2912 ab
2826 2874 2992 2915 uxore
3016 2861 3194 2917 ditari.
3214 2863 3350 2932 Quid
3370 2868 3514 2923 enim

1932 2942 2201 2998 insuavius
2232 2946 2335 2999 illis
2370 2946 2607 3002 divitiis?
2646 2949 2771 3019 quid
2798 2952 3034 3007 amarius
3078 2953 3177 3011 hac
3205 2958 3516 3027 opulentia?

1930 3034 2054 3103 quid
2087 3037 2289 3105 turpius
2311 3053 2466 3107 quam
2495 3040 2756 3111 insignem
2787 3040 2889 3097 hoc
2916 3045 3075 3100 modo
3103 3061 3241 3110 esse.
3276 3050 3344 3105 ita
3376 3054 3516 3109 utab

1930 3126 2183 3180 omnibus
2213 3127 2451 3195 dicatur,
2483 3130 2577 3184 Ille
2606 3132 2673 3185 ab
2704 3147 2869 3188 uxore
2914 3134 3151 3205 locuples
3191 3138 3360 3195 factus
3396 3143 3516 3198 est?

1931 3216 2171 3274 lnternas
2215 3221 2355 3275 enim
2397 3230 2453 3275 et
2491 3222 2813 3279 domesticas
2852 3225 3124 3283 molestias
3165 3238 3312 3286 taceo
3335 3271 3351 3298 ,
3384 3248 3514 3303 quas

1931 3312 2054 3367 inde
2089 3313 2217 3367 oriri
2264 3328 2486 3370 necesse
2533 3323 2653 3381 est;
2702 3316 2942 3374 mulieris
2988 3323 3380 3391 arrogantiam,
3415 3327 3513 3382 viri

1930 3404 2235 3461 servitutem
2264 3448 2277 3471 ,
2307 3422 2529 3478 pugnas,
2563 3423 2837 3464 servorum
2862 3412 3133 3481 convicia,
3166 3414 3457 3476 dicentium
3489 3439 3505 3476 :

1931 3497 2155 3568 Pauper,
2174 3514 2461 3570 pannosus,
2478 3502 2723 3571 ignobilis
2739 3518 2802 3558 ex
2819 3502 3137 3573 ignobilibus
3155 3524 3168 3572 ;
3184 3508 3309 3578 quid
3332 3509 3515 3566 habuit

1927 3588 2139 3658 quando
2151 3589 2505 3645 venit?annon
2520 3593 2695 3647 omnia
2710 3604 2830 3648 sunt
2843 3591 3098 3653 domian
3109 3597 3212 3653 Sed
3228 3598 3340 3657 haec
3356 3604 3512 3659 verba

1928 3680 2057 3734 nihil
2087 3696 2243 3735 curas
2270 3700 2283 3733 ;
2318 3696 2492 3752 neque
2517 3686 2659 3737 enim
2688 3684 2825 3740 liber
2848 3700 2928 3742 es.
2956 3687 3091 3744 Nam
3113 3700 3168 3745 et
3191 3696 3402 3761 parasiti
3431 3696 3513 3751 his

1926 3773 2191 3828 deteriora
2218 3774 2459 3840 audiunt,
2497 3790 2668 3845 neque
2695 3775 2816 3830 ideo
2840 3777 3044 3843 dolent,
3075 3782 3170 3837 sed
3202 3782 3361 3839 etiam
3390 3788 3506 3856 glo-

1924 3867 2130 3919 riantur
2157 3865 2225 3920 de
2252 3864 2554 3933 lmjusmodi
2582 3865 2864 3922 dedecore.
2896 3871 2971 3923 Ac
2999 3884 3118 3925 cum
3147 3872 3199 3928 id
3227 3874 3356 3943 ipsis
3381 3876 3509 3933 dici-

1925 3971 2044 4011 mus
2068 3998 2083 4021 ,
2118 3957 2200 4012 Sit
2223 3957 2350 4011 mihi
2373 3999 2387 4021 ,
2419 3958 2684 4028 inquiunt,
2715 3959 2838 4030 quid
2860 3959 3012 4018 dulce
3042 3972 3092 4017 et
3114 3963 3426 4034 jucundum,
3452 3982 3507 4027 et

1924 4049 2147 4105 sullocet
2176 4066 2281 4106 me.
2313 4050 2357 4105 Ο
2384 4050 2693 4106 diabolum!
2736 4068 2853 4123 qua:
2896 4056 3176 4126 proverbia
3218 4059 3307 4115 ille
3347 4061 3401 4117 in
3427 4064 3508 4118 vi-

1926 4152 2030 4195 tam
2068 4142 2342 4199 hominum
2375 4143 2586 4209 intulit,
2614 4146 2803 4214 quibus
2843 4157 2951 4202 tota
2995 4149 3183 4206 talium
3227 4152 3501 4213 hominum

1923 4236 2027 4289 vita
2058 4237 2221 4305 possit
2248 4239 2451 4293 everti!
2478 4238 2753 4308 Perpende
2786 4255 2912 4311 ergo
2944 4242 3071 4297 illud
3099 4244 3415 4305 diabolicum
3442 4266 3505 4307 ac

1923 4329 2203 4383 exitiosum
2230 4328 2427 4383 dictum
2454 4371 2469 4397 ,
2500 4342 2694 4401 quanta
2726 4331 2795 4385 sit
2820 4332 3055 4401 pernicie
3085 4336 3300 4404 plenum
3320 4382 3335 4396 .
3363 4341 3507 4398 Nihil

1924 4423 2066 4476 enim
2088 4421 2232 4476 aliud
2258 4422 2407 4487 dicit,
2439 4438 2595 4491 quam
2622 4422 2735 4477 haze
2761 4423 2920 4477 verba
2945 4442 2957 4477 :
2986 4425 3134 4479 Nulla
3168 4430 3258 4484 tibi
3288 4432 3466 4488 dceori
3489 4478 3506 4501 ,

1923 4516 2064 4571 nulla
2093 4515 2183 4570 tibi
2207 4515 2425 4584 justitiae
2454 4515 2523 4569 sit
2568 4516 2737 4569 ratio:
2773 4514 2891 4570 haec
2936 4518 3111 4571 omnia
3142 4520 3459 4588 abjieiantur
3486 4542 3501 4580 :

1924 4626 2079 4665 unam
2114 4618 2317 4663 tantum
2344 4624 2526 4679 qttmre
2552 4608 2897 4678 voluptatem.
2933 4609 3150 4664 Etiamsi
3183 4621 3233 4667 te
3268 4631 3353 4669 res
3385 4617 3501 4672 lucc

1921 4701 2192 4756 sulI'ocarit
2214 4742 2228 4767 ,
2262 4700 2351 4753 tibi
2398 4700 2647 4769 Optabilis
2676 4698 2781 4765 sit;
2809 4701 3014 4755 etiamsi
3042 4716 3229 4758 omnes
3268 4706 3406 4760 obvii
3450 4718 3503 4763 te

1921 4803 2237 4863 conspuant,
2261 4792 2465 4846 etiamsi
2499 4793 2662 4846 lutum
2682 4792 2811 4844 inos
2835 4792 3094 4863 ingerant,
3119 4795 3217 4849 etsi
3242 4805 3297 4850 ut
3315 4812 3500 4853 canem

1923 4886 2159 4954 pellant,
2193 4885 2369 4938 omnia
2395 4883 2552 4939 feras.
2589 4883 2790 4953 Ecquid
2820 4885 2961 4939 aliud
2988 4885 3217 4941 dixerint
3247 4890 3391 4957 porci
3413 4934 3425 4953 ,
3459 4893 3503 4946 si

1921 4976 2061 5045 loqui
2086 4975 2333 5043 pOSSent?
2354 4974 2478 5043 quid
2508 4975 2697 5043 impuri
2721 4977 2914 5031 canes?
2938 4975 3118 5045 Neque
3144 4978 3364 5033 fortasse
3386 4982 3507 5038 talia

1923 5069 2286 5137 loquerentur,
2314 5068 2483 5137 qualia
2512 5067 2754 5121 diabolus
2774 5068 2973 5122 rabidis
3005 5075 3308 5126 nominibus
3324 5079 3502 5129 dicere

1921 5168 2105 5219 suasit.
2138 5166 2423 5233 Propterea
2464 5166 2719 5229 obsecro,
2755 5173 2810 5217 ιιι
2841 5165 3019 5218 talium
3069 5165 3348 5221 verborum
3400 5169 3501 5222 int-

1923 5258 2223 5324 pudentiam
2254 5256 2650 5309 considerantes
2674 5298 2687 5320 ,
2729 5254 2843 5309 hare
2877 5258 3152 5322 proverbia
3187 5257 3416 5327 fugiatis,
3449 5270 3502 5312 et

1922 5352 2001 5403 his
2025 5349 2291 5403 contraria
2335 5365 2392 5401 ex
2434 5349 2721 5417 Scripturis
2746 5348 3007 5418 deligatis.
3043 5350 3170 5418 Quae
3216 5360 3341 5405 sunt
3373 5352 3508 5404 illa?

1922 5441 2003 5493 Nc
2028 5439 2251 5492 (unbules
2281 5450 2390 5507 rost
2419 5440 2841 5508 eoneupiscentius
2873 5441 3055 5492 animm
3082 5452 3179 5493 tua'
3199 5482 3214 5507 ,
3244 5453 3287 5493 ct
3310 5445 3511 5509 appetia

1922 5614 1937 5662 ἶ
1984 5557 1999 5583 ⁸
2028 5552 2121 5601 Alii
2147 5552 2341 5608 habent.
2362 5550 2423 5601 de
2447 5548 2608 5600 aureis
2631 5550 2901 5613 ornatibus,
2927 5551 2985 5601 dc
3020 5551 3324 5615 gettmtis,(te
3361 5546 3513 5603 resti-

1937 5627 2022 5662 ms.

1937 5627 2022 5663 tua.

1968 5630 1991 5663 Ι.
2012 5650 2022 5661 .

1954 5629 2165 5723 ’ἔλεικιει
2205 5680 2393 5721 textum
2417 5673 2556 5722 Savil.
2580 5673 2841 5731 legendum
2867 5682 2999 5723 esset
3026 5688 3134 5723 cum
3154 5682 3361 5736 Georth
3386 5673 3504 5721 'I‘ra—

1923 5742 2145 5799 tt-zuulio
2192 5738 2480 5801 interprete.
2507 5736 2829 5797 stipa/titiones
2867 5748 3051 5801 atroque
3090 5737 3365 5799 ttuptiuamt
3404 5750 3505 5787 ιιιιι·

1909 5804 2023 5867 jure
2056 5800 2229 5851 mtmi.
2253 5806 2550 5861 componunt.

3142 5884 3202 5944 1ιῖ
