4104 6218
501 339 626 394 id}?

515 468 601 507 tus
633 469 741 508 tuo:
767 470 935 507 coerce
952 452 1064 521 (Eat
1079 453 1132 506 li.
1157 452 1240 505 l8.
1260 452 1373 519 '50).
1392 451 1453 504 Et
1476 449 1542 504 de
1559 450 1836 503 meretrice
1859 465 2088 514 rursum,

496 557 700 600 ‘(fmlll'a
719 563 872 613 quant
900 547 950 598 in
974 543 1248 613 proverbic
1272 542 1440 596 fertur
1465 562 1475 595 :
1509 541 1587 596 Ne
1606 541 1833 595 attendas
1857 540 2093 610 improba

524 637 725 689 mulieri
744 651 760 700 ;
777 634 875 690 mel
895 635 1023 689 enim
1044 632 1201 690 stillat
1218 634 1399 689 elabiis
1423 634 1643 687 mulieris
1667 632 1960 697 meretricis,
1981 647 2092 701 quia

519 728 585 778 ad
612 741 804 798 tempus
830 738 1005 797 guttur
1028 736 1169 779 tuum
1192 726 1472 795 impingunt
1497 739 1514 778 :
1544 732 1711 793 postea
1742 739 1854 778 vero
1872 723 2091 776 amarius

516 821 635 887 felle
675 820 892 873 invenies
920 830 968 874 ct
1006 820 1201 873 acutius
1226 820 1393 889 gladio
1414 818 1620 886 ancipiti
1664 816 1840 888 (Prov.
1867 819 1919 871 5.
1949 817 2086 885 ⁸24).

498 910 642 966 κΙιιιιε
665 911 837 981 itaque
859 911 1151 975 audiamus,
1183 925 1286 963 non
1311 911 1418 964 illa.
1454 909 1582 962 Nam
1612 908 1733 961 inde
1765 907 2074 971 illiberalcs,

516 1003 638 1057 inde
667 1005 885 1058 serviles
927 1004 1272 1073 cogitationes
1290 1003 1565 1065 oriuntur;
1613 999 1734 1053 inde
1768 999 2006 1054 homines
2036 998 2088 1051 in

512 1097 663 1150 bruta
716 1095 961 1153 animalia
1002 1102 1395 1154 commutantur
1430 1133 1445 1157 ,
1504 1092 1626 1161 quia
1677 1091 1869 1160 ubique
1898 1090 2085 1159 volup-

516 1197 674 1241 tatem
706 1189 852 1258 sequi
883 1187 1172 1242 secundum
1194 1186 1293 1239 hoc
1318 1184 1654 1255 proverbium
1695 1182 1879 1235 volunt
1904 1222 1918 1247 ,
1946 1182 2085 1251 quod

490 1294 606 1347 per
635 1295 692 1333 sc
719 1281 785 1332 ita
835 1278 1109 1333 ridiculum
1137 1286 1241 1343 est,
1274 1287 1328 1330 ut
1355 1276 1420 1329 ad
1448 1276 1495 1330 id
1539 1274 1861 1345 probandum
1912 1276 2084 1327 verbis

739 1414 851 1421 —-——
878 1408 1656 1424 -~”W‘-W
1670 1404 1800 1413 -‘—‘—

503 1410 733 1422 “.—

1243 336 1297 391 S.
1339 336 1611 391 JOANNIS
1647 336 2111 391 CllllYSOSTOMl
2152 339 2468 396 MlClllEP.
2509 342 3039 408 CONSTANTlNOP.

1934 1407 2266 1419 __________

3677 376 3781 431 630

2209 466 2311 505 non
2368 453 2436 556 sit
2486 470 2639 524 opus.
2683 458 2813 514 Nam
2872 473 3146 532 postquam
3197 472 3436 530 Suil‘ueati
3466 494 3581 535 sunt
3610 522 3627 549 ,
3659 503 3780 556 (ιιιςυ

2208 553 2270 593 ex
2318 542 2586 635 voluptate
2621 550 2859 604 utilitas?
2904 552 3087 609 Finem
3115 572 3241 629 ergo
3271 563 3422 620 facite
3467 542 3778 635 tanti'ri‘sus

2200 633 2807 727 parandi,acgebennata
2820 642 3095 715 ignemque
3108 650 3582 727 iuexstiaguibilem
3595 633 3779 724 accen-

2195 719 2353 822 dendi
2379 740 2393 788 ;
2427 739 2488 827 ac
2517 727 2597 780 vel
2624 743 2746 784 sero
2767 734 2975 787 tandem
3005 737 3264 795 adfutura
3295 719 3361 800 ni
3371 762 3574 819 oportet

2194 812 2418 906 ciamus,
2450 814 2657 871 detersa
2686 822 2885 876 scilicet
2909 827 3179 884 oculorum
3208 812 3521 905 lippitudine
3545 846 3560 876 ⁸
3588 862 3603 900 :
3639 812 3775 906 ul.”

2198 901 2332 956 hanc
2382 906 2540 960 vitam
2585 922 2773 966 ornate
2798 953 2812 977 ,
2843 931 2963 971 cum
2996 921 3155 974 multa
3215 901 3470 985 inadestia
3498 944 3547 987 et
3578 901 3778 1005 pietate

2198 1002 2541 1096 transeamus,
2591 1009 2643 1053 et
2696 1001 2869 1059 futura
2899 1021 3286 1080 consequamur
3311 1019 3479 1089 bona,
3523 1001 3689 1096 gratia
3719 1046 3775 1088 et

2197 1085 2555 1187 misericordia
2589 1092 2791 1149 Domini
2822 1101 2986 1153 nostri
3008 1101 3135 1158 Jesn
3161 1106 3379 1175 Christi.
3413 1085 3494 1169 cui
3522 1085 3690 1187 gnra.
3719 1085 3771 1179 ξιξ

2192 1177 2384 1233 sucula
2411 1181 2743 1239 surculorum.
2778 1189 2968 1245 Amen.

1595 1482 1926 1543 HOMlIJA
1976 1483 2260 1544 LXXIV.
2310 1488 2393 1546 al.
2442 1491 2694 1554 LXXV.

511 1642 634 1695 (iur.
686 1641 772 1691 €25.
812 1656 860 1692 v.
917 1639 1010 1691 ἓξ).
1055 1635 1137 1689 l'a:
1170 1636 1298 1687 rubis
1326 1678 1337 1692 ,
1375 1633 1547 1685 srribtc
1598 1642 1643 1685 et
1688 1628 1935 1682 Pltril‘iSt‘l‘i
1982 1632 2076 1697 Ity-

584 1735 825 1801 jWIitm,
882 1732 966 1798 qui
1022 1728 1284 1795 (edi/iratis
1330 1726 1560 1793 sepulcra
1609 1722 1999 1794 prapltetarum,
2035 1732 2080 1775 et

568 1823 770 1875 ornatis
802 1830 1118 1873 monumenta
1159 1834 1349 1880 eorum,
1384 1816 1470 1869 30.
1505 1823 1550 1867 et
1580 1813 1781 1866 dicitis:
1809 1811 1868 1865 Si
1895 1813 2075 1881 fuisse-

583 1932 691 1968 onus
753 1916 803 1967 in
857 1913 1029 1966 diebus
1078 1923 1275 1982 patrum
1333 1918 1653 1969 nostrorum,
1685 1920 1782 1959 non
1813 1904 2080 1973 fuissemus

580 2006 704 2059 sorii
740 2020 909 2057 ecrtnn
943 2000 1254 2071 insanguine
1275 1997 1651 2066 prophetarum.

582 2102 625 2149 l.
664 2095 780 2149 Non
809 2094 1057 2163 improbos
1087 2090 1266 2144 habere
1295 2100 1458 2159 patres
1486 2096 1659 2151 nocet,
1692 2086 1778 2139 sed
1808 2085 1928 2155 ipsis
1960 2100 2076 2151 per—

499 2205 639 2242 uersa
668 2186 918 2240 voluntate
942 2183 1237 2237 consentire.
1266 2209 1337 2219 --—
1372 2178 1461 2233 Va:
1484 2178 1631 2241 dicit,
1669 2191 1770 2231 non
1802 2175 1921 2244 quia
1945 2174 2043 2228 :edi
2062 2203 2075 2211 -

504 2286 691 2346 licunt,
718 2297 815 2336 nec
852 2281 973 2351 quia
1018 2287 1192 2348 patres
1226 2290 1352 2329 suos
1389 2282 1672 2336 accusant,
1715 2270 1807 2324 ει·ίί
1851 2269 1970 2338 quia
2001 2269 2078 2322 sic

500 2376 753 2431 facientes
774 2419 787 2439 ,
820 2372 1031 2444 quando
1060 2370 1215 2426 dictis
1244 2370 1354 2425 suis
1378 2382 1437 2421 se
1468 2374 1643 2436 patres
1673 2378 1796 2417 suos
1826 2375 2077 2414 accusare

501 2469 780 2528 simulant.
837 2466 1014 2536 pejora
1065 2470 1390 2534 perpetrant.
1442 2456 1593 2527 Quod
1641 2455 1781 2509 enim
1834 2453 2077 2506 simulate

503 2572 705 2616 tantum
736 2568 913 2629 patres
943 2554 1339 2625 improbarent,
1376 2551 1547 2605 luteas
1572 2548 1762 2610 docet,
1793 2546 1920 2612 Quia
1950 2559 2077 2595 cou-

501 2654 729 2716 sentitis,
761 2652 881 2720 quia
910 2647 1205 2705 :cdilicatis.
1246 2644 1335 2699 Va:
1361 2645 1518 2706 vobis,
1546 2642 1731 2713 inquit,
1764 2640 1881 2708 quia
1910 2637 2071 2703 ιυΔὲΙὶ-

500 2745 624 2799 catis
653 2752 976 2797 manumenta
1004 2739 1361 2810 prophetarum
1385 2752 1402 2800 ;
1435 2745 1600 2805 patres
1627 2741 1789 2785 autem
1817 2728 1961 2783 vestri
1989 2743 2074 2779 oc-

500 2835 725 2889 ciderunt
765 2851 865 2888 eos.
900 2831 1038 2905 Ergo
1064 2828 1313 2886 testamiai
1340 2838 1384 2880 et
1414 2824 1701 2879 consentitis
1725 2822 1957 2892 operibus
1986 2836 2077 2883 pa-

502 2941 635 2981 trum
662 2934 963 2986 vestrorum,
996 2922 1115 2991 quia
1142 2920 1222 2973 iiii
1251 2918 1536 2972 occiderunt
1558 2931 1638 2968 eos
1662 2932 1678 2977 ;
1705 2930 1788 2966 ros
1818 2922 1980 2963 autem
2007 2924 2076 2960 az-

500 3018 719 3087 diftratis
742 3016 971 3086 sepulcra
996 3029 1169 3067 eorum
1201 3010 1366 3083 (Luc.
1402 3009 1487 3062 ll.
1520 3007 1604 3061 47.
1636 3006 1756 3073 48).
1787 3002 1879 3055 ||.c
1901 2992 2073 3053 autem

500 3120 732 3165 mentem
765 3122 947 3162 eorum
988 3105 1239 3168 damnat,
1271 3117 1373 3171 qua
1402 3096 1773 3157 aediﬁcabant;
1806 3093 1925 3161 quia
1971 3107 2073 3143 non

494 3203 551 3255 in
581 3202 875 3256 occisorum
904 3198 1165 3255 honorem
1188 3235 1202 3259 ,
1235 3191 1329 3248 sed
1359 3189 1511 3259 quasi
1538 3186 1710 3241 etedes
1739 3200 1856 3238 eum
1888 3195 2074 3251 pompa

500 3294 812 3355 efferentes,
843 3300 896 3344 et
925 3290 1171 3343 timentes
1191 3326 1205 3350 ,
1240 3300 1306 3340 ne
1338 3294 1633 3351 temporum
1670 3276 1857 3345 injuria
1890 3272 2077 3326 dirutis

494 3385 794 3457 sepulcris,
825 3382 951 3436 tanti
984 3395 1144 3433 ausus
1172 3373 1426 3432 memoria
1468 3383 1520 3427 et
1550 3375 1951 3425 monumentum
1992 3364 2072 3416 iu—

494 3455 723 3534 teriret:
754 3477 830 3531 sic
852 3473 1089 3544 sepulcra
1117 3466 1517 3526 construebant,
1548 3459 1821 3531 splendida
1851 3455 2071 3510 tediiieia

486 3570 651 3640 quasi
697 3579 953 3637 tl‘ﬂpIBtttlt
986 3566 1249 3633 erigentes
1270 3603 1283 3625 ,
1316 3575 1377 3613 ac
1419 3558 1485 3612 dc
1514 3556 1722 3612 illorum
1754 3549 2074 3605 facinoribus

493 3663 815 3734 gloriantes.
846 3659 975 3714 Nam
1006 3673 1123 3727 qua:
1151 3668 1289 3709 nunc
1314 3650 1540 3714 audetis,
1574 3646 1761 3716 inquit,
1793 3640 2078 3697 ostendunt

503 3772 596 3811 vos
623 3754 736 3809 inec
762 3754 851 3808 illo
876 3752 1055 3807 animo
1083 3749 1273 3803 facere.
1302 3746 1447 3800 Licet
1476 3743 1617 3797 enim
1645 3736 1905 3795 contraria
1934 3734 2078 3788 dica-

502 3848 585 3912 tis,
617 3845 763 3914 quasi
796 3843 1114 3898 damnantes
1146 3839 1283 3899 illos,
1312 3835 1443 3903 Quia
1473 3850 1575 3887 non
1611 3831 1889 3885 fuissemus
1917 3826 1968 3877 in
1997 3824 2077 3877 Itis

500 3940 629 3995 socii
664 3938 873 3994 illorum
895 3977 908 3999 ,
940 3936 983 3989 si
1016 3935 1066 3988 in
1113 3931 1215 3987 illis
1245 3928 1431 3983 diebus
1461 3925 1779 3981 vixissemus
1808 3938 1821 3973 :
1852 3916 1945 3972 sed
1975 3931 2074 3985 qua

486 4041 680 4089 metite
703 4030 751 4084 id
785 4027 971 4083 dicatis
1000 4033 1202 4081 certum
1230 4029 1330 4076 est.
1359 4020 1693 4087 Quapropter
1720 4013 1861 4066 illam
1894 4008 2074 4063 decla-

494 4141 646 4185 rans,
666 4121 994 4190 aenigmaticc
1012 4117 1089 4173 sic
1110 4116 1358 4183 loquutus
1380 4118 1481 4164 est.
1504 4108 1632 4161 Cum
1657 4104 1875 4157 dixisset
1895 4098 2035 4154 enim
2061 4115 2073 4150 :

498 4215 685 4268 Dicitis
706 4255 720 4277 ,
749 4212 791 4267 si
817 4211 1085 4281 fuissemus
1114 4207 1164 4259 in
1192 4204 1364 4259 diebus
1395 4210 1589 4269 patrum
1622 4206 1905 4249 nostrorum
1930 4235 1943 4252 ,
1977 4208 2075 4242 non

503 4305 769 4376 fuissemus
806 4300 927 4355 socii
964 4314 1134 4355 eorum
1164 4298 1213 4348 in
1243 4294 1483 4363 sanguine
1512 4289 1904 4358 prapltetarnm;
1954 4282 2077 4334 Stllt-

492 4375 673 4468 juuxit
698 4413 712 4450 :
739 4396 826 4450 5|.
863 4391 1041 4462 Itaque
1081 4387 1358 4443 testimonio
1385 4384 1500 4438 estis
1530 4378 1912 4444 vobismetipsis,
1942 4375 2076 4446 quod

505 4465 595 4558 filii
625 4487 733 4541 sitis
757 4500 931 4540 eorum
961 4482 1047 4549 qui
1090 4479 1358 4549 protr/tetas
1385 4474 1693 4527 occiderunt.
1726 4466 1937 4536 Ecquod
1967 4465 2073 4519 cri-

504 4556 623 4633 men
652 4584 733 4631 est
759 4575 921 4628 lilium
947 4587 1066 4626 esse
1094 4566 1400 4627 botnit-idze,
1433 4564 1475 4617 si
1508 4576 1611 4615 non
1642 4572 1864 4613 consors
1889 4556 1956 4609 sit
1983 4571 2074 4623 ρειο

504 4683 668 4726 ternzc
699 4663 1016 4722 voluntatis?
1040 4662 1272 4718 Nullum.
1297 4656 1447 4713 Uutle
1470 4651 1808 4706 manifestum
1829 4658 1929 4709 est,
1958 4647 2076 4701 ideo

496 4763 552 4816 id
581 4761 707 4829 ipsis
737 4756 1041 4829 protulisse,
1068 4767 1123 4806 ut
1150 4765 1332 4806 eorum
1361 4764 1479 4800 eum
1512 4744 1745 4812 patribus
1772 4742 1881 4795 suis
1908 4741 1957 4792 in
1983 4754 2077 4791 ne-

503 4853 666 4925 quitia
688 4847 1026 4907 concordiam
1054 4843 1396 4914 signiﬁcaret.
1427 4837 1489 4891 Et
1512 4836 1612 4890 hoc
1636 4833 1830 4887 iudicat
1860 4832 1908 4884 id
1936 4829 2073 4899 quod

501 4923 739 5015 sequitur
768 4957 785 5005 ;
836 4937 1106 5008 sultjttnxit
1143 4934 1283 4989 enim
1315 4951 1326 4985 ε
1380 4929 1467 4986 59..
1503 4928 1793 4996 Serpentes,
1825 4923 2077 4993 geniminu

502 5041 811 5108 viperarum.
855 5032 1001 5085 Sicut
1048 5027 1190 5083 enim
1233 5026 1427 5094 vipera:
1456 5019 1759 5091 parentibus
1785 5017 2074 5071 St‘CttlttlllttI

501 5126 687 5183 veneni
718 5123 1002 5195 perniciem
1027 5120 1229 5177 similes
1251 5127 1396 5178 sunt,
1429 5116 1507 5168 sic
1525 5121 1579 5166 et
1600 5127 1694 5166 vos
1722 5109 1956 5179 patribus
1984 5123 2072 5161 se-

499 5219 731 5280 cundum
761 5216 1157 5288 sanguinarium
1179 5212 1432 5266 animum.
1468 5206 1665 5261 Deinde
1691 5206 1810 5274 quia
1844 5201 2075 5255 mentem

503 5325 696 5366 eorum
721 5306 905 5361 multis
928 5302 1195 5359 occultam
1225 5307 1499 5355 scrutatus
1522 5305 1625 5359 est,
1655 5310 1685 5347 a
1711 5291 1911 5347 futuris
1933 5291 2086 5362 ipso-

504 5420 629 5464 rum
652 5397 1005 5462 facinoribus,
1021 5408 1142 5464 quae
1167 5390 1436 5447 universis
1459 5388 1740 5458 patebunt,
1759 5385 1901 5439 dicta
1931 5398 2086 5437 eom-

513 5489 866 5565 probat.Quia
881 5488 1024 5541 enim
1039 5487 1150 5556 jam
1168 5485 1323 5549 dixit,
1349 5480 1534 5551 Itaque
1550 5476 1909 5543 testificamini
1927 5475 2089 5529 vobis-

516 5583 901 5653 mctipsis,quia
918 5579 1019 5647 lilii
1037 5579 1160 5633 estis
1175 5591 1352 5631 eorum
1366 5575 1453 5644 qui
1467 5572 1747 5641 prophetas
1761 5568 2088 5631 occiderunt,

516 5677 620 5729 ltoc
636 5675 950 5744 signiﬁcans
966 5687 1023 5725 se
1036 5671 1103 5725 de
1120 5668 1445 5740 cognatione
1461 5664 1759 5720 secundum
1782 5661 2077 5731 nequitiam

518 5767 685 5836 loqui,
701 5766 1059 5835 simulateqne
1077 5762 1281 5817 dixisse
1297 5776 1411 5825 eos,
1434 5756 1551 5810 Non
1568 5758 1846 5827 fuissemus
1871 5755 2086 5806 illorum

2182 1632 2339 1698 socii;
2371 1634 2777 1705 subjuuxitﬁ‘i.
2805 1637 2867 1692 Et
2888 1656 2972 1694 vos
2997 1640 3207 1710 implete
3232 1661 3527 1699 mensuram
3552 1662 3763 1716 patrum

2182 1736 2467 1780 uestrorum
2487 1744 2505 1781 :
2525 1743 2628 1781 non
2649 1730 2940 1799 imperans,
2956 1734 3049 1787 sed
3069 1735 3213 1803 quod
3234 1734 3475 1792 futurum
3494 1750 3610 1795 erat
3628 1757 3767 1810 pras-

2191 1818 2458 1877 nnutians.
2488 1822 2687 1878 caulem
2723 1827 2966 1885 videlicet
2992 1848 3166 1888 suam.
3199 1836 3428 1910 Ideoque
3457 1842 3561 1900 hoc
3591 1848 3767 1913 prola-

2188 1916 2241 1961 to
2287 1923 2633 1981 argumento,
2681 1933 2800 1972 cum
2844 1924 3165 1981 ostendisset
3211 1929 3455 1999 ﬁgmenta
3501 1936 3583 1988 illa
3621 1952 3759 2001 esse.

2189 2015 2304 2067 qum
2332 2001 2397 2055 ad
2423 2005 2502 2057 sui
2532 2005 2893 2065 defensionem
2915 2012 3179 2083 dicebant,
3210 2017 3327 2072 Non
3355 2023 3619 2091 fuissemus
3643 2027 3766 2078 illo-

2184 2106 2297 2145 rum
2325 2094 2478 2157 socii,
2512 2094 2530 2167 (
2567 2113 2685 2150 nam
2715 2101 2800 2168 qui
2835 2101 3056 2157 Domino
3088 2122 3191 2160 non
3222 2123 3600 2179 pepercerunt.
3632 2130 3765 2185 quo-

2186 2184 2346 2240 modo
2366 2189 2535 2243 servis
2562 2194 2918 2259 pepercissent
2947 2197 2987 2266 ?)
3026 2200 3231 2256 acriore
3258 2214 3438 2273 postea
3462 2207 3623 2260 tttitur
3642 2184 3767 2261 ora-

2189 2277 2363 2341 tione,
2405 2293 2681 2347 serpentes
2713 2300 2905 2341 vocans
2931 2296 2985 2343 et
3024 2291 3292 2360 genimina
3338 2294 3637 2365 viperarum
3662 2337 3677 2360 ,
3709 2311 3763 2351 et

2184 2369 2398 2424 dicens:
2427 2371 2688 2437 Quomodo
2709 2379 2910 2448 fugietis
2932 2396 2963 2432 α
2977 2382 3181 2452 judicio
3203 2385 3462 2455 gehenna,
3491 2402 3612 2441 cum
3635 2390 3759 2443 talia

2184 2463 2445 2531 audeatis,
2476 2476 2528 2521 et
2557 2476 2676 2536 post
2706 2471 2926 2539 negetis,
2958 2483 3293 2544 mentemque
3323 2486 3551 2533 vestram
3578 2482 3759 2534 occul-

2188 2556 2345 2609 telis?
2373 2557 2560 2641 Ppstea
2605 2559 2814 2617 aliunde
2857 2577 2949 2617 eos
2990 2579 3175 2635 magna
3195 2566 3244 2619 vi
3285 2582 3577 2638 coarguens
3597 2610 3610 2632 ,
3641 2572 3714 2623 ait
3744 2589 3758 2622 :

2186 2648 2273 2701 Si.
2310 2648 2508 2703 Mittam
2533 2653 2601 2705 ad
2627 2668 2712 2707 vos
2763 2656 3032 2724 prophetas
3049 2698 3065 2723 ,
3091 2667 3137 2711 et
3175 2660 3441 2727 sapientes,
3467 2672 3514 2713 et
3533 2662 3721 2717 scribas
3742 2704 3757 2721 .

2186 2750 2228 2790 et
2260 2755 2322 2791 er
2358 2741 2479 2809 ipsis
2501 2742 2828 2811 interﬁcietis,
2856 2755 2901 2798 et
2927 2747 3250 2818 erueifigetis,
3283 2761 3328 2803 et
3357 2751 3676 2821 ﬂagellabitis
3703 2754 3757 2805 in

2184 2834 2455 2902 synagogis
2477 2834 2667 2887 vestris.
2692 2833 2766 2889 Ne
2784 2836 3019 2891 dicereut
3040 2838 3202 2901 enim,
3232 2840 3450 2894 Etiamsi
3478 2841 3758 2895 Dominum

2185 2922 2601 2977 erucilixerimus
2624 2963 2640 2988 ,
2671 2934 2723 2979 at
2754 2940 2781 2979 a
2825 2927 2997 2982 servis
3033 2929 3476 2986 abstinuissemus
3496 2973 3511 2995 ,
3538 2934 3581 2986 si
3630 2942 3758 2987 tunc

2186 3011 2505 3067 fuissemus:
2541 3014 2678 3070 Ecce
2701 3057 2715 3083 ,
2749 3017 2950 3086 inquit,
2984 3032 3166 3074 servos
3195 3019 3348 3075 mitto
3378 3021 3545 3084 vobis,
3581 3022 3757 3091 ipsos-

2188 3120 2291 3174 que
2318 3106 2627 3174 prnphetas,
2656 3124 2826 3180 neque
2853 3112 2978 3179 ipsis
2999 3115 3243 3183 parcetis.
3277 3115 3398 3170 llaec
3426 3131 3582 3184 porro
3602 3117 3761 3182 dixit,

2186 3197 2472 3253 ostendens
2496 3201 2626 3254 nihil
2652 3216 2769 3257 esse
2796 3205 2983 3258 tuirum
3006 3246 3021 3269 ,
3053 3206 3096 3260 si
3132 3207 3403 3262 occidatur
3429 3224 3456 3260 a
3489 3208 3610 3263 ﬁliis
3639 3208 3762 3261 illu-

2186 3304 2300 3344 rnm
2319 3329 2332 3354 ,
2360 3289 2448 3359 qui
2474 3300 2525 3344 et
2552 3293 2873 3361 sanguinarii
2912 3305 3062 3349 erant
3093 3304 3145 3351 ct
3173 3295 3491 3352 fraudulenti
3514 3337 3529 3359 ,
3556 3297 3761 3353 dolosi-

2186 3398 2287 3450 que
2306 3424 2319 3443 ,
2352 3383 2436 3451 qui
2465 3391 2640 3451 patres
2665 3386 2867 3441 scelere
2896 3387 3187 3443 vincerent.
3221 3388 3297 3442 Ad
3326 3388 3439 3443 bree
3465 3402 3642 3444 autem
3672 3406 3764 3443 os-

2189 3472 2356 3527 tendit
2383 3488 2476 3527 eos
2504 3473 2785 3528 admodum
2815 3492 2965 3531 vana:
2992 3478 3175 3546 glorite
3204 3478 3426 3547 cupidos
3453 3494 3591 3533 esse.
3624 3479 3762 3534 Cum

2186 3563 2325 3617 enim
2352 3563 2552 3630 dicunt,
2579 3564 2639 3619 Si
2660 3564 2927 3634 fuissemus
2953 3568 3003 3620 iu
3025 3566 3197 3621 diebus
3225 3579 3422 3637 patrum
3450 3580 3757 3631 nostrorum,

2187 3673 2284 3709 non
2314 3656 2579 3725 fuissemus
2622 3658 2889 3727 participes
2918 3675 3089 3712 eorum
3110 3700 3123 3721 ,
3159 3659 3206 3712 itl
3253 3660 3435 3713 dicunt
3466 3670 3517 3713 ut
3567 3675 3760 3714 vanam

2184 3748 2402 3816 gloriam
2452 3758 2697 3817 captent;
2751 3750 3030 3818 verbisque
3082 3751 3554 3820 philosophantur,
3596 3767 3765 3821 opere

2187 3849 2362 3892 autem
2390 3839 2656 3893 contraria
2684 3838 2899 3893 faciunt.
2944 3840 3212 3908 Serpentes
3230 3882 3245 3903 ,
3278 3843 3529 3908 genimina
3558 3842 3762 3912 vipera-

2185 3947 2294 3983 rum
2319 3946 2337 3993 ;
2365 3928 2465 3982 hoc
2490 3940 2567 3983 εει
2590 3968 2607 3995 ,
2637 3928 2749 3981 Mali
2784 3930 3038 3984 malorum
3082 3930 3171 3983 lilii
3196 3971 3213 3996 ,
3244 3940 3296 3984 el
3324 3931 3629 4000 parentibus
3658 3932 3762 3985 iui-

2184 4020 2417 4086 quiorcs.
2447 4019 2689 4074 Ostendit
2716 4021 2910 4089 quippe
2941 4021 3084 4090 ipsos
3110 4022 3308 4090 majora
3336 4022 3537 4077 scelera
3566 4037 3761 4091 perpe-

2188 4120 2389 4171 trasse,
2439 4119 2547 4163 tum
2592 4110 2732 4180 quod
2776 4119 2899 4179 post
2931 4111 3049 4165 illos
3081 4110 3132 4164 id
3174 4112 3289 4165 ausi
3324 4121 3473 4177 sunt,
3507 4123 3559 4166 et
3603 4112 3764 4183 longe

2186 4203 2423 4270 graviora
2455 4218 2609 4269 quam
2640 4202 2749 4267 illi,
2778 4203 2876 4256 etsi
2900 4202 3204 4271 jactitarent
3232 4218 3290 4259 se
3321 4220 3605 4273 numquam
3632 4208 3763 4259 talia

2186 4303 2581 4363 perpetraturos
2627 4294 2805 4349 fuisse.
2841 4294 2941 4365 Ipsi
2971 4311 3200 4366 namque
3229 4296 3386 4351 linem
3438 4298 3711 4365 imponunt
3740 4340 3760 4363 ,

2188 4386 2552 4453 malorumque
2577 4386 2908 4441 coronidcm.
2936 4387 3038 4440 Alii
3066 4388 3207 4441 enim
3228 4401 3321 4441 eos
3340 4389 3430 4457 qui
3458 4387 3523 4441 ad
3549 4387 3763 4443 vineam

2187 4488 2437 4532 venerant
2464 4476 2805 4542 occiderunt;
2834 4476 2883 4531 lti
2912 4494 3036 4532 vero
3058 4477 3229 4546 ipsum
3254 4476 3439 4543 filium,
3470 4487 3524 4531 et
3550 4492 3647 4532 eos
3668 4479 3762 4548 qui

2185 4568 2250 4622 ad
2298 4568 2508 4639 nuptias
2538 4569 2853 4627 invitabant.
2887 4569 3010 4623 llatc
3039 4583 3196 4637 porro
3222 4568 3379 4633 dicit,
3408 4577 3463 4621 ut
3492 4582 3584 4623 eos
3610 4583 3639 4621 a
3669 4584 3765 4622 eo-

2185 4662 2433 4728 gntttionc
2481 4661 2748 4715 Abraham
2778 4670 3104 4725 removeret,
3153 4659 3598 4729 ostenderetque,
3629 4660 3766 4715 nibil

2187 4756 2313 4820 ipsis
2363 4755 2485 4809 inde
2529 4754 2659 4809 lucri
2708 4765 3083 4823 proventuram
3129 4769 3276 4820 esse,
3310 4755 3409 4808 nisi
3456 4769 3616 4823 opera
3646 4755 3767 4822 ejus

2186 4849 2535 4901 imitarentur.
2566 4848 2901 4917 Quapropter
2930 4847 3232 4918 subjungit,
3268 4846 3531 4913 Quomodo
3562 4846 3768 4915 fugietis

2184 4956 2215 4990 a
2257 4940 2452 5010 judicio
2504 4939 2780 5009 geltennm,
2829 4956 2949 4992 eum
2998 4939 3116 4994 illos
3168 4938 3445 4994 imitemini
3485 4938 3573 5007 qui
3615 4940 3768 5007 paria

2186 5029 2594 5099 perpetrarent?
2642 5030 2735 5084 llic
2764 5046 2890 5083 vero
2922 5030 3024 5085 illis
3061 5029 3283 5084 Joannis
3329 5028 3764 5085 criminationem

2187 5119 2238 5172 in
2272 5122 2582 5175 memoriam
2626 5123 2891 5176 remeavit
2915 5141 2928 5177 :
2965 5138 3082 5176 nam
3110 5129 3166 5176 et
3194 5122 3315 5176 illos
3344 5122 3421 5176 sic
3450 5120 3762 5189 appellavit,

2185 5213 2509 5281 ctjudicinm
2539 5213 2769 5268 futurum
2796 5215 3253 5269 commemoravit.
3283 5212 3485 5269 Deinde
3505 5211 3626 5282 quia
3654 5227 3761 5265 non

2186 5303 2303 5357 illos
2346 5304 2613 5359 terrebant
2649 5303 2907 5373 judicium
2954 5315 3113 5375 atque
3160 5303 3439 5374 gehenna,
3477 5311 3584 5356 tum
3616 5286 3759 5371 quod

2186 5411 2292 5448 non
2319 5395 2635 5462 crederent,
2668 5408 2779 5449 tum
2807 5396 2946 5465 quod
2978 5396 3027 5449 in
3061 5396 3288 5451 futurum
3320 5410 3405 5448 res
3437 5396 3760 5456 mitteretur,

2184 5500 2212 5538 a
2244 5487 2595 5554 pris-sentibus
2645 5487 2763 5539 illos
2803 5488 3042 5555 reprimit
3068 5495 3120 5539 et
3157 5486 3284 5538 dicit
3313 5502 3325 5538 :
3372 5482 3499 5536 Ideo
3529 5498 3644 5535 ecce
3671 5497 3763 5547 ego

2185 5576 2327 5629 mitto
2355 5577 2422 5627 ad
2453 5594 2535 5629 ros
2562 5576 2832 5648 praphetas
2854 5619 2870 5643 ,
2904 5587 2949 5629 et
2979 5577 3228 5643 sapientes
3249 5616 3262 5635 ,
3294 5585 3342 5628 et
3372 5574 3593 5633 scribas,
3625 5582 3675 5624 et
3706 5588 3770 5625 ea:

2184 5669 2287 5721 illis
2311 5669 2546 5723 occidetis
2568 5712 2580 5733 .
2612 5680 2657 5723 et
2684 5670 3001 5740 cruciﬁgetis,
3029 5679 3072 5722 rt
3098 5668 3460 5740 ﬂagellabitis;
3611 5676 3662 5718 nt
3688 5683 3770 5719 tar-

2189 5759 2296 5811 niat
2319 5774 2471 5822 super
2498 5774 2580 5811 vos
2606 5760 2769 5813 omnis
2798 5760 3001 5829 sanguis
3025 5761 3195 5829 justus
3214 5799 3229 5826 ,
3256 5758 3341 5826 qui
3367 5757 3557 5824 (ﬁnus
3582 5768 3652 5810 ut
3684 5774 3760 5811 stt-
