4104 6218
377 367 474 433 681

389 494 476 556 per
501 498 706 552 terram,
739 502 770 538 a
793 483 1037 554 sanguine
1069 481 1188 536 Abel
1207 483 1360 553 justi,
1391 498 1545 551 usque
1563 483 1628 534 ad
1660 482 1956 551 sanguinem

383 578 646 632 ΖιιιἸιητίω
673 575 768 643 lilii
797 573 1082 639 Baracltiaz,
1109 589 1253 642 quem
1281 573 1534 625 occidistis
1559 574 1688 624 inter
1718 571 1958 640 templum

381 678 425 720 «Ἰ
452 669 633 720 altare.
664 665 754 720 56.
785 665 941 718 Amen
971 665 1083 716 dico
1113 662 1248 716 vobis
1274 704 1290 729 ,
1319 661 1513 716 venient
1544 663 1650 714 lucc
1680 663 1845 714 omnia
1875 677 1960 714 su-

381 777 467 826 per
491 759 860 828 generationem
890 757 1041 809 lianc.

451 850 506 904 9..
559 849 688 903 \‘ide
713 865 774 903 ex
803 858 935 917 quot
979 845 1304 916 argumentis
1349 860 1462 900 rem
1501 843 1604 897 illis
1629 854 1827 897 certam
1855 851 1960 894 sta-

380 944 598 997 luebat?
645 942 802 1006 Dixit,
834 941 1017 994 Patres
1062 949 1272 993 vestros
1313 938 1578 991 damnatis
1607 951 1729 991 cum
1759 935 1956 1000 dicitis,

380 1035 495 1087 Non
531 1034 1075 1088 Communicasscmus
1101 1044 1221 1084 cum
1256 1029 1400 1090 illis;
1457 1043 1554 1082 nec
1603 1043 1786 1095 parum
1834 1025 1958 1079 illud

374 1135 492 1178 erat
519 1134 576 1178 ut
605 1123 722 1177 illas
761 1121 957 1189 pudore
983 1121 1236 1173 alliceret.
1276 1120 1433 1179 Dixit,
1469 1118 1598 1170 Dum
1652 1117 1768 1170 illos
1809 1116 1958 1168 dam-

378 1217 535 1280 natis,
571 1218 750 1285 pejora
783 1213 990 1277 facitis;
1037 1212 1087 1266 id
1113 1211 1253 1280 qttod
1283 1210 1530 1264 ruborem
1579 1209 1704 1278 ipsis
1743 1207 1959 1277 injicere

374 1309 622 1364 debebat.
660 1305 814 1369 Dixit,
848 1303 963 1358 Non
1004 1303 1223 1372 impune
1253 1300 1367 1355 htec
1392 1308 1570 1363 erunt,
1603 1308 1656 1352 et
1694 1299 1776 1351 his
1806 1299 1959 1350 timo-

377 1417 492 1457 rem
539 1399 649 1453 illis
702 1397 969 1466 ingentem
1024 1392 1210 1448 incutit
1243 1412 1256 1447 :
1287 1392 1586 1462 gehennam
1635 1390 1774 1444 enim
1829 1387 1958 1456 ipsis

372 1487 834 1546 commcmomvit.
857 1485 1059 1540 Deinde
1078 1483 1200 1553 quia
1223 1485 1467 1552 gehenna
1496 1483 1665 1534 futura
1690 1495 1793 1533 non
1825 1495 1958 1548 pra:-

374 1599 500 1638 sens
525 1591 662 1647 erat,
691 1581 827 1635 tnala
856 1579 984 1649 ipsis
1025 1575 1305 1646 pnesentia
1338 1574 1671 1644 signiﬁcavit,
1703 1590 1820 1626 cum
1850 1573 1955 1628 ait:

384 1674 591 1728 l'cnient
617 1674 724 1727 hare
753 1672 924 1725 omnia
952 1685 1104 1738 super
1131 1667 1506 1738 generationem
1543 1665 1711 1718 istam.
1743 1663 1958 1718 Addidit

375 1775 552 1820 autem
584 1761 833 1832 supplicii
869 1759 1261 1815 vehementiam
1311 1757 1600 1826 ingentem,
1633 1753 1815 1818 dicens
1841 1753 1958 1810 illos

371 1855 614 1909 omnium
643 1852 954 1922 gravissima
984 1864 1106 1904 esse
1133 1861 1423 1918 passuros;
1471 1860 1536 1900 ex
1582 1843 1733 1898 nullo
1777 1852 1954 1898 tamen

370 1947 563 2000 horum
590 1945 949 2014 resipnerunt.
972 1941 1025 1997 Si
1049 1941 1167 2011 quis
1199 1955 1324 1994 vero
1353 1939 1566 2004 dixerit,
1586 1936 1696 1992 Cur
1720 1938 1954 1992 omnium

375 2036 685 2106 gravissima
734 2034 874 2104 passi
921 2033 1086 2088 sunt?
1129 2030 1495 2100 responderim
1539 2044 1658 2099 ego,
1687 2029 1807 2098 quia
1837 2045 1955 2083 ont-

379 2128 526 2181 nium
552 2127 866 2195 gravissima
886 2125 1086 2179 scelera
1117 2131 1508 2192 perpetrarunt,
1526 2137 1590 2175 ex
1614 2121 1756 2175 nullo
1783 2131 1954 2174 tamen

378 2219 565 2274 horum
612 2219 860 2273 meliores
895 2217 1065 2272 ell‘ecti
1098 2226 1238 2270 sntit.
1281 2217 1474 2269 Annon
1505 2215 1696 2269 audisti
1728 2213 1955 2268 Lamech

376 2311 662 2372 dicentem,
697 2309 776 2362 Ea:
804 2307 930 2364 Cain
981 2309 1287 2361 vindicatum
1317 2317 1387 2360 es!
1419 2307 1618 2375 septies,
1651 2322 1713 2360 ea:
1741 2305 1956 2359 Lamecli

375 2422 488 2460 vero
515 2405 794 2474 septuagies
823 2402 1004 2470 septies
1030 2400 1178 2472 (Gen.
1207 2401 1259 2455 4.
1289 2399 1416 2468 2i)?
1452 2399 1502 2452 Id
1531 2409 1630 2462 est,
1662 2399 1809 2468 plura
1832 2413 1956 2468 Stip-

374 2499 531 2568 plicia
565 2513 774 2552 mereor
800 2512 900 2566 ego
925 2512 1080 2566 quam
1113 2494 1262 2550 Cain.
1302 2494 1518 2561 Quare?
1564 2493 1692 2548 Nam
1740 2493 1954 2548 fratrem

374 2607 480 2646 non
529 2591 761 2646 occidit:
791 2588 885 2643 sed
931 2589 1052 2656 quia
1103 2602 1208 2641 non
1254 2586 1500 2654 exemplo
1539 2586 1826 2654 castigatus
1854 2594 1954 2642 est.

374 2681 610 2751 ldipsum
638 2681 762 2734 alibi
795 2680 921 2733 dicit
954 2681 1130 2732 Deus:
1163 2677 1400 2732 Reddens
1446 2686 1648 2746 peccata
1688 2685 1954 2745 parentum

373 2774 424 2825 in
459 2773 592 2839 ﬁlios
633 2772 684 2824 in
721 2771 918 2823 tertiam
949 2779 995 2823 et
1023 2779 1257 2838 quartam
1285 2768 1655 2838 generationem
1682 2767 1743 2819 iis
1770 2766 1852 2836 qui
1881 2783 1958 2818 me

372 2864 491 2916 odio
531 2862 713 2915 habent
743 2861 936 2927 (Exod.
967 2861 1056 2914 ‘20.
1084 2861 1183 2928 5);
1232 2874 1338 2914 non
1367 2858 1505 2927 quod
1553 2858 1710 2911 alieni
1757 2858 1956 2925 peccati

372 2956 491 3025 quis
519 2954 834 3023 supplicium
864 2953 992 3018 luat,
1023 2951 1115 3006 sed
1144 2950 1283 3020 quod
1313 2951 1345 3002 ii
1373 2950 1483 3018 qui,
1513 2960 1628 3019 post
1655 2949 1789 3004 alios
1822 2949 1956 3001 mul-

376 3055 458 3100 tos
489 3045 540 3098 in
570 3032 784 3114 pet-cata
823 3043 1000 3112 lapsos
1027 3050 1081 3096 ct
1103 3041 1406 3110 castigatos.
1437 3055 1542 3094 non
1593 3039 1840 3094 meliores
1880 3040 1954 3092 ef-

375 3137 520 3200 chIi,
575 3136 760 3190 eadem
803 3151 923 3205 quae
967 3134 1039 3187 illi
1074 3142 1400 3203 perpetrant,
1433 3132 1618 3186 eadem
1671 3132 1782 3201 ipsa
1825 3148 1951 3200 sup-

379 3229 532 3299 plicia
554 3228 673 3297 jure
699 3229 864 3280 luant.
889 3227 1020 3281 Vide
1035 3231 1212 3281 autem
1233 3223 1498 3295 quomodo
1525 3223 1741 3278 Abelem
1762 3238 1954 3292 Opporo

373 3330 502 3374 tune
530 3321 581 3372 in
614 3319 844 3373 medium
892 3317 1219 3386 produxerit,
1251 3314 1540 3369 ostendens
1585 3313 1720 3367 hanc
1747 3326 1954 3381 quoque

375 3427 559 3465 necem
590 3426 653 3463 ex
684 3409 876 3462 invidia
909 3405 1142 3477 prodire.
1175 3405 1310 3471 Quid
1339 3420 1466 3474 ergo
1493 3403 1674 3457 dicere
1704 3403 1954 3472 possitis?

374 3519 550 3556 annon
573 3502 719 3555 scitis
739 3499 864 3568 quid
894 3513 1080 3567 passus
1106 3496 1354 3552 sitCaiu‘t
1383 3513 1447 3549 an
1475 3504 1592 3565 post
1609 3495 1952 3550 commissum

375 3593 552 3647 scelus
581 3592 778 3660 quievit
808 3590 984 3644 Deus?
1025 3603 1200 3642 annon
1256 3597 1531 3646 extremas
1565 3593 1791 3664 expetiit
1838 3600 1952 3653 pue-

377 3683 510 3736 nas?
540 3685 733 3736 Annon
762 3679 984 3734 audistis
1011 3679 1135 3749 quid
1165 3678 1304 3748 passi
1329 3679 1434 3732 sint
1460 3685 1636 3746 patres
1658 3677 1840 3742 vestri,
1866 3677 1953 3745 qtti

379 3773 665 3844 pr0phetas
690 3771 1039 3827 occiderunt?
1086 3785 1261 3825 annon
1289 3771 1432 3824 mille
1477 3767 1952 3839 suppliciistraditi

377 3859 538 3912 sunt?
566 3857 672 3913 Cur
694 3873 820 3926 ergo
851 3873 956 3911 non
990 3855 1236 3911 meliores
1253 3853 1426 3909 effecti
1455 3853 1619 3908 estis?
1645 3850 1750 3907 Cur
1775 3864 1952 3906 autem

376 3963 586 4021 patrum
619 3961 919 4005 vestrorum
948 3948 1227 4018 supplicia,
1259 3959 1314 4003 et
1341 3947 1465 4018 quid
1495 3947 1632 4018 passi
1661 3947 1764 4000 sint
1793 3961 1950 4000 enrtr.

378 4045 535 4101 rem?
564 4053 616 4095 tu
663 4042 775 4111 ipse
801 4042 888 4110 qui
923 4050 1100 4112 patres
1128 4050 1244 4095 tuos
1275 4039 1618 4102 condemnas,
1649 4053 1744 4092 cur
1775 4038 1952 4107 pejora

379 4132 551 4188 facis?
603 4131 815 4185 Etenim
867 4146 960 4185 vos
1013 4131 1110 4200 ipsi
1162 4129 1300 4183 hanc
1355 4129 1670 4182 sententiam
1721 4128 1950 4182 tulistis:

379 4223 546 4277 Malos
577 4224 707 4276 male
739 4222 910 4290 perdet
939 4220 1148 4291 (Matth.
1178 4220 1264 4274 21.
1294 4219 1406 4291 Ill).
1447 4220 1614 4286 Quam
1642 4233 1769 4288 ergo
1799 4219 1952 4272 dein-

376 4333 504 4384 ceps
549 4316 756 4370 veniam
809 4315 1090 4382 habebitis,
1126 4315 1214 4384 qui
1264 4324 1381 4384 post
1428 4315 1585 4368 talem
1635 4315 1954 4368 sententiam

379 4410 501 4462 talia
525 4407 766 4462 audetis?
798 4407 902 4462 Sed
919 4407 1035 4477 quis
1061 4415 1144 4462 est
1173 4407 1256 4462 hic
1280 4406 1597 4462 Zacharias?
1626 4407 1724 4461 Alii
1749 4419 1951 4476 patrem

377 4498 596 4554 Joannis
617 4513 736 4552 esse
754 4498 962 4564 dicunt;
992 4499 1078 4553 alii
1108 4498 1452 4570 prophetam;
1479 4501 1564 4552 alii
1593 4499 1751 4552 alium
1771 4516 1954 4568 quem-

378 4591 501 4645 dam
535 4591 858 4645 hinominem
886 4591 1238 4654 sacerdotem,
1259 4608 1413 4660 quem
1440 4592 1604 4646 .lodae
1634 4603 1784 4646 vocat
1808 4593 1955 4646 Scri-

381 4691 532 4750 ptura
555 4681 653 4752 (a).
686 4681 765 4734 Tu
799 4698 922 4736 vero
966 4681 1096 4749 illud
1137 4681 1518 4744 animadverte,
1547 4682 1719 4737 scelus
1760 4683 1952 4752 duplex

379 4772 561 4827 fuisse.
614 4772 728 4826 Non
775 4772 915 4827 enim
963 4783 1176 4826 sanctos
1229 4771 1540 4826 occidebant
1596 4780 1820 4839 tantum,
1862 4774 1955 4827 sed

378 4866 537 4917 etiam
570 4863 621 4917 in
648 4863 780 4918 locis
819 4863 1036 4918 sanctis.
1073 4863 1196 4918 llaec
1221 4873 1396 4917 autent
1425 4864 1610 4918 dicens
1636 4877 1739 4916 non
1781 4865 1954 4918 solum

381 4954 500 5009 illos
550 4955 814 5022 terrebat,
868 4955 960 5010 sed
1013 4955 1171 5011 etiam
1219 4955 1510 5026 discipulos
1562 4957 1956 5022 consolabatur,

378 5029 672 5105 osteiidens
695 5049 869 5120 justus
895 5049 1024 5103 olim
1053 5048 1238 5104 eadem
1263 5062 1384 5102 esse
1411 5063 1614 5119 passos.
1647 5049 1752 5102 llos
1779 5057 1954 5102 autem

382 5144 615 5199 terrebat
645 5141 1066 5212 przenuntiando,
1098 5149 1152 5195 ut
1193 5141 1269 5195 illi
1299 5156 1483 5210 pinnas
1509 5141 1787 5205 dederant,
1819 5142 1884 5194 ita
1907 5148 1961 5193 et

380 5236 526 5303 ipsos
551 5244 790 5290 extrema
820 5227 940 5288 esse
966 5247 1234 5303 passuros.
1283 5232 1407 5288 Ideo
1437 5232 1554 5287 illos
1579 5241 1633 5286 et
1676 5231 1960 5301 prophetas

379 5340 435 5382 et
460 5328 728 5397 sapientes
754 5337 808 5382 et
834 5327 1039 5380 scribas
1077 5333 1250 5390 vocat,
1280 5325 1462 5394 sicque
1491 5341 1702 5378 omnem
1733 5324 1834 5377 illis
1863 5339 1958 5377 cx-

381 5420 710 5474 cu:ationem
751 5418 943 5472 aufert.
989 5417 1102 5472 Non
1153 5417 1390 5488 potestis,
1425 5417 1616 5486 inquit,
1641 5415 1842 5480 dicere,
1876 5431 1960 5468 me

445 5597 516 5658 (rt)
538 5605 635 5645 -.\'c.n
659 5597 804 5646 .lodae
829 5599 934 5649 sive
953 5599 1161 5647 Jomdam
1188 5607 1408 5646 vocatum
1429 5597 1579 5647 fuisse
1604 5599 1874 5647 Zachariam
1906 5597 1962 5647 il-

377 5656 393 5705 l
419 5656 478 5705 an
501 5656 634 5707 dicit
669 5661 938 5721 Scriptura,
963 5663 992 5708 2
1033 5659 1179 5708 I‘aral.
1206 5659 1289 5716 2i,
1328 5660 1386 5708 ΞΟ
1413 5674 1423 5707 :
1451 5661 1537 5706 sed
1583 5661 1648 5707 ait
1693 5661 1961 5709 Zachariam

381 5721 530 5770 tilium
553 5722 729 5831 .t‘oiadaa
753 5720 1094 5779 inisse,.contra
1119 5736 1261 5783 quam
1279 5729 1439 5770 narrat
1456 5720 1837 5782 Chrysostomus,
1855 5734 1959 5770 tue-

383 5795 547 5831 tuot'tas
590 5797 723 5831 .mstt.

383 5795 547 5832 tttut'tttt
571 5795 723 5840 lapsu.

1284 363 1348 424 ΙΝ
1385 365 2053 424 ΜΛΤΙΊΙΑΞΠΜῊΘΜΙΒ.
2099 368 2332 426 LXXIV.
2375 372 2442 428 al.
2487 371 2694 432 LXXV.

3542 364 3646 422 (ὁδὶ

2063 497 2128 537 ex
2176 486 2424 552 gentibus
2475 486 2704 551 misisse,
2749 484 2975 556 ideoque
3026 501 3122 540 vos
3172 484 3405 541 offctt:.os
3457 487 3646 544 fuisse:

2065 577 2158 631 sed
2205 592 2271 632 eo
2300 578 2511 632 adducti
2553 581 2682 633 estis
2719 579 2859 648 quod
2904 580 3182 634 homicida:
3212 581 3327 633 sitis
3353 589 3405 634 ct
3441 584 3623 649 sangui

2067 684 2188 722 nem
2220 669 2434 722 sitiatis.
2471 670 2593 723 Ideo
2642 670 2901 738 pr:cdixit,
2936 687 2995 724 se.
3041 671 3328 724 missurum
3359 685 3479 725 esse
3525 688 3648 739 [)l'u-

2066 757 2253 826 phetas
2281 768 2333 812 ct
2360 761 2580 814 scribas.
2620 759 2726 814 [lac
2783 761 2849 815 de
2901 777 2959 815 re
3009 761 3330 815 accusabant
3379 761 3498 816 illos
3528 778 3651 830 pro-

2067 851 2240 917 pthe
2281 867 2489 915 omnes,
2519 852 2778 917 dicentes,
2809 853 3123 924 Sanguinem
3162 856 3396 925 sanguini
3444 857 3648 910 miscent

2067 940 2219 1013 (Osce
2272 945 2323 998 4.
2354 944 2436 1013 2),
2465 954 2519 999 et
2552 946 2694 1013 ipsos
2741 947 2882 1002 viros
2932 949 3248 1017 sanguinum
3296 964 3417 1004 esse
3459 952 3648 1005 testifi-

2066 1043 2269 1087 cantes.
2320 1034 2443 1089 Ideo
2473 1037 2782 1106 sanguinem
2853 1039 2960 1095 sibi
3027 1040 3193 1110 jussit
3251 1041 3432 1097 offerri
3486 1040 3646 1104 Deus,

2064 1123 2354 1178 ostendens
2383 1125 2426 1178 si
2452 1128 2502 1178 in
2531 1125 2700 1180 brutis
2721 1126 2790 1180 ita
2824 1128 3088 1195 pretiosus
3118 1129 3333 1196 sanguis
3357 1138 3458 1196 est,
3483 1131 3646 1186 multo

2066 1215 2232 1282 magis
2265 1215 2313 1266 in
2348 1215 2560 1269 homine
2587 1231 2728 1271 esse.
2763 1216 2883 1271 ldco
2919 1227 2971 1270 et
2999 1218 3126 1272 Non:
3154 1219 3288 1272 dixit
3319 1240 3332 1275 :
3373 1219 3646 1274 Vindicate

2067 1319 2266 1357 onmem
2309 1307 2604 1374 sanguinem
2631 1306 2845 1373 e/fusum
2889 1307 3038 1375 (Gen.
3073 1309 3125 1361 9.
3155 1310 3228 1379 6).
3265 1309 3648 1380 lnttumeraqne

2065 1394 2167 1448 alia
2219 1395 2441 1448 inveniri
2485 1405 2726 1463 possunt,
2759 1397 2845 1450 ubi
2893 1398 3031 1451 Dens
3070 1407 3211 1451 votat
3259 1415 3325 1452 ne
3368 1402 3642 1455 occidant:

2063 1485 2310 1555 quocirca
2341 1503 2407 1540 ne
2434 1487 2741 1542 sull‘ocatum
2781 1489 2977 1558 aliquid
3009 1489 3349 1542 comederunt
3382 1492 3571 1545 vetuit.
3603 1498 3645 1544 υ

2067 1577 2156 1630 Dei
2209 1577 2649 1643 misericordiam,
2682 1580 2772 1649 qui
2799 1581 3041 1648 quamvis
3080 1581 3244 1635 sciret
3287 1581 3337 1634 id
3380 1583 3481 1635 illis
3513 1581 3643 1636 nihil

2064 1666 2400 1737 profuturum
2445 1683 2592 1733 esse,
2625 1684 2719 1724 sua
2769 1679 3024 1739 pra-stare
3077 1687 3181 1724 non
3226 1672 3419 1726 desiit!
3472 1672 3640 1740 Mitto,

2064 1759 2253 1828 inquit,
2289 1759 2411 1814 licet
2455 1760 2618 1813 sciam
2649 1761 2882 1812 occisum
2926 1761 2985 1812 iri
3035 1761 3171 1814 illos.
3203 1761 3382 1830 Itaque
3413 1760 3535 1816 hinc
3561 1773 3643 1816 tc-

2064 1867 2210 1906 mcrc
2255 1850 2394 1920 l0qtti
2441 1850 2976 1921 dcprchemlebantur
3018 1867 3138 1904 cum
3185 1851 3422 1905 dicerent
3464 1870 3478 1907 :
3529 1851 3644 1907 Non

2063 1943 2194 1998 socii
2217 1943 2496 1997 fuissemus
2520 1952 2746 2010 patrum.
2771 1941 2902 1996 Nam
2933 1953 2984 1996 et
3015 1941 3065 1994 hi
3096 1942 3382 2011 prophetas
3408 1944 3459 1996 in
3486 1958 3643 2014 syna-

2061 2037 2210 2107 gogis
2241 2037 2578 2100 occidebant,
2610 2052 2708 2092 nec
2751 2037 2926 2090 locutu
2970 2036 3183 2090 reveriti
3221 2046 3364 2100 sunt,
3391 2052 3487 2090 nec
3527 2053 3645 2105 per-

2061 2145 2315 2186 sonarum
2361 2130 2671 2200 dignitatem
2721 2147 2734 2182 :
2792 2143 2967 2199 neque
3015 2129 3156 2183 enim
3211 2129 3436 2184 virosve
3487 2130 3643 2197 vulgo

2062 2222 2395 2286 occidebant,
2428 2221 2521 2276 sed
2577 2220 2864 2290 pr0phctas
2904 2229 2956 2274 et
3001 2219 3289 2291 sapientes,
3340 2235 3403 2273 ne
3455 2234 3511 2274 se
3556 2235 3642 2273 re-

2065 2314 2473 2382 prehenderem.
2518 2313 2627 2368 llos
2665 2313 2911 2382 intelligit
2952 2327 3072 2366 esse
3117 2313 3386 2381 apostolos
3427 2328 3642 2366 eorum-

2061 2420 2164 2474 que
2214 2419 2554 2459 successores
2589 2421 2603 2456 :
2654 2421 2776 2457 nam
2813 2404 2962 2457 multi
2997 2402 3397 2472 prophetabant.
3447 2402 3643 2456 Deinde

2063 2504 2118 2550 tit
2151 2505 2406 2549 let-rorem
2437 2504 2674 2564 augeret,
2709 2495 2783 2548 ait
2814 2512 2827 2548 :
2880 2495 3037 2548 Arnen
3069 2511 3212 2548 amen
3240 2496 3351 2548 dico
3381 2496 3535 2561 vobis,
3564 2511 3642 2550 ve-

2062 2587 2199 2640 nient
2247 2587 2353 2640 hinc
2380 2587 2550 2639 omnia
2573 2603 2722 2656 super
2747 2587 3118 2656 generationem
3149 2585 3318 2649 hanc;
3373 2587 3421 2640 id
3453 2597 3554 2649 est,
3587 2586 3640 2639 In

2061 2679 2233 2747 capita
2264 2687 2440 2733 vestra
2491 2678 2606 2732 haec
2631 2679 2826 2732 omnia
2859 2692 3082 2742 vertam,
3115 2685 3169 2731 ct
3198 2693 3440 2746 magnam
3488 2661 3641 2730 excf.-

2061 2772 2194 2826 ceho
2216 2771 2522 2825 vindictam.
2552 2771 2684 2825 Nam
2710 2771 2800 2841 qui
2832 2771 3026 2826 multos
3056 2778 3337 2839 peccantes
3365 2769 3512 2831 vidit,
3544 2784 3642 2825 nec

2060 2878 2354 2918 conversus
2381 2872 2482 2928 est,
2513 2862 2606 2916 sed
2635 2862 2822 2917 eadem
2869 2863 2977 2930 ipsa
3011 2871 3224 2930 peccata
3259 2860 3510 2925 admittit,
3542 2878 3639 2916 nec

2060 2951 2246 3007 eadem
2295 2952 2405 3021 ipsa
2466 2951 2644 3016 tnodo,
2675 2951 2768 3005 sed
2815 2951 2974 3005 etiam
3023 2952 3179 3020 longe
3219 2951 3484 3021 graviora,
3516 2968 3638 3020 gra-

2061 3042 2236 3097 viores
2256 3059 2410 3111 ‘luam
2457 3041 2529 3097 illi
2576 3057 2761 3112 poenas
2794 3041 2974 3096 subire
3003 3050 3254 3096 meretur.
3281 3041 3639 3110 Quemadmo-

2059 3137 2184 3191 dum
2215 3135 2378 3198 enim,
2409 3135 2454 3188 si
2499 3134 2772 3194 voluisset,
2807 3149 2992 3202 magna
3037 3148 3100 3187 ex
3130 3131 3356 3186 aliorum
3399 3133 3643 3200 exemplo

2060 3229 2296 3282 lucratus
2327 3223 2510 3278 fuisset
2539 3225 2727 3278 melior
2757 3222 2976 3277 ell‘ectus
3001 3240 3012 3273 :
3048 3223 3145 3288 sic,
3175 3223 3294 3290 quia
3328 3223 3640 3291 resipiscere

2061 3316 2249 3380 noluit,
2279 3313 2466 3382 majori
2497 3324 2581 3368 est
2605 3312 2866 3381 Supplicio
2891 3312 3172 3374 obnoxius,
3204 3321 3386 3380 utpote
3415 3313 3500 3382 qui
3531 3329 3641 3365 nta-

2055 3407 2172 3477 jora
2204 3408 2402 3460 monita
2429 3422 2522 3476 per
2547 3421 2644 3460 eos
2666 3406 2752 3474 qtti
2780 3405 2887 3474 jam
2912 3413 3260 3474 peccaverant
3284 3414 3334 3458 et
3358 3404 3496 3474 plexi
3530 3393 3638 3460 lue:

2063 3509 2182 3554 rant
2211 3507 2506 3568 receperat,
2539 3497 2632 3552 sed
2675 3497 2789 3552 sine
2822 3501 3012 3552 fructu.

2132 3594 2187 3646 5.
2230 3592 2432 3646 Deinde
2481 3590 2545 3645 ad
2579 3592 2846 3645 civitatem
2897 3605 3197 3646 sermonem
3245 3591 3525 3656 convertit,
3567 3583 3642 3643 sic

2060 3682 2329 3736 auditores
2379 3683 2654 3736 instituere
2701 3682 2906 3748 volens,
2937 3683 3158 3751 aitque:
3197 3683 3284 3738 57.
3333 3683 3637 3749 Jerusalem,

2060 3772 2365 3827 Jerusalem.
2391 3773 2526 3837 Quid
2558 3773 2657 3827 sibi
2691 3773 2804 3826 vult
2831 3772 2942 3826 hinc
2973 3772 3297 3841 duplicatio?
3341 3773 3636 3828 Miscrantis

2060 3876 2143 3919 εει
2168 3864 2416 3934 loquendi
2449 3863 2657 3929 modus,
2682 3873 2734 3918 ct
2757 3863 3042 3917 admodum
3065 3865 3310 3921 amantis.
3330 3865 3476 3919 Sicut
3497 3847 3636 3922 enim

2061 3957 2200 4027 apud
2236 3957 2504 4023 dilectam,
2535 3972 2747 4026 semper
2785 3965 3034 4020 amatam,
3065 3971 3183 4026 qua:
3211 3969 3475 4012 amantem
3506 3947 3638 4013 coni

2062 4056 2373 4118 tempscrat,
2425 4047 2647 4116 ideoque
2696 4047 2958 4116 supplicio
3004 4047 3357 4116 plectemlant,
3411 4049 3478 4102 ita
3521 4065 3640 4104 sese

2061 4141 2302 4196 defendit
2327 4140 2564 4206 detntun,
2593 4155 2714 4194 cum
2761 4156 2880 4195 mox
2909 4141 3225 4210 supplicium
3265 4150 3345 4195 est
3376 4141 3636 4195 illaturus.

2062 4232 2214 4298 Quod
2245 4232 2404 4286 etiam
2435 4231 2487 4286 in
2514 4231 2784 4300 prophetis
2809 4231 2931 4285 facit
2960 4229 3043 4285 his
3068 4230 3243 4287 verbis
3278 4250 3290 4285 :
3342 4232 3478 4296 Dixi,
3509 4232 3641 4286 (Ζωι-

2062 4336 2248 4379 vertere
2297 4325 2364 4377 ad
2407 4325 2537 4388 me‘,
2579 4333 2625 4378 et
2667 4341 2767 4377 non
2812 4333 2883 4376 est
2926 4340 3161 4378 conversa
3208 4323 3416 4395 (Jerent.
3460 4327 3510 4380 3.
3558 4325 3635 4396 7).

2067 4415 2263 4470 Deinde
2314 4430 2509 4468 vocans
2560 4415 2724 4478 illam,
2758 4414 3037 4468 homicidia
3070 4414 3185 4482 ejus
3231 4416 3436 4484 subjicit
3469 4435 3480 4468 :
3515 4417 3639 4482 Qua:

2063 4509 2250 4560 occidis
2286 4505 2577 4576 prophetas,
2608 4515 2650 4557 et
2691 4504 2888 4574 Iapidos
2919 4521 3000 4556 eos
3039 4505 3118 4573 qui
3150 4503 3216 4554 ad
3254 4514 3300 4557 te
3329 4507 3466 4558 missi
3501 4519 3638 4572 sunt,

2064 4597 2253 4665 quoties
2297 4595 2430 4649 volui
2473 4611 2776 4664 congregare
2819 4593 2952 4661 ﬁlios
3004 4604 3134 4656 tuos,
3162 4603 3208 4647 et
3253 4595 3530 4649 noluistis?
3576 4598 3642 4649 ita

2064 4689 2202 4742 circa
2233 4702 2294 4742 ca
2323 4702 2442 4756 qua:
2471 4694 2654 4739 contra
2688 4701 2745 4740 se
2777 4684 3017 4739 fecerunt
3044 4701 3166 4740 sese
3192 4687 3462 4742 defendit:
3508 4688 3641 4756 Quia

2065 4796 2236 4848 neque
2268 4789 2482 4848 promer
2509 4778 2622 4832 hare
2661 4794 2690 4831 a
2724 4789 2773 4831 te
2816 4795 3032 4832 aversus
3059 4794 3202 4845 sum,
3245 4796 3420 4852 neque.
3454 4799 3538 4838 me
3577 4785 3645 4838 ab

2069 4875 2156 4927 illa
2187 4888 2375 4944 magna
2405 4887 2530 4942 erga
2564 4881 2613 4926 te
2656 4871 3024 4928 benevolentia
3070 4874 3326 4942 repulisti,
3369 4876 3462 4928 sed
3495 4885 3546 4930 te
3576 4880 3641 4930 ita

2064 4965 2306 5019 affectam
2331 4963 2497 5023 volui,
2519 4979 2621 5016 non
2645 4963 2807 5017 semel
2825 4972 2878 5017 et
2901 4962 3003 5028 bis,
3023 4963 3121 5017 sed.
3141 4963 3336 5034 pluries
3356 4971 3643 5020 attrahere.

2070 5057 2275 5122 Quoties
2327 5055 2489 5119 enim,
2544 5054 2734 5123 inqttit,
2785 5053 2920 5108 volui
2972 5071 3278 5126 congregare
3329 5057 3462 5125 ﬁlios
3509 5067 3642 5120 tuos,

2065 5144 2487 5218 quemadmodum
2513 5129 2705 5214 gallina
2732 5153 2998 5216 congregat
3046 5145 3212 5214 pullos
3236 5163 3353 5200 suos
3396 5148 3486 5200 sub
3515 5149 3646 5210 alas,

2065 5248 2111 5291 et
2141 5237 2412 5292 noluistis?
2443 5237 2552 5291 lloc
2575 5237 2723 5302 dicit,
2743 5238 3032 5292 ostendens
3063 5238 3180 5292 illos
3209 5255 3352 5309 sa-pe
3383 5243 3650 5309 peccando

2066 5345 2186 5384 sese
2215 5329 2564 5398 dispersisse;
2595 5337 2650 5382 et
2678 5345 2742 5382 ex
2775 5329 3004 5398 imagine
3035 5329 3124 5383 illa
3145 5344 3384 5384 amorem
3417 5331 3650 5386 declarat

2067 5437 2222 5475 suum
2253 5439 2265 5473 :
2296 5422 2460 5475 fervot
2486 5419 2627 5474 enim
2651 5436 2802 5474 amor
2822 5421 3069 5476 animalis
3099 5422 3239 5476 illius
3261 5425 3401 5478 circa
3425 5426 3648 5495 prolem.

2067 5516 2221 5583 Smpc
2251 5523 2427 5568 autem
2452 5513 2564 5565 lucc
2593 5513 2794 5566 alarum
2821 5512 2996 5582 imago
3026 5515 3075 5568 in
3108 5513 3382 5584 prolibetis
3410 5517 3651 5584 habetur,

2071 5621 2277 5660 necnon
2309 5605 2358 5658 in
2394 5603 2600 5657 cantico
2638 5603 2855 5674 llloysis,
2884 5613 2937 5658 ct
2970 5605 3020 5658 in
3055 5605 3300 5674 Psalmis,
3330 5624 3445 5677 qua:
3475 5619 3650 5679 prote-

2092 5721 2148 5832 r;
2181 5717 2347 5829 pore].
2383 5719 2528 5768 habet
2551 5757 2562 5777 ,
2589 5725 2859 5769 courertere
2884 5717 2947 5770 ad
2970 5732 3044 5769 me
3085 5720 3320 5784 pastillos
3351 5735 3512 5774 omnes
3545 5738 3645 5789 pro.

2112 5795 2126 5831 t
2151 5795 2180 5830 u
2201 5793 2346 5832 tones.

2069 5793 2329 5832 stttuttoncs
2337 5821 2346 5832 .
