4000 6206
339 341 447 397 683
1114 331 1392 389 JOAN‘NIS
1429 330 1898 389 CiiBYSOSTOMl
1940 329 2255 388 ARCIIIEP.
2299 332 2830 389 CONSTANTINOP.
3505 338 3610 395 081

337 460 593 514 etioncm,
625 457 678 505 et
707 446 1098 520 providentiam
1145 459 1392 514 magnam
1426 443 1644 499 indicat.
1673 444 1779 501 Sed
1822 459 1919 500 no.

342 545 538 610 luistis,
571 541 763 612 inquit.
797 539 886 596 38.
930 535 1056 592 Ecce
1081 537 1392 607 relinquetur
1431 537 1610 590 domus
1639 544 1806 591 vestra
1829 535 1924 589 de-

337 647 493 699 serta,
527 632 824 705 patrocinio
860 630 1066 686 scilicet
1089 644 1213 684 meo
1236 643 1422 683 vacua.
1469 627 1584 696 Ipse
1624 628 1783 695 igitur
1807 635 1925 682 erat

336 727 426 798 qui
477 725 624 797 prius
665 725 736 780 illi
786 722 1242 795 patrocinabatur,
1295 721 1569 790 ipsamque
1619 719 1835 774 tenebat
1860 732 1923 774 ac

339 818 587 875 servabat
618 833 632 870 :
675 817 789 886 ipse
833 816 1010 885 itaque
1039 822 1142 879 est,
1173 811 1262 882 qui
1295 813 1414 866 iltos
1439 825 1651 880 semper
1676 811 1918 881 castigat.

335 908 406 968 ει
431 908 748 980 supplicium
780 908 910 977 ipsis
940 906 1122 970 infert,
1143 903 1284 974 quod
1316 903 1388 958 illi
1413 900 1699 956 admodum
1731 900 1918 956 formi-

333 1000 576 1065 dabant:
609 1000 711 1056 hoc
737 999 879 1055 enim
923 996 1163 1052 amnium
1209 1009 1391 1050 rerum
1439 1009 1656 1049 suantm
1683 992 1910 1049 eversio-

336 1106 459 1149 neut
487 1092 820 1163 designabat.
852 1089 942 1146 59.
968 1087 1097 1148 Dico
1119 1089 1251 1142 enim
1277 1086 1432 1152 vobis,
1462 1101 1562 1140 non
1589 1102 1668 1139 nte
1695 1083 1922 1140 videbitis

332 1181 520 1239 sutorio
547 1183 708 1247 donec
754 1181 954 1246 dicatis,
986 1179 1286 1236 Benedictus
1326 1178 1414 1248 qui
1455 1177 1586 1231 venit
1627 1177 1680 1230 in
1722 1176 1922 1230 nomine

332 1275 565 1337 Domini.
597 1275 708 1331 lioc
755 1275 880 1328 item
909 1272 1107 1326 dictum
1139 1269 1392 1328 ferventis
1421 1277 1501 1323 est
1527 1267 1800 1332 amatoris,
1831 1281 1920 1338 qut

333 1366 456 1424 illos
517 1373 571 1421 et
625 1363 817 1420 futuris
866 1362 1146 1419 eventibus
1209 1359 1523 1430 pertrahere
1578 1358 1922 1414 vehementer

331 1467 481 1528 aptat
519 1477 532 1513 :
575 1471 748 1526 neque
795 1470 825 1510 a
870 1452 1184 1524 praeteritis’
1233 1451 1405 1506 solum
1456 1450 1699 1506 hortatur
1735 1471 1747 1504 :
1794 1465 1917 1505 nam

329 1548 472 1605 diem
519 1547 753 1604 futurum
783 1544 1005 1600 secundi
1035 1544 1152 1614 ejus
1176 1542 1439 1598 adventus
1468 1549 1748 1596 memorat.
1781 1539 1918 1608 Quid

331 1641 530 1712 igitur?
559 1655 627 1694 an
666 1655 731 1694 ex
777 1638 869 1692 illo
898 1647 1138 1704 tempore
1165 1651 1271 1690 non
1300 1635 1436 1688 ultra
1469 1634 1718 1690 viderunt
1755 1632 1920 1688 eum?

329 1732 438 1789 Sed
461 1731 610 1796 illud,
641 1730 861 1795 Amodo,
889 1743 995 1782 non
1023 1727 1165 1782 illam
1197 1727 1380 1782 horam
1408 1725 1690 1796 signiﬁcat,
1718 1725 1811 1782 sed
1840 1735 1912 1779 to-

329 1830 443 1880 tum
475 1834 684 1892 tempus
725 1819 856 1885 illud
883 1817 1026 1896 quod
1056 1833 1224 1889 usque
1258 1817 1324 1872 ad
1349 1832 1565 1876 crucem
1616 1817 1914 1874 intercedit.

327 1917 459 1988 Quia
486 1916 631 1983 enim
653 1915 802 1972 illum
830 1927 1045 1984 semper
1074 1911 1173 1967 hac
1201 1911 1269 1966 de
1308 1926 1366 1966 re
1405 1911 1746 1980 accusabant,
1773 1911 1914 1982 quod

327 1998 440 2066 Deo
459 2008 797 2068 adversarius
819 2013 962 2061 esset
986 2012 1040 2060 et
1065 2003 1331 2069 inimicus,
1353 2002 1478 2058 hinc
1505 2003 1651 2073 ipsos
1676 2003 1743 2057 ad
1769 2018 1916 2058 amo-

329 2117 442 2156 rem
472 2099 553 2156 sui
588 2099 854 2161 hortatur,
880 2095 1022 2168 quod
1067 2110 1126 2150 se
1172 2095 1314 2150 Patri
1354 2093 1672 2150 concordem
1701 2108 1918 2165 semper

326 2195 678 2256 demonstret,
703 2200 758 2246 et
784 2189 1018 2260 seipsum
1048 2187 1283 2243 declarat
1324 2187 1376 2242 in
1421 2185 1694 2258 prophetis
1717 2185 1911 2242 fuisse:

327 2295 610 2356 propterea
635 2280 822 2336 iisdem
851 2280 979 2350 ipsis
1000 2279 1163 2334 utitur
1187 2277 1385 2343 verbis,
1413 2277 1604 2348 quibus
1635 2275 1909 2347 propheta.

327 2377 431 2444 Per
457 2376 572 2431 inec
605 2375 765 2432 etiam
799 2373 1247 2429 resurrectionem
1289 2371 1662 2437 subiudicavit,
1705 2385 1911 2426 necnon

324 2467 619 2531 secundum
638 2466 923 2533 adventum
947 2480 1126 2532 suum,
1145 2465 1416 2535 etiamque
1437 2463 1501 2519 iis
1515 2463 1603 2534 qui
1627 2463 1912 2518 admodum

325 2560 583 2620 increduli
615 2567 818 2626 essent,
848 2556 990 2628 quod
1033 2557 1206 2631 ipsum
1260 2567 1383 2612 tunc
1413 2566 1595 2612 essent
1619 2555 1909 2610 adoraturi.

324 2657 393 2716 Et
418 2655 688 2729 quomodo
737 2653 865 2715 illud
893 2651 1248 2723 signiﬁcavit?
1272 2651 1406 2706 Cum
1457 2650 1620 2706 multa
1654 2650 1801 2718 prius
1825 2647 1910 2702 fu-

323 2758 444 2804 tura
477 2746 702 2804 dixisset
734 2761 749 2798 :
793 2743 934 2815 quod
964 2744 1226 2813 missurus
1262 2751 1407 2803 esset
1435 2743 1739 2811 prophetas,
1768 2738 1910 2810 quod

321 2839 446 2906 illos
471 2836 801 2894 interfecturi
829 2844 1029 2899 essent,
1053 2835 1320 2905 etiamque
1343 2836 1394 2888 in
1425 2834 1741 2906 synagogis;
1769 2833 1910 2905 quod

322 2929 398 2999 illi
425 2937 669 2988 extrema
691 2935 872 2991 essent
894 2927 1122 2997 passuri,
1139 2925 1281 2996 quod
1298 2925 1490 2988 domus
1508 2925 1720 2981 deserta
1743 2926 1907 2991 foret;

321 3018 466 3092 quod
515 3019 671 3074 malis
719 3017 1049 3091 gravissimis
1099 3025 1282 3081 essent
1329 3016 1686 3086 subjiciendi,
1735 3017 1910 3088 qualia

321 3125 610 3182 numquam
641 3110 867 3166 fuerant.
902 3107 1028 3181 Haec
1057 3109 1254 3180 quippe
1279 3108 1456 3162 omnia
1496 3110 1581 3174 vel
1611 3118 1789 3176 mente
1817 3124 1909 3173 ea-

322 3203 428 3276 ptis
453 3212 509 3260 et
533 3201 888 3259 contentiosis
916 3201 1202 3270 adventum
1226 3200 1342 3271 ejus
1364 3199 1734 3256 demonstrare
1763 3211 1911 3272 pote-

321 3303 463 3366 rant.
495 3293 889 3364 interrogemus
915 3307 1145 3363 namque
1188 3305 1328 3348 eos:
1369 3291 1579 3357 Misitne
1625 3293 1910 3368 prophetas

321 3398 377 3459 et
403 3385 672 3459 sapientes
685 3387 712 3440 ἲ
734 3399 917 3457 annon
939 3383 1364 3448 occiderunter
1394 3383 1445 3438 in
1477 3376 1800 3456 synagogis?
1827 3400 1910 3438 re-

321 3479 516 3550 lictane
535 3487 618 3540 est
639 3477 829 3534 domus
848 3475 1095 3531 deserta?
1117 3483 1448 3538 veneruntue
1468 3474 1724 3546 supplicia
1748 3489 1909 3546 super

321 3571 722 3652 generationem
748 3568 931 3624 illam?
958 3567 1012 3642 id
1041 3566 1378 3634 manifestum
1419 3578 1566 3637 certe
1591 3577 1694 3633 est,
1725 3583 1908 3642 nemo-

321 3677 428 3734 que
449 3660 798 3718 contradicet.
826 3660 974 3715 Sicut
993 3675 1123 3732 ergo
1144 3659 1258 3714 haec
1283 3659 1460 3728 omnia
1491 3670 1807 3728 evenerunt,
1829 3663 1908 3716 sic

323 3763 376 3822 et
421 3754 507 3808 illa
551 3753 820 3819 evenient,
851 3759 907 3820 et
955 3759 1079 3806 tunc
1119 3749 1312 3806 cedent
1340 3764 1506 3820 seque
1552 3749 1902 3815 subtnittent;

320 3844 414 3910 sed
443 3845 574 3901 nihil
597 3845 665 3906 ad
705 3844 786 3900 sui
812 3843 1214 3900 excusationem
1254 3851 1508 3914 poterunt
1552 3843 1822 3914 proferre;
1851 3851 1906 3898 ut

323 3952 497 4016 peque
518 3937 589 3992 illi
610 3936 700 4008 qui
726 3949 929 4000 eversae
949 3934 1175 3999 civitatis
1196 3949 1354 3990 causa
1387 3945 1511 3990 tunc
1539 3935 1904 4005 paenitentiam

318 4042 564 4104 egerunt.
595 4029 948 4099 Quapropter,
981 4027 1154 4095 donec
1181 4035 1389 4097 tempus
1423 4037 1523 4091 est,
1553 4029 1706 4096 bonis
1729 4028 1903 4099 operi-

325 4112 424 4179 bus
467 4135 568 4178 nos
610 4118 887 4178 dedamns.
929 4117 1385 4187 Quemadmodum
1435 4119 1580 4174 enim
1641 4119 1716 4174 illi
1779 4127 1905 4175 tunc

324 4214 543 4274 nihilex
569 4211 872 4281 cognitione
899 4208 1103 4280 fruetus
1141 4209 1464 4280 percipient,
1492 4211 1569 4265 sic
1608 4212 1752 4266 nulla
1779 4219 1905 4268 tunc

324 4307 480 4380 nobis
503 4322 568 4361 ex
601 4303 910 4376 pmuitentia
948 4302 1015 4372 de
1046 4305 1280 4374 peccatis
1322 4305 1517 4359 utilitas
1542 4306 1758 4366 accedet
1786 4324 1799 4361 :
1847 4315 1906 4363 ut

322 4415 499 4472 neque
523 4397 890 4471 gubernatori,
909 4411 1030 4459 cum
1055 4398 1203 4471 navis
1231 4412 1325 4468 per
1353 4399 1466 4469 ejus
1494 4398 1752 4456 desidiam
1780 4400 1907 4456 sub-

318 4509 496 4554 mersa
538 4501 643 4554 est.
689 4506 788 4550 nec
833 4489 1064 4558 medico,
1111 4499 1232 4561 post
1277 4479 1458 4566 (γενόῑὶ
1510 4503 1732 4549 mortem
1765 4513 1778 4550 :
1809 4495 1903 4551 sed

321 4601 510 4650 omnes
559 4593 686 4639 ante
731 4584 892 4638 tinem
943 4583 1074 4638 nihil
1123 4599 1225 4642 nun
1273 4585 1567 4660 machinari
1598 4597 1651 4653 et
1693 4590 1903 4662 operari

319 4685 552 4750 oportet,
584 4684 642 4734 ut
673 4689 739 4729 ne
763 4674 813 4728 in
847 4674 1137 4744 perieulum
1168 4676 1252 4730 vel
1283 4677 1663 4746 turpitudinem
1691 4669 1904 4736 decida-

319 4777 444 4826 tur:
476 4777 660 4839 postea
688 4767 831 4842 enim
877 4766 964 4821 illa
999 4767 1178 4820 omnia
1209 4777 1334 4822 sunt
1362 4769 1588 4826 inutilia.
1624 4770 1732 4826 Nos
1759 4781 1904 4831 certe

320 4860 536 4932 quando
581 4871 922 4936 aegrotamus,
966 4858 1202 4916 medicos
1246 4875 1603 4930 accersamus,
1652 4866 1908 4934 pecunias

319 4952 711 5024 impendamus,
733 4949 1108 5022 assiduamque
1135 4965 1354 5021 operam
1385 4951 1594 5022 demus,
1621 4964 1678 5008 ιιι
1707 4971 1771 5010 ex
1812 4971 1904 5013 ne-

323 5046 488 5116 quitia
514 5053 816 5115 surgentes,
846 5043 972 5116 inde
1011 5044 1127 5099 sani
1175 5043 1525 5112 recedamus;
1568 5052 1625 5102 et
1652 5057 1902 5118 quantam

319 5137 460 5198 circa
518 5149 704 5190 servos
759 5143 971 5200 nostros
1018 5149 1200 5190 curam
1259 5135 1643 5206 impendimus,
1675 5154 1796 5194 cum
1850 5139 1906 5202 in,

321 5228 568 5297 morbum
609 5224 916 5299 inciderint,
947 5233 1142 5281 tantam
1169 5226 1308 5282 circa
1337 5242 1436 5283 nos
1467 5228 1610 5298 ipsos
1647 5229 1902 5288 exhibea-

318 5336 461 5396 φης,
493 5333 618 5394 cum
655 5317 836 5385 anima
862 5325 1102 5388 aegrotat.
1139 5317 1300 5390 Atqui
1329 5318 1484 5375 nobis
1520 5320 1648 5392 ipsis
1687 5325 1902 5394 propin.-

322 5418 530 5484 qnlores
573 5425 780 5485 sumus,
809 5426 966 5483 quam
1015 5412 1204 5476 servis,
1254 5422 1309 5469 et
1353 5414 1666 5484 corporibus
1713 5417 1904 5479 anima;

325 5504 724 5583 praestantiora
755 5513 879 5559 sunt
908 5521 923 5570 ;
969 5513 1204 5561 attamen
1235 5506 1320 5562 vix
1363 5521 1543 5577 parem
1573 5521 1757 5564 curam
1799 5508 1905 5564 int-

324 5592 626 5676 pendimus.
671 5595 785 5653 Nisi
815 5597 958 5653 enim
1006 5597 1058 5652 id
1110 5614 1253 5664 nunc
1300 5600 1577 5675 faciamus,
1625 5613 1905 5678 postquam

374 5769 393 5816 ι
430 5763 600 5832 λίπει.
621 5765 790 5837 habet,
812 5779 962 5832 neque
986 5781 1016 5824 α
1039 5769 1365 5844 prwsentiOus.

2031 444 2456 513 decesserimus,
2511 446 2653 500 nulla
2709 446 2865 503 nobis
2921 447 3238 517 relinquitur
3277 450 3616 509 defensionis

2030 533 2191 588 ratio.
2797 599 2822 612 δ

2099 628 2152 682 4.
2183 629 2420 683 Animam
2434 646 2613 684 curare
2633 630 2942 702 negligentes
2961 631 3352 704 redarguuntur,
3381 637 3612 692 modum-

2027 735 2124 790 que
2147 721 2424 776 curationis
2447 724 2707 777 docentur.
2740 755 2812 764 —
2840 725 3035 794 Ecquis
3065 729 3135 783 ita
3162 728 3347 794 miser,
3373 731 3605 802 inquies,

2029 818 2087 864 ut
2118 825 2222 866 non
2253 827 2432 882 parem
2460 810 2872 872 sollicitudinem
2891 817 3118 873 habeat?
3145 819 3256 874 lloc
3274 832 3423 876 certe
3449 823 3608 877 mira.

2028 900 2133 956 bile
2162 911 2264 968 est,
2297 904 2438 974 quod
2463 920 2562 960 nos
2589 907 2734 976 ipsos
2761 915 3039 979 plusquam
3068 926 3258 966 servos
3285 914 3614 984 negligamus

2028 991 2505 1065 despiciamusque.
2538 996 2674 1053 Nam
2716 1000 2886 1055 servis
2929 999 3352 1058 febricitantibus
3377 1005 3614 1062 medicos

2025 1082 2371 1151 advocamus,
2401 1085 2756 1142 habitaculum
2789 1089 2916 1162 ipsis
2941 1089 3281 1161 deputamus,
3307 1095 3453 1164 ipsos
3479 1099 3612 1152 artis

2027 1174 2230 1244 legibus
2254 1177 2476 1248 obsequi
2505 1180 2781 1250 cogimus;
2811 1181 2857 1236 si
2889 1183 3160 1254 negligant
3189 1185 3325 1254 ipsi,
3359 1202 3457 1241 nos
3484 1203 3612 1258 gra-

2025 1270 2162 1324 viter
2209 1269 2427 1326 ferimus
2451 1313 2465 1337 ,
2513 1273 2762 1329 custodes
2814 1275 3047 1346 ipsorum
3083 1279 3490 1343 constituimus,
3521 1282 3611 1352 qui

2025 1361 2340 1431 prohibeant
2369 1379 2434 1419 ne
2461 1367 2726 1436 appetitus
2756 1367 2827 1421 illi
2850 1383 2977 1423 suos
2993 1379 3283 1441 sequantur
3307 1390 3321 1426 :
3347 1372 3438 1442 qui
3465 1374 3510 1428 si
3527 1374 3611 1428 di-

2025 1453 2202 1506 xerint
2231 1455 2408 1524 magni
2457 1456 2613 1525 pretii
2643 1457 2903 1512 medicina
2937 1473 3058 1514 esse
3083 1475 3236 1530 opus,
3267 1462 3494 1517 libenter
3517 1478 3614 1518 ano

2027 1543 2274 1598 uuintus:
2308 1553 2362 1599 et
2386 1546 2639 1618 quidquid
2683 1549 2968 1604 statuerint
2988 1591 3003 1613 ,
3034 1565 3133 1606 uos
3153 1551 3610 1622 obtemperantes,

2022 1643 2182 1708 atque
2223 1635 2524 1706 hujusmodi
2567 1647 2883 1694 statutorum
2927 1641 3228 1697 mercedem
3275 1645 3406 1714 ipsis
3443 1648 3610 1700 solvi-

2022 1739 2159 1782 mus.
2193 1727 2332 1782 Cum
2367 1736 2546 1785 autem
2590 1745 2686 1786 nos
2717 1731 2904 1786 morbo
2935 1733 3269 1799 laboramus;
3302 1737 3410 1792 imo
3449 1754 3610 1792 nutu-

2019 1831 2178 1887 quam
2202 1833 2306 1875 non
2330 1819 2664 1887 laboramus;
2698 1838 2802 1876 non
2830 1823 3094 1878 medicum
3119 1827 3464 1891 accersintus,
3503 1846 3608 1885 non

2019 1913 2273 1979 pecunias
2298 1913 2652 1983 impendimus
2677 1957 2693 1981 ,
2720 1916 3064 1972 sedanimam
3091 1919 3240 1989 quasi
3265 1922 3535 1977 inimicum
3557 1925 3620 1978 et‘

2023 2003 2230 2059 hostem
2255 2005 2591 2077 negligimus.
2615 2005 2742 2065 limo
2773 2021 2929 2078 porro
2949 2009 3089 2077 dico,
3120 2027 3226 2067 non
3252 2013 3396 2084 quod
3425 2030 3607 2072 curam

2021 2094 2164 2152 illam
2209 2095 2350 2152 circa
2395 2111 2582 2152 servos
2623 2099 2914 2155 adhibitam
2959 2101 3257 2172 improbem
3282 2146 3298 2170 ,
3334 2106 3428 2160 sed
3465 2109 3607 2177 quod

2017 2189 2228 2256 cupiam
2253 2199 2310 2244 ut
2337 2205 2517 2260 parem
2546 2191 2733 2247 salicto
2763 2193 2901 2248 cinca
2931 2197 3162 2248 animam
3197 2207 3435 2252 nostrain
3461 2199 3611 2254 solli-

2017 2280 2305 2336 citudinem
2336 2283 2704 2339 adhibeamus.
2742 2285 2932 2356 thuo
2958 2297 3133 2356 pacto,
3167 2289 3407 2359 inquies.
3439 2291 3492 2346 id
3525 2293 3605 2346 fa-

2017 2371 2262 2427 ciemus?
2289 2372 2507 2445 Aigram
2557 2375 2698 2430 illam
2740 2376 2904 2432 Paulo
2933 2380 3188 2441 ostende;
3220 2396 3440 2438 accerse
3466 2383 3605 2438 Mat-

2019 2461 2250 2529 thtcum;
2285 2465 2544 2520 Joannem
2589 2468 2826 2523 aSsidere
2850 2485 3024 2525 cures.
3076 2471 3158 2525 Ab
3195 2473 3302 2527 illis
3327 2474 3448 2528 audi
3473 2476 3600 2544 quid

2019 2555 2107 2610 tali
2133 2555 2321 2611 morbo
2341 2555 2604 2612 laboranti
2629 2559 2697 2612 sit
2719 2558 3036 2616 faciendum.
3066 2562 3249 2617 Dicent
3269 2565 3448 2635 utique
3466 2607 3478 2629 ,
3505 2581 3605 2622 nec

2015 2647 2263 2702 eelabunt
2293 2668 2306 2704 :
2337 2663 2440 2703 non
2489 2649 2631 2705 enim
2681 2653 2874 2706 mortui
2905 2663 3062 2718 sunt,
3110 2653 3203 2708 sed
3233 2655 3419 2709 vivunt
3444 2667 3496 2710 et
3522 2658 3602 2710 lo-

2014 2747 2272 2809 quuntur.
2300 2740 2406 2796 Sed
2451 2756 2559 2797 non
2599 2741 2824 2797 attendit
2868 2744 3042 2798 anima
3081 2761 3140 2799 se
3170 2745 3304 2800 febri
3336 2747 3604 2807 detineri?

2016 2831 2098 2886 Ad
2129 2831 2180 2886 id
2213 2831 2358 2886 illam
2388 2841 2442 2887 tu
2465 2847 2616 2901 coge,
2647 2842 2701 2888 et
2728 2834 3093 2889 rationabilem
3130 2836 3246 2906 ejus
3274 2849 3476 2908 partem
3501 2855 3602 2892 ex-

2013 2924 2138 2980 cita.
2170 2922 2334 2980 induc
2382 2925 2702 2995 prophetas;
2733 2925 2815 2980 his
2861 2927 3082 2981 medicis
3123 2943 3229 2982 non
3274 2931 3602 2985 numeranda

2014 3016 2238 3086 pecunia
2279 3024 2363 3071 est
2390 3032 2404 3070 :
2436 3031 2610 3086 neque
2637 3017 2780 3072 enim
2826 3018 3158 3084 mercedem,
3187 3035 3360 3089 neque
3389 3020 3598 3091 impen-

2013 3120 2128 3161 sam
2154 3106 2374 3178 exigunt
2400 3107 2483 3162 vel
2509 3122 2608 3178 pro
2643 3123 2805 3177 opera
2835 3108 2916 3164 vel
2946 3124 3043 3178 pro
3081 3110 3332 3165 remediis
3360 3112 3495 3167 suis.
3544 3112 3601 3166 in

2016 3198 2391 3254 necessitatem
2421 3208 2598 3253 tamen
2631 3200 2884 3269 impensae
2911 3209 2963 3255 te
2989 3201 3312 3269 conjiciunt,
3339 3203 3431 3257 sed
3459 3203 3604 3260 eice.

2013 3303 2254 3363 mosynte
2279 3290 2599 3360 erogandae;
2632 3290 2684 3345 in
2705 3291 2914 3346 caeteris
2942 3301 3122 3346 autem
3149 3292 3216 3346 de
3241 3307 3341 3347 suo
3367 3295 3602 3366 largiun-

2014 3388 2101 3435 tur
2132 3395 2294 3438 :cum
2321 3381 2465 3437 enim
2513 3392 2565 3437 te
2607 3391 2966 3452 temperanter
3001 3399 3162 3454 agere
3203 3385 3431 3454 jubeut,
3458 3398 3510 3442 te
3535 3388 3602 3443 ab

2012 3474 2398 3544 intempestivis
2425 3483 2480 3537 et
2503 3475 2748 3536 absurdis
2775 3477 3027 3547 impensis
3068 3477 3327 3544 liberant;
3358 3495 3480 3534 cum
3511 3482 3599 3550 ju-

2012 3563 2141 3636 bent
2169 3563 2436 3634 abstinere
2465 3565 2532 3620 ab
2557 3566 2816 3622 ebrietate
2835 3609 2850 3632 ,
2882 3569 3268 3638 opulentiorem
3300 3581 3352 3625 te
3377 3571 3599 3627 faciunt.

2012 3658 2200 3716 Viden‘
2227 3660 2555 3726 medicorum
2578 3672 2745 3727 artem
2768 3704 2783 3730 ,
2807 3662 2896 3732 qui
2923 3677 3042 3717 eum
3065 3665 3294 3722 sanitate
3316 3667 3599 3734 pecuniam

2009 3751 2276 3808 alierum?
2319 3753 2510 3808 Asside
2554 3753 2712 3824 igitur
2749 3754 2882 3827 illis,
2925 3754 2994 3814 ab
3019 3755 3203 3826 eisque
3245 3757 3394 3812 disce
3425 3759 3598 3819 morbi

2011 3853 2280 3898 naturam.
2330 3843 2576 3916 Exempli
2615 3859 2810 3914 causa,
2856 3860 3005 3912 amas
3035 3846 3287 3918 pecunias
3326 3855 3382 3903 et
3419 3851 3599 3902 avari-

2013 3939 2173 4005 tiam,
2207 3949 2264 3994 ut
2289 3938 2654 3995 febricitantes
2671 3953 2864 4010 aquam
2892 3937 3171 4010 frigidam?
3196 3939 3333 3994 Audi
3360 3940 3486 4011 quid
3523 3941 3598 3995 illi

2009 4030 2216 4086 consilii
2247 4028 2493 4086 aderant.
2547 4029 2696 4098 Sicut
2735 4031 2878 4085 enim
2910 4029 3149 4094 medicus,
3175 4033 3339 4100 edicit
3366 4031 3461 4104 tibi
3496 4050 3512 4087 :
3544 4031 3602 4102 Si

2009 4121 2350 4191 cupiditatem
2394 4120 2672 4192 sequaris,
2708 4121 2941 4191 peribis,
2986 4131 3042 4191 et
3087 4123 3216 4177 illud
3262 4132 3423 4194 atque
3464 4123 3604 4183 illud

2011 4215 2134 4269 mali
2172 4213 2261 4269 tibi
2288 4214 2500 4270 eveniet
2529 4230 2542 4268 :
2573 4213 2650 4269 sic
2697 4221 2752 4268 et
2779 4214 2972 4274 Paulus
3001 4230 3014 4267 :
3045 4214 3146 4282 Qui
3188 4217 3344 4268 ditari
3385 4216 3599 4281 volunt,

2011 4305 2202 4374 inquit,
2233 4304 2463 4359 incidunt
2492 4305 2544 4358 in
2569 4308 2892 4359 tentattonem
2921 4315 2968 4358 et
2994 4292 3198 4377 laqueos
3227 4305 3418 4370 diaboli
3435 4349 3452 4373 ,
3479 4311 3605 4363 etin

2009 4396 2438 4466 concupiscentias
2465 4395 2648 4450 stultas
2689 4403 2736 4448 et
2771 4396 2950 4449 noxias
2970 4437 2984 4460 ,
3027 4411 3141 4466 qum
3181 4397 3231 4462 in
3285 4399 3604 4468 profundum

2009 4489 2239 4544 interitus
2267 4497 2315 4542 et
2341 4488 2634 4559 perditionis
2663 4487 2890 4542 homines
2916 4491 3235 4558 praecipitant
3264 4491 3335 4564 (l.
3371 4489 3508 4544 Tim.
3542 4493 3598 4546 6.

2009 4579 2086 4651 9).
2120 4578 2226 4636 Sed
2254 4579 2538 4649 impatiens
2577 4581 2672 4634 es?
2700 4579 2834 4636 Audi
2888 4581 3032 4634 illum
3072 4580 3343 4654 dicentem,
3373 4598 3387 4635 :
3416 4583 3602 4656 Adfuit,-

2009 4672 2293 4743 paululum,
2327 4682 2374 4726 et
2412 4672 2499 4744 qui
2532 4680 2764 4726 uenturus
2791 4681 2862 4725 est
2901 4673 3090 4735 veniet,
3129 4683 3175 4726 et
3229 4690 3330 4728 non
3380 4675 3608 4746 tardabit

2010 4763 2030 4834 (
2052 4763 2208 4818 Hebr.
2243 4763 2328 4819 i0.
2355 4761 2475 4836 57).
2498 4760 2748 4816 Dominus
2777 4779 2934 4832 prope
2957 4775 3031 4817 est
3057 4781 3076 4817 :
3108 4763 3238 4817 mln'l
3259 4764 3465 4819 solliciti
3489 4767 3604 4819 sitis

2009 4853 2269 4925 (Philipp.
2303 4855 2357 4909 ι.
2385 4853 2440 4910 5.
2472 4855 2550 4924 6).
2595 4853 2664 4909 Ει
2703 4869 2912 4909 rursum
2944 4872 2957 4909 :
2987 4853 3219 4909 Praeterit
3249 4857 3417 4927 ﬁgura
3445 4857 3611 4929 hujus

2010 4945 2185 5008 ’τηρηάὶ
2214 4945 2233 5017 (
2259 4946 2308 4999 l.
2337 4944 2457 5000 Cor.
2492 4946 2544 4999 7.
2576 4946 2689 5017 5i).
2720 4945 2834 5002 Non
2869 4947 3011 5000 enim
3062 4949 3305 5016 pratcipit
3353 4957 3560 5002 tantum
3580 4989 3596 5021 ι

2008 5037 2102 5093 sed
2128 5038 2288 5093 etiam
2313 5037 2621 5091 consolatur
2641 5048 2699 5091 ut
2725 5037 2981 5093 medicus.
3015 5045 3091 5094 Ac
3118 5041 3253 5093 sit-ut
3285 5040 3475 5095 medici
3501 5057 3596 5110 pn:

2010 5127 2214 5198 frigidis
2254 5127 2357 5180 alia
2387 5127 2631 5196 quaedam
2661 5129 2998 5198 excogitant,
3030 5130 3107 5184 sic
3135 5141 3188 5183 et
3221 5131 3320 5185 iste
3344 5135 3595 5202 Concupio

2010 5219 2267 5286 scentiam
2296 5218 2569 5287 transfert.
2603 5217 2694 5274 Vis
2715 5262 2729 5283 ,
2763 5221 2974 5289 inquit,
3004 5221 3309 5276 ditescere?
3352 5223 3410 5278 iu
3443 5224 3599 5280 bouis

2010 5310 2263 5380 operibus
2308 5309 2459 5382 dives
2486 5319 2622 5373 esto.
2657 5311 2747 5365 Vis
2792 5313 3069 5386 thesauros
3122 5314 3455 5378 recondere?
3481 5316 3598 5372 Non

2012 5418 2286 5480 repugno;
2308 5403 2399 5458 sed
2433 5403 2641 5477 incaelo
2672 5405 2924 5474 reconde.
2965 5407 3041 5476 Ac
3068 5407 3204 5465 sicut
3244 5409 3486 5464 medicus
3511 5409 3596 5467 di:

2011 5495 2113 5564 cit,
2153 5498 2301 5567 Aqua
2343 5495 2532 5566 frigida
2576 5507 2734 5554 nocet
2762 5499 3045 5564 dentibus,
3095 5501 3308 5566 nervis,
3339 5503 3550 5556 ossibus
3582 5524 3594 5558 :

2012 5599 2091 5649 Sic
2116 5597 2170 5641 et
2197 5587 2318 5650 ille;
2366 5587 2582 5643 brevius
2623 5588 2875 5658 quidem,
2927 5607 3046 5644 nam
3097 5591 3340 5648 brevitati
3386 5595 3596 5665 Studet,

2014 5675 2110 5730 sed
2138 5675 2336 5732 clarius
2361 5686 2416 5733 et
2441 5678 2670 5735 validius
2697 5696 2708 5731 :
2743 5679 2914 5754 Radix
2934 5721 2950 5745 ,
2983 5682 3184 5752 inquit,
3219 5687 3451 5740 omnium
3482 5705 3594 5740 ma-

2020 5766 2180 5832 lortnn
2197 5779 2270 5824 est
2291 5771 2504 5825 avaritia
2527 5770 2601 5848 (l.
2627 5771 2754 5833 Tim.
2783 5775 2833 5829 6.
2860 5775 2966 5846 l0).
2993 5776 3106 5846 Qun
3134 5779 3293 5849 igitur
3317 5779 3598 5836 utentium?

3966 541 4000 587 in

3980 4719 4000 4734 l.|

3963 4778 3992 4794 ’δ

3971 4803 4000 4816 ’ὰ

3955 4918 3964 4942 :

3975 4963 3978 4972 .

3948 5085 3992 5121 ζμ·

3948 5177 3967 5198 ζ·
3982 5181 4000 5200 ⁸.

3985 5201 4000 5214 ,.

3949 5254 3970 5266 ,,
3990 5250 4000 5258 .

3948 5261 4000 5300 ςξε

3953 5369 3972 5392 Ε

3993 5397 4000 5411 l

3993 5420 4000 5432 l

3959 5458 4000 5492 ἔτη

3981 5489 4000 5498 ι

3959 5530 3984 5542 .-

3957 5545 3983 5565 κ

3957 5605 4000 5643 -έτ
