4000 6206
335 269 438 327 (ἱεὶῦ

334 392 446 448 lloc
471 411 683 465 quoque
711 393 842 450 dicit
866 412 882 449 :
902 394 1245 461 Suflicientia,
1274 396 1508 450 avaritia:
1530 396 1668 458 loco;
1696 394 1918 463 Magnus

329 486 477 540 enim
500 498 717 556 quaestus
737 498 811 541 est
831 488 1122 558 sufﬁcientia
1144 503 1258 540 cum
1276 489 1457 556 pietate
1480 488 1498 557 (
1528 488 1576 540 1.
1600 485 1734 539 Tim.
1755 487 1806 539 6.
1835 486 1912 554 6).

329 578 484 643 Quod
514 579 556 630 si
577 593 718 647 a‘gre
749 578 905 644 feras,
941 590 991 632 et
1021 579 1168 647 plura
1195 578 1503 645 desideres,
1534 578 1757 631 necdum
1793 593 1914 646 posv-

328 669 406 722 sis
445 669 714 738 superflua
737 685 963 740 quaeque
1001 669 1264 738 abjieerc;
1311 670 1389 724 sic
1429 677 1774 736 :egrotantcnt
1804 683 1918 723 mo-

329 772 447 826 net,
477 762 746 832 quomodo
791 763 855 816 iis
899 763 968 818 sit
1007 763 1310 818 utendum:
1343 762 1409 816 Ut
1453 762 1540 832 qui
1580 762 1815 816 ltetantur
1865 761 1917 813 in

332 853 762 921 possessionibus,
797 855 923 907 sicut
956 870 1055 907 non
1095 854 1323 908 ltetantes
1349 855 1446 907 sint
1475 869 1494 908 :
1519 863 1564 906 et
1588 853 1672 922 qui
1697 851 1912 917 habent,

322 954 582 1013 tamquam
629 961 730 997 non
773 946 1073 1008 retinentes;
1099 953 1148 1000 et
1173 946 1264 1016 qui
1299 953 1508 998 utuntur
1550 945 1644 996 hoc
1691 942 1911 1005 mundo,

323 1046 584 1103 tamquam
633 1053 734 1089 non
775 1038 1024 1106 utantur(
1058 1038 1109 1091 1.
1142 1035 1261 1092 Cor.
1294 1038 1346 1090 7.
1377 1035 1465 1091 50.
1500 1036 1560 1089 51
1593 1035 1636 1105 ).
1671 1035 1913 1089 Vidistin'

323 1144 448 1198 qua:
475 1128 788 1198 praecipiat?
818 1127 909 1183 Vis
939 1129 1103 1183 alium
1145 1128 1392 1183 inducam
1443 1127 1745 1182 medicum?
1787 1126 1910 1180 Mihi

321 1229 470 1275 certe
499 1219 693 1290 placet.
725 1218 904 1290 Neque
929 1221 1071 1274 enim
1101 1229 1228 1273 sunt
1255 1219 1306 1272 hi
1333 1210 1552 1283 ntedici,
1589 1217 1805 1286 perinde
1832 1228 1910 1271 at-

321 1329 427 1382 que
456 1328 739 1382 corporum
768 1313 958 1367 medici
981 1355 995 1380 ,
1021 1313 1107 1384 qui
1141 1328 1284 1382 saepe
1314 1328 1426 1383 prze
1458 1311 1652 1366 invidia
1683 1327 1906 1366 concer-

320 1412 517 1468 tantcs,
540 1413 795 1472 aegrotum
823 1403 1188 1473 pessumdant.
1207 1402 1276 1457 At
1293 1418 1398 1457 non
1416 1403 1493 1458 sic
1509 1402 1611 1468 isti,
1631 1402 1720 1472 qui
1741 1417 1908 1472 :egro-

318 1512 439 1551 rum
469 1498 694 1552 salutem
738 1505 1010 1565 Spectant,
1039 1512 1140 1552 nec
1181 1496 1472 1550 ambitione
1513 1494 1798 1550 ducuntur.
1830 1495 1906 1550 Nc

317 1589 497 1660 itaque
523 1590 735 1643 illorum
770 1589 1163 1643 multitudinem
1207 1589 1463 1644 formides
1493 1607 1506 1642 :
1535 1605 1671 1645 unus
1702 1590 1753 1643 iu
1784 1603 1904 1644 om-

315 1681 472 1736 nibus
503 1681 737 1750 loquitur
763 1681 1012 1750 magister
1040 1680 1306 1736 Christus.

385 1774 441 1829 5.
484 1771 618 1828 Vide
648 1786 834 1827 rursus
860 1773 1149 1828 intrantem
1171 1772 1354 1838 alium,
1383 1781 1435 1827 et
1454 1771 1687 1841 graviter
1707 1772 1775 1828 de
1803 1772 1902 1828 hoc

313 1867 507 1919 morbo
545 1864 850 1934 loquentem
879 1905 894 1926 .
925 1865 1033 1918 into
1075 1865 1246 1934 ipsum
1278 1864 1421 1919 illius
1449 1879 1543 1919 ore
1569 1865 1894 1936 Magistrum.

313 1957 438 2012 Non
472 1959 677 2029 potestis
709 1960 841 2012 enim
867 1956 976 2013 Deo
1011 1959 1195 2013 servire
1238 1968 1281 2012 et
1309 1974 1557 2012 mamonae
1581 1959 1599 2027 (
1627 1958 1813 2013 Matth.
1845 1960 1896 2014 6.

305 2049 379 2104 21
409 2050 446 2118 ).
478 2049 672 2114 Etiam,
700 2049 928 2120 inquies,
955 2049 1048 2106 sed
1074 2047 1342 2119 quomodo
1376 2049 1488 2103 hate
1517 2050 1717 2104 erunt?
1747 2051 1896 2116 Quo~

308 2140 470 2194 modo
517 2141 1000 2210 concupiscentiam
1053 2141 1421 2210 deponentus?
1468 2140 1605 2195 ilinc
1656 2141 1897 2197 ediscere

307 2231 455 2286 licet.
489 2230 554 2285 Et
579 2230 849 2300 quomodo
876 2229 1178 2287 discemus?
1220 2229 1355 2285 Audi
1404 2230 1575 2299 ipsum
1617 2230 1720 2284 hoc
1756 2247 1893 2300 quo-

303 2338 414 2394 que
442 2323 706 2379 dicentem
733 2340 746 2376 :
780 2322 956 2377 Nolite
978 2322 1318 2376 thesaurizare
1365 2320 1501 2375 vobis
1549 2323 1811 2376 thesauros
1840 2323 1893 2376 in

301 2428 461 2484 terra,
490 2418 575 2472 ubi
600 2434 770 2489 trrugo
804 2427 850 2472 et
894 2419 1026 2471 tinea
1051 2416 1320 2470 demolitur
1339 2458 1354 2482 ,
1382 2425 1428 2468 et
1456 2415 1539 2469 ubi
1581 2418 1718 2486 fures
1760 2415 1890 2480 effo-

301 2511 450 2563 diunt
481 2519 528 2563 et
549 2509 787 2578 furantur
814 2508 832 2580 (
857 2507 1042 2561 Matth.
1077 2507 1130 2561 6.
1163 2504 1291 2577 19).
1328 2505 1513 2560 Viden’
1543 2504 1812 2574 quomodo
1838 2515 1892 2560 et

297 2616 327 2654 a
361 2601 480 2658 loco
499 2611 551 2657 et
575 2617 606 2656 a
630 2599 1032 2671 corruptoribus
1053 2598 1121 2654 ab
1142 2598 1241 2654 hac
1271 2608 1483 2654 terrena
1505 2598 1888 2667 concupiscen-

299 2695 375 2748 tia
403 2703 642 2759 avertat,
675 2703 730 2749 et
777 2693 920 2748 illaut
965 2691 1096 2748 czelo
1142 2690 1320 2762 afﬁgat
1343 2732 1358 2758 ,
1391 2691 1477 2746 ubi
1519 2699 1628 2744 tuta
1666 2691 1887 2745 omnia?

293 2784 354 2840 Si
383 2785 524 2839 enim
549 2826 565 2851 ,
594 2785 766 2854 inquit
785 2826 800 2849 ,
835 2784 926 2838 illo
953 2783 1164 2838 divitias
1196 2778 1529 2837 transferatis
1548 2821 1563 2846 ,
1593 2781 1679 2836 ttbi
1712 2796 1886 2850 neque

291 2891 496 2946 aerugo,
530 2892 702 2947 neque
725 2877 862 2931 tinea
893 2875 1176 2937 consumit,
1215 2873 1303 2928 ubi
1337 2876 1478 2929 fures
1503 2888 1604 2929 nec
1628 2873 1886 2928 ell'odiunt

293 2983 397 3024 nec
427 2967 669 3023 furantur
686 3011 701 3036 ,
725 2976 778 3024 et
804 2969 946 3024 hunc
972 2968 1247 3037 depelletis
1273 2967 1517 3022 morbum
1534 3008 1548 3028 ,
1576 2977 1629 3022 et
1653 2967 1881 3021 animam

291 3061 347 3114 itt
378 3059 651 3130 opulentia
699 3075 885 3130 magna
916 3058 1272 3114 constituatis.
1327 3057 1407 3111 Ad
1437 3058 1551 3112 ltrec
1573 3059 1879 3128 exemplum

288 3152 450 3208 aﬂ’ert
495 3168 601 3223 quo
656 3163 706 3207 te
754 3166 946 3221 sapere
997 3151 1202 3205 doceat.
1245 3150 1311 3204 Et
1359 3152 1495 3204 sicut
1532 3149 1770 3204 medicus
1827 3158 1884 3203 ut

287 3262 494 3317 a-grum
527 3255 724 3300 terreat
750 3244 915 3308 dicit,
945 3244 1037 3300 ille
1067 3243 1207 3314 quod
1240 3259 1373 3311 aqua
1405 3243 1589 3313 frigida
1617 3253 1876 3310 uteretur,
1921 3290 1924 3294 .

287 3336 493 3392 interiit
519 3355 533 3392 :
563 3337 640 3391 sic
667 3347 722 3391 et
751 3336 839 3390 ille
870 3335 1087 3390 divitem
1129 3333 1329 3388 inducit
1355 3349 1576 3404 (egrum,
1606 3335 1694 3404 qui
1721 3343 1774 3388 et
1798 3335 1879 3388 vi-

288 3437 401 3484 tam
429 3438 481 3485 et
505 3427 863 3483 valetudinem
908 3435 1126 3497 cuperet
1149 3468 1163 3493 ,
1191 3440 1288 3480 nec
1319 3425 1551 3495 potuerit
1580 3425 1832 3494 consequi
1860 3465 1874 3488 ,

287 3520 433 3593 quod
460 3520 694 3575 avaritim
720 3519 956 3574 studeret
980 3561 994 3581 ,
1024 3518 1117 3573 sed
1152 3519 1238 3587 qui
1271 3532 1466 3571 vacuus
1509 3516 1719 3571 abierit.
1752 3517 1878 3571 l‘ost

288 3611 436 3665 hunc
462 3611 587 3665 item
612 3610 773 3664 alium
805 3609 896 3662 tibi
927 3607 1080 3663 aliert
1109 3607 1242 3662 alius
1264 3607 1589 3676 evangelista
1615 3605 1762 3676 (Luc.
1787 3605 1874 3661 16.

286 3702 359 3759 Ἡ
382 3701 426 3772 ),
481 3703 709 3758 ﬂammis
735 3702 1011 3768 adustum,
1042 3702 1130 3772 qui
1166 3717 1233 3756 ne
1262 3701 1456 3756 stillam
1481 3700 1692 3771 quidem
1723 3715 1875 3769 aqua:

287 3793 533 3850 haberet.
575 3792 775 3850 Deinde
812 3793 1100 3848 ostendens
1146 3791 1318 3847 facilia
1347 3806 1466 3847 esse
1499 3801 1759 3862 prtecepta
1790 3791 1874 3845 di-

286 3886 404 3950 cit,
437 3885 689 3954 Respicite
714 3886 941 3940 volatilia
969 3887 1079 3940 ειειί
1109 3885 1336 3956 (Matth.
1367 3885 1418 3940 6.
1451 3883 1582 3955 26).
1617 3885 1748 3940 Cum
1777 3900 1874 3938 au-

288 3986 401 4034 tem
431 3976 706 4033 hominum
749 3977 1043 4033 infirmitati
1088 3994 1147 4032 se
1190 3985 1538 4045 attemperct,
1589 3991 1656 4032 ne
1684 3975 1875 4032 divites

287 4067 506 4139 quidem
536 4069 823 4138 deSperare
849 4070 998 4126 sinit.
1033 4069 1160 4138 Qua:
1184 4071 1323 4124 cnim
1350 4111 1364 4136 ,
1389 4070 1558 4141 inquit
1579 4111 1593 4135 ,
1623 4069 1763 4140 apud
1785 4073 1875 4124 ho-

290 4204 607 4219 —_

1254 275 1318 330 ΙΝ
1358 273 1757 332 ΜΑΤΤιιίΕυΜ
1802 271 2032 329 llOMlL.
2066 275 2274 333 LXXV.
2308 279 2379 334 al.
2421 280 2654 338 LXXVI.

3517 295 3620 352 (‘88

2032 395 2184 448 mines
2234 396 2564 466 impossibilia
2605 410 2754 468 sunt,
2803 402 3062 471 possibilia
3106 415 3224 458 sunt
3260 408 3399 476 apud
3449 408 3614 462 Deum

2030 491 2192 562 (Luc.
2225 494 2311 548 18.
2343 493 2409 548 27
2435 496 2476 565 ).
2511 497 2622 550 Etsi
2650 512 2878 568 namque
2905 498 3052 553 dives
3084 499 3158 552 sis
3181 543 3194 564 ,
3227 511 3399 565 potest
3426 512 3476 555 te
3500 519 3612 554 me.

2027 585 2177 638 dicus
2205 601 2412 641 curare.
2459 589 2640 658 Neque
2663 592 2803 644 enim
2835 591 3047 646 divitias
3077 594 3326 660 sustulit,
3351 595 3442 648 δρα
3471 606 3612 649 vetat

2026 689 2144 730 esse
2175 686 2225 731 te
2256 681 2598 746 pecuniarum
2651 697 2898 745 servum,
2946 692 3000 737 et
3029 684 3264 737 avaritia:
3313 686 3604 740 addictum.

2025 767 2305 835 Quomodo
2355 781 2529 837 potest
2562 787 2688 840 ergo
2719 773 2870 827 dives
2900 774 3078 827 salvus
3103 767 3258 830 esse?
3283 776 3336 831 Si
3370 777 3457 830 illa
3489 796 3608 846 qua:

2026 857 2261 927 possidet
2289 860 2392 913 sint
2419 863 2600 929 egenis
2628 864 2950 925 communia,
2985 865 3154 933 qttalis
3182 865 3282 920 Job
3307 879 3421 921 erat
3440 909 3453 931 ,
3485 880 3538 921 et
3564 869 3606 922 si

2024 950 2508 1017 concupiscentiam
2540 952 2765 1021 plurium
2795 969 3006 1022 semper
3049 955 3409 1010 habendarutn
3441 974 3599 1028 opum

2023 1041 2292 1106 eliminet,
2326 1052 2379 1096 et
2411 1060 2697 1113 numquam
2747 1049 3104 1102 necessarium
3156 1065 3306 1103 usum
3356 1051 3596 1105 excedat.

2023 1131 2141 1185 Post
2175 1133 2311 1187 ltuuc
2340 1136 2430 1189 tibi
2462 1136 2797 1204 publicanum
2825 1150 3085 1194 monstrat
3107 1182 3120 1208 ε
3145 1145 3232 1212 qui
3265 1143 3330 1196 ab
3359 1146 3595 1198 avaritiae

2021 1221 2166 1276 febre
2192 1225 2296 1277 cito
2328 1224 2583 1279 liberatus
2611 1236 2696 1280 est
2726 1226 2872 1292 (Luc.
2904 1229 2956 1283 5.
2987 1229 3077 1283 2⁸1.
3106 1234 3264 1301 sqq.).
3291 1234 3421 1299 Quis
3451 1237 3592 1288 enim

2019 1315 2298 1382 publicano
2341 1302 2468 1370 lucri
2515 1318 2796 1384 cupidior?
2837 1322 3088 1375 Attamen
3134 1337 3264 1390 opes
3309 1324 3593 1392 deposuit,

2016 1407 2134 1474 quia
2166 1407 2352 1461 medici
2385 1395 2590 1478 legibus
2615 1412 2808 1478 paruit.
2837 1411 2970 1466 Nam
3004 1413 3136 1466 tales
3163 1415 3320 1469 habet
3355 1415 3590 1483 discipu-

2015 1498 2094 1552 los
2117 1543 2130 1563 ,
2163 1501 2252 1570 qui
2286 1493 2470 1556 iisdem
2499 1543 2512 1566 ,
2545 1502 2738 1570 quibus
2779 1520 2908 1570 nos,
2957 1507 3156 1560 morbis
3196 1507 3589 1572 laboraverint,

2013 1600 2063 1645 et
2108 1593 2213 1645 cito
2263 1597 2543 1651 sanitatem
2589 1601 2980 1667 recuperarint.
3034 1599 3386 1670 SinguIOsque
3441 1603 3590 1654 nobis

2009 1687 2274 1753 ostendit,
2336 1703 2402 1743 ne
2446 1689 2810 1760 desperemus.
2845 1691 2975 1744 Vide
3018 1708 3145 1762 ergo
3187 1692 3324 1746 hunc
3353 1695 3586 1762 publica-

2009 1790 2155 1832 num.
2190 1777 2320 1832 Vide
2369 1795 2553 1834 rursus
2601 1781 2762 1835 alium
2811 1781 3102 1851 principem
3149 1784 3585 1851 publicanorum,

2007 1870 2096 1938 qui
2120 1871 2414 1941 quadruplo
2441 1874 2591 1942 plura
2617 1890 2773 1942 quam
2803 1885 3050 1944 rapuerat
3094 1891 3152 1930 se
3182 1876 3427 1930 daturum
3470 1877 3584 1945 pol—

2007 1960 2296 2026 licebatur,
2326 1973 2375 2017 et
2405 1964 2683 2019 ditttidium
2714 1967 2972 2022 bonorum
3002 1982 3220 2021 suorum
3245 2010 3258 2033 ,
3296 1979 3351 2022 ut
3376 1969 3585 2039 excipe-

2005 2059 2086 2106 ret
2112 2051 2291 2106 Jesum
2326 2053 2476 2124 (Luc.
2513 2056 2598 2110 19.
2623 2055 2698 2125 8).
2725 2057 2828 2112 Sed
2866 2067 2919 2110 tu
2953 2057 3238 2111 admodum
3289 2059 3457 2112 [ει-νας
3489 2075 3584 2127 pe-

2001 2142 2278 2196 cuniarum
2309 2146 2526 2199 amore?
2573 2146 2702 2213 Quae
2745 2147 2982 2201 omnium
3034 2156 3158 2202 sunt
3184 2148 3336 2218 quasi
3368 2158 3453 2202 tua
3483 2149 3581 2202 ha-

2004 2232 2146 2287 beto.
2178 2234 2310 2288 Nam
2361 2237 2544 2305 plura,
2595 2252 2752 2307 quam
2799 2239 3030 2306 quzeris,
3079 2239 3150 2292 do
3189 2240 3318 2304 tibi,
3365 2239 3534 2309 inquit
3563 2282 3575 2302 ,

2000 2325 2123 2380 dum
2176 2326 2396 2381 divitum
2449 2331 2722 2394 omnium,
2770 2332 2856 2400 qui
2908 2347 3003 2400 per
3039 2331 3222 2387 orbem
3271 2341 3432 2394 sunt,
3486 2333 3578 2386 tibi

1996 2415 2184 2474 domos
2212 2420 2410 2487 aperio.
2438 2419 2564 2474 Nam
2595 2421 2694 2486 Qui
2721 2422 2974 2491 reliquerit
3001 2433 3212 2493 patrem,
3233 2434 3318 2476 aut
3343 2433 3574 2485 matrem,

1996 2517 2082 2562 aut
2102 2525 2251 2578 agros
2269 2551 2282 2572 ,
2310 2519 2394 2562 aut
2425 2511 2628 2564 douttutt
2651 2555 2665 2577 ,
2695 2514 2980 2583 centuplum
3010 2515 3220 2584 accipiet
3247 2513 3460 2582 (Matth.
3489 2516 3572 2568 19.

1993 2600 2063 2655 29
2085 2601 2124 2670 ).
2157 2601 2228 2655 Ita
2265 2618 2369 2656 non
2399 2603 2634 2673 pluribus
2665 2612 2866 2658 tantum
2899 2607 3117 2670 frueris,
3153 2606 3246 2661 sed
3278 2617 3330 2660 et
3360 2622 3572 2674 gravem
3601 2673 3604 2676 ξ

1993 2693 2130 2748 hanc
2159 2693 2301 2748 sitim
2333 2694 2552 2750 omnino
2580 2695 2879 2766 restinguas
2899 2739 2914 2762 ,
2947 2707 2995 2750 et
3025 2698 3203 2751 omnia
3248 2696 3402 2752 facile
3433 2698 3572 2751 feres

1991 2799 2110 2838 cum
2139 2799 2245 2838 non
2278 2784 2438 2839 modo
2468 2785 2621 2856 plura
2653 2801 2759 2840 non
2787 2786 3064 2842 desideres
3085 2829 3100 2852 ,
3129 2787 3223 2842 sed
3273 2802 3337 2842 ne
3356 2788 3570 2858 quidem

1989 2874 2292 2929 necessaria
2324 2890 2485 2943 smpe.
2511 2875 2601 2930 Sic
2628 2875 2819 2930 Paulus
2839 2877 3026 2931 csuriit
3044 2919 3058 2943 ,
3089 2886 3144 2932 et
3177 2879 3343 2947 magis
3370 2879 3537 2947 gloria
3557 2907 3570 2916 -

1990 2963 2163 3027 batur,
2195 2980 2351 3033 quam
2385 2983 2503 3019 cum
2531 2967 2835 3021 coutedcret
2865 2968 2883 3036 (
2909 2966 3135 3037 Philipp.
3160 2969 3209 3022 4.
3242 2970 3332 3038 11)
3363 2985 3375 3019 :
3405 2969 3568 3037 siqui-

1987 3056 2107 3110 dctn
2139 3067 2192 3110 et
2219 3057 2414 3111 athleta
2443 3058 2530 3127 qtti
2563 3067 2836 3112 conecrtat
2863 3069 2914 3112 et
2940 3070 3225 3112 c0ronatur
3245 3101 3258 3122 ,
3287 3075 3390 3113 ttott
3420 3076 3568 3128 qua:-

1987 3149 2056 3202 t'it
2087 3149 2251 3203 otium
2285 3158 2338 3202 et
2377 3150 2642 3218 quietem;
2691 3151 2771 3204 vel
2820 3160 3123 3216 mercator,
3170 3151 3257 3219 qui
3305 3153 3566 3205 marinum

1985 3241 2389 3294 mercimonium
2412 3248 2494 3294 est
2516 3255 2819 3312 aggressus,
2855 3255 2958 3293 non
2987 3241 3174 3310 quaerit
3213 3241 3378 3295 otium
3417 3241 3566 3296 dein~

1983 3346 2128 3400 ceps.
2161 3332 2226 3385 Et
2259 3345 2355 3386 nos
2390 3331 2582 3400 igitur,
2618 3332 2659 3384 si
2691 3331 2997 3400 spirituales
3037 3330 3240 3385 fructus
3271 3342 3326 3384 ttt
3356 3342 3568 3400 oportet

1983 3431 2254 3494 gustemus
2278 3463 2292 3487 ,
2327 3431 2453 3476 tunc
2482 3423 2765 3492 praesentia
2797 3422 2974 3475 omnia
3017 3437 3113 3491 pro
3155 3421 3320 3476 niltilo
3342 3421 3564 3476 habebi-

1983 3530 2121 3576 ntus,
2149 3513 2443 3568 futurorum
2467 3512 2756 3581 cupiditate
2783 3529 2878 3567 ceu
2907 3513 3135 3583 quadam
3163 3514 3361 3583 Optima
3387 3515 3562 3569 ebrie-

1984 3614 2091 3664 tate
2113 3607 2271 3675 capti.
2303 3606 2589 3661 Gustentus
2613 3605 2794 3675 igitur,
2821 3616 2876 3659 ut
2905 3621 2932 3658 a
2968 3611 3190 3659 tumultu
3221 3609 3561 3675 praesentiunt

1983 3701 2309 3760 liberemur.
2360 3712 2413 3755 et
2461 3698 2632 3753 futura
2675 3714 3067 3768 consequantur
3110 3700 3463 3769 lt0na,‘gratia
3509 3712 3566 3756 et

1982 3791 2309 3863 benignitate
2340 3790 2548 3844 Domini
2595 3789 2766 3844 nostri
2792 3789 2917 3843 Jesu
2945 3789 3142 3842 Christi
3164 3829 3178 3853 ,
3203 3791 3287 3843 cui
3318 3791 3484 3858 gloria
3510 3799 3565 3844 et

1982 3885 2264 3955 imperium
2283 3927 2296 3950 ,
2325 3899 2467 3938 nunc
2492 3891 2547 3938 et
2572 3897 2804 3952 semper,
2829 3892 2884 3937 et
2912 3881 2962 3936 itt
2991 3882 3182 3937 smcula
3217 3882 3555 3937 steculorunt.

1981 3980 2170 4034 Amen.

1405 4276 1749 4338 HOMILIA
1796 4275 2051 4335 LXXV.
2100 4275 2185 4336 al.
2231 4275 2519 4336 LXXVI.

287 4417 420 4474 Car.
449 4419 541 4474 21.
567 4435 621 4474 v.
654 4421 707 4475 1.
756 4419 822 4474 Et
877 4436 1100 4491 egressus
1146 4418 1298 4473 Jestts
1343 4419 1406 4473 de
1447 4419 1663 4488 templo,
1693 4418 1871 4472 ambu-

363 4513 518 4567 labat.
549 4511 614 4567 Et
637 4525 950 4569 accesserunt
992 4515 1058 4567 ad
1101 4530 1213 4567 eum
1230 4513 1468 4582 discipuli
1484 4515 1610 4582 ejus,
1635 4523 1688 4566 ut
1710 4523 1875 4568 osten-

360 4606 535 4659 tierent
555 4605 602 4658 ei
621 4607 980 4675 wdi/icationes
1023 4607 1216 4676 templi.
1245 4605 1301 4660 2.
1333 4605 1435 4660 Ille
1476 4617 1643 4660 autem
1667 4622 1874 4674 respou-

365 4698 490 4752 dens
508 4697 636 4752 dixit
661 4699 733 4752 eis
755 4713 774 4752 :
799 4697 984 4751 Nonne
1008 4698 1185 4751 videtis
1213 4699 1318 4750 lucc
1343 4697 1551 4750 omnia?
1575 4696 1733 4750 Amen
1760 4697 1873 4750 dico

361 4789 534 4856 vobis,
583 4805 684 4843 non
719 4790 1028 4859 relinquetur
1053 4790 1136 4843 hic
1165 4789 1295 4860 lapis
1326 4805 1478 4858 super
1519 4789 1760 4860 lapidem,
1789 4789 1872 4860 qui

360 4899 463 4937 non
490 4883 798 4937 destruatur.

363 4976 419 5029 1.
458 4973 722 5042 Quoniam
753 4974 998 5044 superius
1023 4973 1158 5028 dixit
1189 4989 1202 5028 :
1231 4973 1561 5045 Relinquetur
1594 4975 1772 5027 domus
1794 4989 1876 5027 ve-

287 5077 395 5122 stra
425 5066 647 5132 deserta,
691 5076 746 5121 et
789 5066 1066 5121 innumera
1110 5067 1239 5137 ipsis
1277 5067 1414 5122 mala
1465 5061 1871 5136 praenuntiavit;

290 5159 416 5213 hinc
447 5157 692 5227 discipuli
727 5157 811 5214 bis
839 5159 1052 5226 auditis,
1081 5174 1177 5214 ceu
1203 5158 1530 5214 admirantes
1555 5159 1735 5229 templi
1768 5159 1872 5228 pul-

290 5251 651 5307 chritudinem
684 5251 1052 5306 monstrabant
1081 5251 1152 5318 ei,
1179 5262 1232 5307 et
1261 5253 1589 5323 ambigentes
1612 5268 1736 5307 nttm
1768 5260 1873 5306 tam

289 5346 503 5418 egregia
534 5343 754 5398 :edilicia
779 5344 1098 5399 destruenda
1120 5344 1313 5411 forent,
1345 5355 1451 5400 tam
1486 5346 1670 5416 ingens
1701 5353 1873 5400 mate-

294 5440 393 5500 ria,
428 5447 535 5491 tant
570 5435 833 5491 ineffabile
868 5437 1152 5491 artiﬁcium
1183 5454 1196 5490 :
1231 5451 1334 5492 non
1367 5437 1504 5492 ultra
1545 5435 1611 5491 de
1633 5435 1878 5491 vastitate

295 5529 553 5599 loquitur,
606 5527 698 5582 sed
743 5527 1010 5582 excidium
1057 5538 1112 5583 et
1163 5527 1580 5583 destructionem
1619 5527 1876 5598 praedicit.

297 5619 484 5675 Nonne
502 5621 680 5675 ridetis
697 5626 802 5676 lucc
827 5631 1016 5690 omnia,
1041 5621 1228 5692 inquit,
1257 5631 1310 5677 et
1330 5621 1596 5677 miramini
1622 5629 1779 5693 atque
1796 5621 1884 5677 ob-

294 5713 633 5783 sutpescitis?
660 5711 776 5770 Non
793 5714 1006 5769 manebit
1027 5714 1155 5786 lapis
1175 5731 1327 5788 super
1341 5715 1580 5787 lapidem.
1598 5715 1876 5785 Quomodo

1982 4421 2139 4491 igitur
2163 4421 2378 4482 mansit,
2423 4421 2647 4490 inquies,
2690 4428 2742 4475 et
2768 4420 2894 4490 quid
2923 4420 3024 4475 hoc
3061 4419 3160 4474 sibi
3213 4420 3362 4474 vult?
3385 4417 3564 4485 Neque

1981 4519 2122 4568 enim
2154 4515 2223 4567 ita
2250 4513 2444 4567 cecidit
2489 4513 2573 4566 illa
2615 4513 2900 4566 sententia.
2948 4512 3039 4566 \‘el
3084 4509 3443 4564 omnimodant
3472 4509 3564 4560 do-

1981 4605 2297 4660 solationcm
2325 4603 2598 4669 declarat;
2628 4605 2708 4659 vel
2729 4604 2797 4659 de
2825 4604 2916 4657 illo
2954 4612 3152 4657 tatttum
3185 4602 3302 4655 loco
3327 4601 3473 4666 dicit,
3511 4601 3560 4653 in

1980 4716 2085 4770 quo
2108 4699 2218 4768 ipse
2244 4698 2436 4752 stabat.
2467 4697 2601 4752 Sunt
2631 4697 2770 4753 enim
2802 4697 3044 4766 qtuedam
3089 4694 3268 4762 templi
3299 4702 3475 4761 partes
3497 4690 3562 4743 ad

1982 4792 2118 4845 hanc
2147 4806 2313 4860 usque
2329 4789 2469 4844 diem
2503 4790 2709 4858 penitus
2723 4788 2912 4842 deleta,-
2932 4803 3094 4855 nSque
3111 4786 3175 4838 ad
3201 4783 3560 4838 fundamenta.

1982 4883 2060 4938 Ad
2085 4883 2200 4937 lucc
2224 4898 2351 4938 vero
2377 4899 2440 4936 cx
2463 4881 2626 4952 gestis
2654 4881 2909 4935 hactenus
2941 4880 3016 4932 Vt‘i
3050 4878 3412 4932 contentiosos
3442 4892 3562 4930 cre-

1981 4974 2111 5030 dere
2156 4983 2389 5044 oportet,
2436 4973 2579 5043 ipsas
2609 4973 2859 5041 reliquias
2897 4987 3016 5026 csse
3065 4971 3345 5040 perituras.
3375 4969 3428 5022 5.
3464 4968 3563 5021 Se-

1982 5067 2128 5120 dente
2154 5076 2322 5120 autem
2348 5067 2458 5133 ipso
2505 5065 2558 5118 in
2605 5063 2780 5116 Monte
2819 5063 3101 5127 olivarum,
3147 5068 3460 5114 accesserunt
3497 5059 3563 5110 ad

1983 5175 2094 5212 eum
2121 5157 2360 5228 discipuli
2380 5165 2570 5209 secreto
2597 5154 2817 5207 dicentes
2841 5169 2858 5206 :
2892 5152 2983 5206 Dic
3016 5152 3155 5206 nobis
3176 5195 3188 5216 ,
3225 5153 3427 5222 quando
3456 5151 3563 5203 ha’c

1982 5248 2166 5302 erunt?
2187 5258 2229 5300 et
2261 5247 2395 5317 quod
2422 5247 2623 5317 signum
2645 5245 2888 5298 adventus
2916 5243 2990 5296 tui
3034 5254 3080 5296 et
3121 5241 3562 5295 consummationis

1987 5340 2199 5394 siccati?
2228 5338 2349 5393 Ideo
2369 5345 2986 5400 scorsumacccsserunt,
3015 5334 3152 5404 quod
3172 5335 3236 5387 de
3262 5333 3564 5402 hujusmmli

1988 5433 2148 5488 rebus
2197 5429 2572 5500 interrogaturi
2624 5439 2822 5484 essent.
2880 5427 3180 5482 Admodum
3231 5429 3372 5482 enim
3422 5426 3562 5481 diem

1989 5527 2128 5581 illaut
2153 5525 2412 5578 adventus
2437 5521 2553 5592 ejus
2573 5521 2811 5576 ediscere
2836 5520 3118 5590 cupiebant
3143 5562 3156 5584 ,
3188 5517 3327 5585 quod
3359 5533 3564 5571 summe

1987 5615 2353 5674 desiderarent
2373 5615 2594 5685 gloriam
2631 5613 2772 5667 illam
2805 5611 2985 5667 videre
3006 5654 3020 5679 ,
3048 5628 3164 5681 qua:
3194 5619 3270 5663 tot
3301 5611 3562 5662 ltOIlOt'tlltl

1989 5723 2145 5764 causa
2170 5707 2341 5762 futura
2369 5715 2530 5763 esset.
2554 5706 2675 5762 llaec
2702 5716 2877 5762 autem
2907 5704 3010 5760 duo
3031 5703 3379 5773 interrogant,
3412 5715 3576 5772 quan-
