4000 6206
455 326 554 385 681

451 443 644 497 dottam
679 444 790 496 luce
814 443 986 495 futura
1015 451 1214 506 essent,
1240 439 1420 509 templi
1451 452 1640 507 nempe
1668 435 1950 499 desolatio,
1973 440 2028 488 et

449 535 588 603 quod
611 535 816 602 signum
856 534 1117 588 adventus
1161 534 1276 601 ejus
1304 531 1460 586 foret.
1493 530 1663 584 Lucas
1685 526 1833 598 (Cap.
1857 528 1948 582 9.1.
1975 525 2029 598 7)

450 642 574 679 vero
615 641 772 680 unam
803 626 965 679 fuisse
995 625 1460 694 interrogationem
1482 623 1636 677 aitde
1661 621 2028 692 .lerosolymis,

447 716 586 786 quod
635 726 877 784 putarent
921 717 1019 785 ipsi
1061 725 1184 770 tunc
1229 715 1344 784 ejus
1383 714 1667 768 adventum
1713 712 1844 767 fore.
1890 713 2023 766 Mar-

447 822 543 860 cus
585 807 753 880 (Cap.
788 809 874 862 15.
915 807 988 878 4)
1029 815 1206 861 autem
1259 821 1363 861 non
1411 805 1540 860 dicit
1582 818 1769 860 omnes
1807 806 2030 856 interro-

445 912 602 968 gasse
643 898 710 953 de
754 897 1209 968 Jerosolymorum
1252 898 1549 959 eversione,
1583 897 1676 951 sed
1724 899 1932 950 Potrum
1973 905 2028 950 et

447 986 725 1052 Joannem,
743 989 828 1056 qui
857 988 1112 1057 majorem
1143 988 1398 1042 baberent
1421 988 1685 1041 tidnciam.
1709 988 1843 1055 Quid
1873 989 2029 1056 igitur

449 1078 608 1149 ipse?
635 1079 688 1133 4.
730 1077 902 1132 Videte
936 1096 998 1134 ne
1033 1081 1144 1149 quis
1190 1097 1276 1133 ros
1317 1079 1544 1132 sedarat.
1587 1081 1640 1133 5.
1694 1078 1839 1131 Multi
1895 1080 2026 1132 enim

448 1172 640 1223 uenient
667 1170 718 1222 in
747 1171 948 1224 nomine
968 1187 1095 1232 meo,
1129 1169 1348 1223 dicentes
1381 1167 1532 1239 :Ego
1563 1186 1673 1220 sum
1695 1168 1948 1223 Christus.
1980 1179 2027 1219 et

448 1263 635 1313 multos
662 1260 918 1315 sedarent.
951 1261 1003 1316 6.
1032 1261 1267 1313 Audituri
1311 1261 1440 1313 enim
1478 1259 1594 1312 estis
1619 1260 1797 1328 prtelia
1835 1269 1880 1311 et
1913 1259 2026 1326 api-

449 1352 622 1406 niones
653 1352 962 1423 prteliorum.
1006 1351 1182 1405 Videte
1210 1368 1271 1404 ne
1317 1350 1582 1404 turbemini
1610 1366 1628 1404 .'
1655 1359 1850 1419 oportet
1893 1351 2026 1403 enim

450 1443 558 1497 lucc
601 1444 731 1511 ﬁeri,
765 1444 852 1498 sed
890 1443 1113 1496 nondum
1144 1452 1214 1496 est
1243 1443 1379 1510 ﬁnis.
1409 1442 1541 1508 Quia
1573 1442 1713 1496 enim
1742 1443 1811 1495 ita
1851 1441 2024 1494 allecti

449 1543 619 1598 erant,
649 1546 704 1588 ut
727 1535 1038 1604 supplicium
1066 1534 1413 1604 Jerosolyma:
1442 1532 1770 1587 inferendum
1793 1533 2022 1586 alienum

447 1641 479 1680 a
508 1642 565 1680 se
591 1642 709 1681 esse
739 1637 1002 1695 putarent,
1030 1636 1084 1680 et
1108 1625 1258 1695 quasi
1287 1625 1384 1693 ipsi
1415 1634 1568 1678 extra
1595 1625 1848 1678 tumultus
1868 1624 2024 1677 futuri

448 1729 644 1783 essent,
689 1719 754 1772 de
785 1719 1052 1788 prosperis
1082 1719 1253 1770 solum
1299 1715 1634 1784 cogitabant,
1679 1731 1799 1784 qua:
1847 1715 2024 1768 omnia

446 1812 554 1865 cito
581 1820 830 1865 eventura
873 1824 994 1865 esse
1036 1808 1435 1880 exspectabant.
1469 1805 1593 1862 ldeo
1638 1806 1766 1876 ipsis
1815 1821 2023 1859 rursum

444 1903 620 1971 gravia
655 1903 993 1971 prmnuntiat,
1027 1900 1284 1955 sollicitos
1313 1897 1542 1954 reddens
1565 1939 1581 1964 ,
1623 1907 1677 1952 et
1720 1897 1914 1966 duplici
1957 1897 2024 1951 de

445 2009 601 2047 causa
632 1994 848 2063 vigilare
871 1993 1084 2062 iubens,
1114 2002 1170 2046 ut
1204 2007 1377 2061 neque
1397 2006 1427 2043 a
1455 1990 1659 2044 fallacia
1685 1989 2022 2043 seducloruttt

445 2085 976 2149 circtnnvenireutun,
1004 2099 1174 2153 neque
1203 2099 1268 2136 ex
1295 2083 1344 2135 vi
1376 2082 1732 2152 ingruentium
1765 2083 2022 2135 malorum

446 2178 818 2232 obruerentur.
865 2177 1098 2245 Duplex,
1133 2177 1334 2246 inquit,
1362 2175 1562 2230 bellum
1606 2176 1704 2230 erit
1727 2218 1741 2239 ,
1776 2175 2022 2228 seducto-

448 2286 562 2324 rum
607 2280 659 2324 et
699 2269 1062 2334 inimicorum;
1091 2267 1182 2323 sed
1237 2268 1382 2336 prius
1435 2267 1601 2322 multo
1644 2273 1856 2336 gravius
1901 2266 2019 2328 erit,

447 2369 628 2431 utpote
666 2361 807 2432 quod
848 2362 1057 2416 eveniat
1084 2361 1134 2414 in
1174 2360 1486 2415 confusione
1525 2372 1577 2414 et
1628 2361 2022 2428 perturbatione

445 2469 644 2518 rerum,
693 2453 997 2508 hominibus
1049 2454 1345 2523 perterritis
1392 2463 1551 2522 atque
1598 2453 1838 2506 turbatis.
1891 2453 2018 2506 Non

445 2555 567 2597 tunc
595 2543 755 2596 multa
781 2552 1064 2613 tempestas
1082 2542 1256 2598 futura
1285 2542 1688 2608 erat,Romanis
1715 2544 2020 2612 imperanti-

444 2635 562 2701 bus,
591 2637 759 2704 captis
788 2637 1024 2701 urbibus,
1067 2638 1348 2691 commotis
1376 2637 1696 2691 exercitibus
1731 2646 1785 2692 et
1835 2639 2016 2702 armis,

444 2727 731 2796 multisque
777 2728 928 2782 facile.
971 2728 1373 2782 credentibus‘.
1423 2727 1565 2782 Bella
1596 2743 1721 2783 vero
1745 2728 2019 2800 Jerosoly-

443 2817 638 2870 mitana
671 2817 817 2882 dicit,
863 2835 965 2871 non
1011 2828 1184 2872 autent
1229 2828 1477 2874 extranea
1514 2819 1616 2872 alia
1669 2820 1860 2889 ubique
1909 2833 2018 2874 ter-

444 2923 621 2961 rarum
651 2917 764 2961 orta
805 2925 817 2959 :
861 2909 985 2977 quid
1017 2910 1155 2962 enim
1190 2909 1268 2962 eis
1297 2925 1440 2963 cura:
1467 2910 1533 2964 de
1569 2912 1671 2964 illis
1697 2913 1848 2965 erat?
1877 2913 2020 2966 Alio-

440 2997 567 3067 quin
600 2995 727 3049 nihil
767 2998 1143 3052 novidicturns
1185 3009 1332 3061 erat,
1359 2999 1402 3052 si
1432 3001 1567 3054 mala
1603 3001 1748 3056 orbis
1773 3001 2015 3069 dixisset,

440 3106 558 3158 qua:
584 3107 792 3158 semper
819 3092 1033 3146 evenire
1051 3092 1241 3145 solent.
1276 3092 1408 3146 Nam
1435 3102 1488 3146 et
1514 3100 1668 3147 antea
1698 3093 1835 3148 bella
1862 3106 2017 3148 erant

442 3183 696 3236 tumultus
719 3193 768 3237 et
794 3184 968 3252 pra-lia
1002 3202 1015 3238 :
1043 3201 1222 3238 verum
1241 3185 1458 3240 Iudaica
1489 3183 1626 3240 bella
1655 3201 1759 3240 non
1790 3186 1879 3240 diu
1899 3197 2018 3255 post

440 3287 658 3329 ventura
691 3277 1009 3344 prwnuntiat
1042 3276 1187 3346 :jam
1228 3277 1369 3332 enim
1400 3277 1465 3332 de
1497 3277 1640 3332 bello
1669 3293 1788 3332 cum
1821 3279 2014 3332 Ruina-

441 3367 522 3420 nis
555 3367 766 3420 solliciti
795 3378 968 3421 erant.
1007 3369 1268 3433 Quoniam
1303 3369 1460 3438 igitur
1490 3369 1603 3422 bare
1632 3368 1750 3423 illos
1801 3371 2016 3424 turbare

441 3467 720 3527 poterant,
753 3458 866 3512 lucc
893 3459 1067 3513 omnia
1097 3459 1357 3529 praedicit.
1403 3459 1600 3515 Deinde
1631 3461 1932 3529 siguilicans
1959 3475 2015 3515 se

437 3568 648 3621 quoque
673 3553 887 3607 Judznos
925 3569 1296 3623 aggressurum
1324 3593 1340 3619 ,
1371 3562 1425 3608 et
1450 3565 1633 3608 contra
1663 3554 1779 3607 illos
1817 3569 2017 3624 pugna—

439 3655 613 3699 turum
644 3663 783 3712 esse,
811 3662 912 3701 non
947 3663 1146 3717 pugnas
1169 3648 1343 3702 solum
1365 3657 1627 3702 memorat
1645 3688 1660 3710 ,
1692 3649 1786 3702 sed
1809 3657 1861 3703 et
1883 3649 2016 3706 divi-

439 3738 578 3792 nitus
625 3738 888 3791 immissas
929 3739 1128 3808 plagas,
1178 3737 1392 3802 famem,
1455 3739 1802 3808 pestilentias,
1858 3750 2013 3795 terra:

437 3841 631 3892 motus,
664 3831 948 3887 ostendens
973 3847 1032 3886 se
1061 3841 1113 3885 et
1143 3832 1383 3887 inimicos
1409 3831 1657 3888 invadere
1678 3833 1886 3898 sivisse,
1921 3849 2015 3888 nc-

435 3939 538 3993 que
569 3924 679 3976 lucc
713 3934 909 3978 temore
941 3923 1382 3988 fieri,secundum
1411 3933 1720 3978 consuetum
1744 3923 1880 3993 apud
1913 3924 2012 3978 lto-

437 4013 610 4068 mines
639 4031 862 4079 rnorem,
895 4015 988 4068 sed
1017 4030 1078 4068 ex
1107 4013 1284 4067 divina
1309 4013 1406 4066 ira.
1439 4013 1560 4066 ltleo
1590 4012 1704 4067 h:cc
1745 4029 1854 4067 non
1884 4029 2008 4066 casu

439 4108 550 4162 fieri
574 4108 721 4171 dicit,
763 4122 934 4176 neque
958 4116 1175 4174 repente
1198 4148 1213 4172 ,
1259 4105 1352 4160 sed
1389 4113 1508 4174 post
1547 4105 1685 4158 edita
1733 4107 1904 4175 signa.
1936 4106 2012 4160 Ne

434 4202 673 4254 dicerent
697 4201 837 4253 enim
867 4197 1058 4262 Judzei,
1091 4213 1204 4264 eos,
1235 4197 1323 4267 qui
1351 4207 1473 4250 tunc
1499 4197 1807 4261 credebant,
1843 4200 2007 4251 malo-

435 4310 550 4347 rum
593 4307 710 4348 esse
761 4306 997 4356 causam,
1047 4291 1165 4346 ideo
1213 4304 1426 4344 causam
1474 4289 1601 4343 illati
1649 4290 1770 4343 mali
1801 4291 2010 4360 aperit:

433 4388 589 4439 Amen
613 4388 807 4456 quippe
845 4388 956 4439 dico
987 4386 1140 4451 vobis,
1181 4395 1336 4441 antea
1387 4385 1613 4452 dixerat,
1655 4387 1774 4451 quia
1818 4387 2010 4440 venient

433 4479 540 4532 ha'c
560 4480 728 4532 etruria
751 4497 900 4546 super
917 4480 1286 4550 generationem
1310 4480 1458 4531 istam
1485 4479 1501 4549 (
1532 4476 1718 4531 Matth.
1748 4478 1833 4531 25.
1871 4478 1940 4532 56
1967 4479 2007 4548 ).

431 4571 630 4626 cmdeni
677 4571 742 4624 ab
773 4571 900 4640 ipsis
952 4580 1304 4640 perpetratam
1351 4585 1672 4625 memorans.
1706 4569 1904 4624 Deinde
1947 4585 2010 4625 ne

432 4667 612 4722 audito
649 4675 726 4720 tot
755 4667 1014 4720 malorum
1063 4667 1276 4719 incursu
1305 4674 1549 4734 putarent
1577 4663 2008 4730 praedicationem

433 4757 853 4813 labefactandam
876 4773 1014 4821 esse,
1063 4757 1377 4826 subjunxit:
1419 4753 1590 4809 l'idete
1614 4755 1961 4809 ueturbemini
1991 4770 2008 4807 :

431 4860 624 4920 oportet
651 4849 780 4902 enim
808 4847 914 4901 hare
938 4850 1048 4916 ﬁeri
1076 4860 1096 4902 :
1124 4847 1173 4901 id
1216 4855 1327 4909 est,
1380 4861 1498 4916 qua:
1534 4861 1634 4915 ego
1680 4845 1920 4914 pra-disi,
1949 4859 2010 4897 ac

432 4943 782 4996 tentationunt
812 4942 1053 4994 incursus
1085 4953 1171 4994 res
1214 4953 1244 4993 a
1289 4955 1373 4992 tne
1404 4939 1683 5007 przedictas
1709 4951 1811 4991 non
1843 4937 2008 4988 inter-

432 5035 705 5090 turbabit:
737 5034 829 5089 sed
858 5035 958 5088 erit
997 5033 1211 5103 quidem
1255 5033 1507 5086 tumultus
1552 5041 1605 5085 et
1659 5029 2002 5099 perturbatio,

429 5144 546 5195 qua:
574 5125 785 5180 oracula
815 5141 928 5180 mea
974 5140 1076 5178 non
1106 5127 1364 5195 quatiant.
1415 5120 1618 5177 Deinde
1664 5120 1783 5190 quia
1812 5119 2010 5172 Judasis

427 5219 638 5272 dixerat
667 5231 680 5271 :
717 5216 834 5271 Non
863 5235 938 5270 nte
963 5218 1188 5271 videbitis
1209 5217 1391 5269 antodo
1431 5216 1587 5269 donec
1613 5215 1811 5277 dicatis,
1843 5213 2006 5265 Bene-

429 5311 589 5364 dictus
620 5312 704 5380 qui
751 5312 879 5364 venit
908 5311 957 5363 in
1004 5310 1203 5363 nomine
1231 5309 1435 5362 Domini
1463 5311 1480 5378 (
1518 5307 1700 5360 Matth.
1732 5307 1821 5360 ‘25.
1850 5305 1918 5361 59
1951 5307 2003 5373 );

433 5402 790 5470 putabamque
819 5401 1061 5469 discipuli
1090 5417 1209 5456 cum
1238 5400 1449 5454 excidio
1480 5401 1638 5454 etiam
1659 5413 1968 5453 consumma
1987 5429 2004 5438 -

430 5499 628 5543 Lourm
654 5491 786 5552 fore,
820 5492 956 5544 Itane
988 5508 1169 5546 eorum
1199 5493 1508 5561 opinionem
1528 5492 1821 5561 corrigens,
1855 5492 2000 5544 dicc-

429 5581 514 5634 bat
549 5599 562 5635 :
595 5582 701 5637 Sed
741 5583 964 5636 nondum
990 5594 1060 5637 est
1077 5584 1214 5653 linis.
1242 5587 1392 5650 Quod
1433 5594 1606 5638 autem
1657 5582 1704 5637 id
1733 5582 1871 5653 quod
1906 5599 2002 5649 ego

458 5737 504 5799 ,'
538 5744 652 5801 Alii,
678 5742 925 5804 multisth
948 5744 1058 5795 aliis
1110 5741 1388 5792 ittstt'mtibus
1426 5743 1832 5804 perturbationum
1885 5750 1995 5788 cmi.-

425 5812 508 5852 816.

1153 321 1207 380 s.
1248 321 1524 379 tonsus
1560 316 2036 376 ctittrsosrom
2077 316 2392 378 AltClllEP.
2433 327 2958 392 consrm'nsor.
3601 350 3694 404 δε,

2141 433 2248 488 dixi
2282 441 2700 510 suspicarentur,
2752 464 2818 502 ex
2859 465 3042 506 eorum
3087 453 3497 525 interrogatione
3539 461 3689 516 disce.

2137 529 2274 595 Quid
2306 533 2446 586 enim
2495 536 2933 608 interrogabant?
2982 544 3198 608 Quando
3244 548 3347 603 hac
3386 555 3571 607 erunt?
3608 557 3696 610 line

2137 635 2239 689 est,
2271 625 2612 694 Quandonam
2641 629 2968 706 Jerosolyma
2994 639 3224 706 peribit?
3253 638 3318 692 Et
3347 643 3484 710 quod
3515 644 3692 714 signum

2135 718 2375 772 adventus
2396 721 2469 772 tui
2493 730 2538 774 et
2563 727 3006 781 consummationis
3042 729 3252 784 seculi?
3281 730 3399 800 Ipse
3427 750 3552 788 vero
3579 739 3693 791 nihil

2134 810 2310 862 statim
2339 810 2402 864 ad
2429 810 2567 866 hanc
2611 813 3075 886 interrogationem
3103 822 3411 890 respondit;
3442 825 3534 879 sed
3566 829 3694 894 prius

2135 898 2220 952 illa
2249 899 2377 955 dicit
2403 919 2521 971 qua:
2550 905 2666 972 plus
2702 904 2956 963 intererat
2996 910 3221 966 discere.
3265 909 3453 984 Neque
3478 917 3614 971 enim
3637 919 3694 973 de

2132 991 2481 1065 .lerosolymis
2518 999 2716 1061 statim,
2765 1016 2936 1070 neque
2982 1002 3049 1058 de
3076 1006 3310 1059 secundo
3338 1022 3443 1060 suo
3485 1008 3693 1065 adventu

2144 1082 2382 1154 loquutus
2412 1098 2514 1152 est.
2543 1093 2636 1146 sed
2669 1092 2737 1147 de
2764 1094 2916 1148 malis
2947 1112 3062 1162 qtae
3083 1096 3194 1164 jam
3226 1100 3471 1166 prmium
3521 1113 3686 1164 erant,

2153 1177 2357 1248 .lcoqne
2381 1180 2501 1234 illos
2529 1183 2786 1238 sollicitos
2806 1185 2980 1240 reddit
3017 1187 3203 1241 dicens
3239 1188 3459 1243 :Cavete
3501 1207 3564 1244 ne
3600 1196 3694 1257 quis

2131 1283 2215 1322 vos
2241 1271 2468 1328 seducet.
2499 1273 2551 1326 .i!
2560 1275 2653 1327 ulti
2675 1277 2806 1329 enim
2833 1278 3026 1332 venient
3057 1280 3108 1332 in
3137 1281 3336 1334 nomine
3367 1298 3483 1335 meo
3501 1325 3516 1345 ,
3543 1283 3696 1336 dicen-

2131 1371 2202 1416 tes
2228 1378 2248 1416 :
2272 1361 2384 1434 Ego
2407 1379 2518 1418 sum
2542 1364 2788 1423 Christus.
2809 1368 3007 1424 Deinde
3033 1371 3270 1424 excitans
3292 1372 3414 1424 illos
3435 1373 3502 1425 ad
3527 1372 3696 1427 barum

2130 1469 2306 1508 rerum
2328 1456 2585 1521 auditum,
2614 1457 2810 1524 Cavete,
2842 1460 3030 1530 inquit,
3055 1477 3116 1514 ne
3131 1463 3241 1530 quis
3263 1479 3348 1516 ros
3377 1462 3586 1516 seducut
3610 1482 3626 1518 :
3653 1478 3698 1519 et

2129 1559 2250 1600 cum
2271 1546 2524 1601 sollicitos
2545 1558 2702 1619 atque
2718 1549 2784 1604 ad
2807 1551 3124 1620 vigilandum
3141 1562 3354 1620 paratos
3367 1553 3695 1620 reddidisset,

2129 1647 2408 1708 postquam
2447 1641 2756 1697 seductores
2793 1653 2846 1698 et
2886 1645 3344 1711 pseudo—cbristos
3372 1650 3691 1712 memorat-it,

2132 1738 2258 1785 tunc
2299 1731 2756 1802 Jerosolymorum
2812 1735 2945 1788 mala
2989 1745 3186 1800 narrat,
3235 1753 3302 1790 ex
3331 1737 3400 1790 iis
3445 1753 3561 1804 qua!
3599 1739 3648 1804 ja
3669 1758 3693 1790 ιι

2129 1833 2417 1876 evenerant
2463 1822 2633 1876 futura
2690 1840 2936 1878 asserens
2965 1826 3100 1894 apud
3150 1826 3369 1880 insanos
3409 1836 3459 1880 et
3490 1840 3695 1882 conten-

2132 1916 2320 1969 lEOSoS.

2198 2005 2253 2062 2.
2299 2007 2440 2060 Bella
2466 2017 2719 2062 autemet
2744 2009 3026 2077 opiniones
3055 2009 3336 2071 bellorum,
3362 2019 3420 2064 ut
3445 2011 3552 2079 jam
3573 2011 3687 2076 dixi,

2130 2098 2388 2152 tumultus
2408 2098 2497 2168 qui
2525 2099 2669 2166 ipsos
2699 2097 2932 2152 invasuri
2964 2107 3087 2153 sunt
3128 2109 3303 2154 vocat.
3344 2101 3547 2156 Deinde
3583 2104 3688 2171 quia

2129 2188 2405 2256 putabant,
2438 2200 2494 2244 ut
2521 2188 2630 2244 dixi
2659 2229 2672 2254 ,
2703 2199 2824 2258 post
2854 2188 3048 2242 bellum
3079 2189 3208 2243 illud
3259 2200 3546 2244 venturum
3584 2204 3689 2246 eSSe

2127 2280 2308 2346 tinent,
2341 2281 2457 2335 vide
2482 2281 2750 2351 quomodo
2799 2280 2918 2334 illos
2962 2280 3312 2350 prmmuniat,
3350 2281 3573 2335 dicens:
3601 2281 3690 2334 Sed

2127 2374 2350 2427 nondum
2378 2383 2450 2428 est
2479 2374 2616 2441 ﬁnis.
2665 2374 2716 2425 7.
2764 2370 3017 2443 Exsurget
3065 2373 3216 2438 enim,
3268 2371 3464 2441 inquit,
3509 2388 3622 2444 gens
3646 2372 3690 2424 in

2125 2477 2320 2538 gentem
2340 2477 2382 2517 et
2411 2482 2620 2535 regnum
2649 2465 2701 2518 in
2741 2479 2965 2532 regnum.
2997 2462 3146 2517 Initia
3174 2461 3520 2517 Judaicorum
3543 2461 3690 2514 malo-

2127 2574 2245 2612 rum
2271 2558 2417 2611 dicil.
2441 2556 2492 2611 8.
2527 2555 2652 2609 [lare
2677 2564 2844 2608 autem
2872 2554 3041 2607 omnia
3065 2554 3209 2606 initia
3235 2553 3594 2607 suntdolorum
3609 2567 3628 2614 ;
3644 2549 3686 2605 id

2125 2659 2226 2713 est,
2253 2664 2436 2703 eorum
2467 2648 2554 2718 qui
2603 2649 2730 2716 ipsis
2771 2647 3013 2703 eventuri
3059 2658 3201 2700 sunt.
3235 2646 3287 2700 9.
3334 2643 3481 2698 Tunc
3510 2643 3688 2696 tradent

2124 2756 2212 2795 vos
2241 2742 2292 2794 in
2322 2742 2714 2809 tribulationem,
2739 2751 2786 2795 et
2828 2740 3058 2794 occident
3083 2755 3186 2792 vos.
3219 2736 3534 2806 Opportune
3558 2735 3685 2803 ipso-

2125 2848 2242 2887 rum
2268 2833 2402 2885 mala
2428 2833 2666 2898 inseruit,
2699 2849 2816 2902 qua:
2857 2847 2887 2885 a
2920 2827 3292 2885 communibus
3325 2827 3480 2880 malis
3507 2825 3685 2896 aliquid

2123 2924 2507 2978 consolationis
2529 2924 2834 2993 accipiunt;
2871 2937 2967 2976 nec
3000 2921 3122 2975 inde
3172 2929 3418 2984 tantum,
3453 2917 3543 2972 sed
3579 2917 3683 2986 quia

2122 3013 2340 3078 addidit,
2376 3011 2593 3083 Propter
2630 3029 2808 3065 nomen
2855 3027 3055 3065 meum:
3082 3009 3240 3063 Eritis
3261 3009 3412 3063 enim
3436 3050 3452 3074 ,
3496 3007 3681 3076 inquit.

2121 3106 2238 3159 odio
2265 3103 2494 3158 ontnibus
2520 3113 2724 3173 propter
2753 3119 2930 3157 nomen
2963 3118 3144 3154 meum.
3178 3100 3263 3154 10.
3299 3097 3447 3151 Tum:
3485 3098 3684 3151 stolida-

2121 3197 2408 3252 lizabuntnr
2461 3196 2644 3260 multi,
2692 3204 2737 3247 et
2783 3193 2990 3246 invicem
3044 3192 3280 3255 tradent,
3318 3193 3410 3246 il.
3463 3201 3506 3244 et
3556 3187 3684 3242 multi

2122 3287 2516 3359 pseudo-christi
2540 3327 2554 3349 ,
2583 3295 2629 3338 et
2660 3284 3125 3354 pseudopropheta:
3170 3291 3342 3346 erunt,
3387 3291 3433 3334 et
3469 3280 3681 3333 sedarent

2125 3381 2325 3433 multos.
2362 3377 2445 3432 12.
2487 3377 2548 3430 Et
2577 3377 2810 3444 quoniam
2829 3374 3101 3428 abundabit
3125 3373 3391 3441 iniquitas,
3421 3371 3680 3442 refrigescet

2120 3471 2307 3524 caritas
2337 3469 2631 3522 multorum.
2667 3467 2754 3520 15.
2791 3465 2887 3531 Qui
2933 3477 3100 3518 autem
3132 3463 3522 3533 perseveraverit
3550 3475 3682 3530 usque

2121 3564 2171 3615 in
2199 3565 2374 3630 linem,
2400 3562 2480 3615 hic
2505 3561 2674 3614 salvus
2703 3559 2814 3613 erit.
2845 3559 2952 3613 lloc
2983 3557 3155 3626 majus
3181 3556 3381 3608 malum
3412 3563 3526 3618 est,
3561 3555 3678 3608 inte-

2121 3657 2316 3710 stinam
2343 3669 2534 3724 nempe
2571 3653 2769 3707 bellum
2805 3651 2996 3708 :multi
3044 3649 3184 3704 enim
3215 3646 3338 3701 falsi
3369 3645 3560 3701 fratres
3584 3642 3680 3696 fue-

2120 3760 2260 3806 runt.
2291 3749 2472 3805 Vitlen‘
2491 3748 2679 3819 triplex
2715 3746 2931 3811 bellum,
2963 3759 2993 3798 a
3014 3742 3408 3803 seductoribus,
3432 3739 3498 3793 ab
3524 3736 3677 3793 inimi-

2117 3844 2215 3908 cis,
2243 3857 2271 3896 a
2293 3840 2441 3896 falsis
2472 3838 2754 3894 fratribus?
2780 3837 2819 3890 \’
2827 3837 2911 3891 ide
2941 3835 3160 3890 Paulum
3177 3834 3276 3887 hoc
3291 3832 3674 3900 deplorantem:

2121 3935 2272 3990 Foris
2301 3949 2505 4004 pugna',
2538 3933 2672 3986 intus
2699 3931 2923 3994 timores,
2951 3937 2998 3982 et
3029 3927 3253 3996 pericula
3301 3925 3359 3977 in
3401 3923 3540 3993 falsis
3577 3923 3673 3993 {ra-

2117 4028 2274 4082 tribus
2301 4027 2396 4098 (2.
2419 4026 2537 4079 Cor.
2567 4025 2620 4078 7.
2661 4024 2713 4078 5.
2744 4032 2813 4079 et
2876 4022 2963 4075 11.
2992 4019 3062 4074 26
3087 4020 3106 4090 )
3130 4036 3146 4085 ;
3175 4034 3239 4074 ac
3265 4033 3474 4072 rursum
3501 4035 3513 4066 :
3539 4013 3672 4068 Tales

2116 4122 2248 4173 enim
2275 4117 2396 4188 falsi
2422 4115 2636 4186 apostoli
2660 4123 2796 4178 sunt,
2816 4113 3038 4180 operarii
3061 4111 3245 4175 dolosi,
3276 4107 3671 4176 transformantes

2117 4227 2170 4264 se
2193 4213 2244 4264 in
2267 4211 2520 4280 apostolos
2549 4207 2733 4262 Christi
2764 4208 2780 4276 (
2818 4203 2951 4258 Ibid.
2993 4203 3080 4257 ll.
3129 4203 3196 4256 l5
3219 4206 3256 4270 ).
3291 4201 3428 4256 Hine
3481 4213 3666 4254 rursum

2117 4303 2169 4359 id
2214 4302 2355 4372 quod
2411 4303 2647 4356 onmium
2699 4296 3066 4368 gravissimum
3120 4302 3222 4358 est,
3275 4292 3418 4363 quod
3461 4287 3671 4352 caritatis

2115 4397 2534 4452 consolationem
2577 4409 2681 4446 non
2732 4390 2958 4444 babituri
2990 4389 3114 4442 sint.
3167 4387 3368 4441 Deinde
3405 4382 3668 4439 oStendens

2115 4503 2433 4559 generosum
2460 4496 2515 4540 et
2540 4486 2825 4554 patientem
2860 4481 2980 4534 hinc
3019 4479 3138 4532 la-di
3183 4494 3287 4532 non
3322 4491 3492 4546 posse,
3520 4472 3590 4528 Ne
3614 4473 3669 4525 ti-

2116 4581 2305 4636 meatis
2325 4621 2339 4644 ,
2367 4578 2537 4649 inquit
2561 4618 2574 4639 ,
2605 4591 2777 4644 neque
2808 4572 3114 4628 turbemini.
3145 4570 3197 4626 Si
3225 4569 3369 4625 enim
3395 4581 3666 4637 congrueno

2117 4681 2221 4727 tem
2255 4670 2564 4740 patientiam
2595 4663 2963 4727 exliibueritis,
3006 4663 3122 4717 iure
3148 4661 3285 4715 mala
3327 4677 3431 4716 non
3464 4671 3664 4726 supera-

2116 4764 2246 4818 bunt
2272 4776 2386 4816 vos.
2413 4760 2690 4829 llujusque
2719 4756 2792 4812 rei
2833 4756 2977 4809 clara
3005 4749 3389 4809 demonstratio
3416 4759 3510 4813 est,
3539 4744 3662 4816 quod

2117 4853 2422 4922 prwdicatio
2446 4852 2642 4920 ubique
2672 4865 2766 4918 per
2785 4847 2968 4902 orbem
3000 4843 3251 4914 pervadat
3275 4861 3287 4898 :
3311 4842 3383 4898 ita
3413 4837 3660 4894 sublimio-

2116 4961 2202 5002 res
2223 4946 2394 5009 eritis,
2418 4959 2575 5014 quam
2605 4951 2662 4996 ut
2689 4941 2801 4995 ba‘c
2847 4938 2980 4992 tnala
3008 4936 3214 5007 possint
3258 4949 3354 4992 vos
3401 4933 3654 5000 attingere.

2117 5040 2196 5096 Ne
2215 5039 2454 5094 dicerent
2478 5037 2643 5100 enim,
2663 5031 2930 5103 quomodo
2950 5046 3075 5099 ergo
3105 5029 3340 5082 vivemus
3361 5025 3384 5079 ?
3409 5024 3521 5094 plus
3534 5019 3661 5072 addi-

2112 5133 2210 5196 dit,
2246 5131 2309 5185 Et
2335 5128 2523 5184 vivetis
2551 5136 2604 5181 et
2631 5126 2826 5194 ubique
2853 5120 3132 5177 docebitis.
3162 5116 3509 5187 Quamobrem
3535 5111 3657 5165 intu-

2118 5227 2175 5280 lit
2207 5241 2222 5279 :
2253 5225 2339 5279 l4.
2410 5218 2780 5275 Prtedicabitur
2833 5217 2926 5271 hoc
2973 5213 3303 5283 Evangelium
3350 5208 3403 5262 in
3453 5206 3658 5258 universo

2115 5319 2301 5372 mundo
2325 5320 2372 5370 in
2401 5314 2736 5366 testimonium
2760 5307 2986 5364 omnibus
3015 5304 3238 5375 gentibus
3265 5318 3282 5355 :
3313 5311 3354 5355 et
3376 5310 3489 5352 tunc
3520 5293 3656 5348 veniet

2107 5410 2248 5478 (iiiis,
2274 5418 2461 5472 nempe
2476 5392 2966 5453 consunnnationis
2981 5388 3467 5456 Hierosolymorum
3482 5377 3655 5445 ‘.Quod

2109 5472 2252 5556 enim
2325 5498 2391 5550 de
2423 5495 2515 5548 illo
2547 5491 2655 5546 line
2711 5487 2930 5550 dixerit,
2977 5493 3031 5538 rt
3090 5481 3234 5551 quod
3265 5487 3387 5532 ante
3409 5472 3651 5530 excidium

2124 5589 2476 5655 l'lvangelium
2506 5581 2858 5655 praedicatum
2886 5575 3068 5640 fuerit,
3095 5572 3219 5627 audi
3243 5569 3367 5641 quid
3382 5569 3516 5622 dicat
3536 5561 3654 5615 Pau-

2185 5719 2196 5747 '
2223 5720 2266 5769 at
2304 5720 2388 5766 ntl’.
2417 5725 2526 5778 post
2551 5715 2788 5766 Savil.....
2835 5711 2974 5778 nais,
3010 5725 3102 5762 non
3133 5699 3555 5760 consummationis,
3577 5696 3648 5747 sed

2115 5781 2570 5851 llicrosoigatorum
2613 5778 2747 5832 Loir.
