4000 6206
210 343 325 398 1389

220 457 302 506 Ius
329 472 340 506 :
371 451 432 506 In
463 466 658 505 omnem
684 459 868 505 terram
895 446 1045 502 exivit
1084 460 1238 500 sonus
1277 457 1447 497 eorum
1477 439 1496 509 (
1530 438 1676 493 Rom.
1709 436 1796 493 10.

222 549 307 610 18)
338 560 352 608 ;
382 555 435 598 et
453 558 690 606 rursum,
719 540 983 611 Evangelii
1006 538 1141 608 quod
1160 535 1491 606 pra'dicatum
1522 541 1592 586 est
1623 533 1672 584 in
1695 531 1810 583 uni-

219 654 362 690 versa
393 645 624 689 creatura
649 649 762 704 quae
788 635 878 686 sub
903 631 1027 687 cwlo
1055 639 1128 684 est
1174 627 1307 699 (Col.
1337 626 1388 680 1.
1411 625 1527 694 ‘25).
1557 624 1625 679 Et
1657 623 1807 677 vides

216 744 342 784 eum
374 727 728 798 Jcrosolymis
771 726 822 778 in
867 721 1173 792 Hispaniam
1220 726 1546 774 currentem.
1578 715 1633 771 Si
1660 715 1804 770 enim

215 838 355 878 unus
387 831 586 875 tantam
615 819 761 873 orbis
789 824 990 887 partem
1012 812 1307 882 occupavit,
1336 812 1459 864 hinc
1486 809 1657 878 cogita
1687 823 1806 876 qua:

213 915 306 966 alii
347 912 592 968 fecerint.
639 911 846 965 Etenim
888 907 1006 961 aliis
1044 906 1284 960 scribens
1321 901 1513 958 Paulus
1537 901 1604 955 de
1627 897 1802 951 Evan—

213 1007 359 1078 gelia
385 1005 617 1070 dicebat,
663 1001 804 1074 quod
847 1000 1074 1055 fructum
1108 997 1242 1052 ferat
1267 1006 1320 1050 et
1347 1001 1554 1048 crescat
1584 992 1633 1044 in
1661 989 1805 1042 omni

215 1111 462 1155 creatura
495 1113 613 1168 quae
653 1097 753 1151 sub
777 1093 907 1150 caelo
939 1090 1059 1162 est(
1087 1089 1219 1145 Ibid.
1240 1105 1287 1144 υ.
1322 1088 1420 1158 6).
1465 1086 1598 1153 Quid
1627 1094 1803 1138 autem

219 1193 350 1249 illud
382 1203 485 1258 est,
529 1189 593 1245 In
647 1187 982 1245 testimonium
1023 1185 1253 1238 omnibus
1287 1179 1560 1251 gentibus?
1599 1176 1806 1244 Ubique

217 1285 566 1356 prmdieatnm
614 1290 718 1348 est,
764 1280 858 1334 sed
893 1295 996 1332 non
1026 1292 1215 1330 omnes
1243 1272 1605 1335 crediderunt,
1633 1283 1805 1337 neque

217 1391 492 1448 receptum
522 1386 601 1430 est
631 1375 844 1444 ubique.
880 1371 943 1424 In
971 1368 1330 1429 testiinonium,
1354 1364 1544 1434 inquit,
1575 1362 1676 1415 erit
1699 1376 1802 1412 non

215 1471 563 1526 credentibus
595 1485 610 1534 ;
641 1468 692 1520 id
723 1474 824 1529 est,
858 1466 909 1518 in
937 1461 1397 1531 redargutionem,
1430 1458 1480 1510 in
1506 1454 1801 1508 accusatio—

217 1577 365 1617 nem.
409 1559 474 1613 In
517 1557 898 1612 testimonium:
925 1568 1044 1608 nam
1079 1552 1166 1621 qui
1199 1548 1540 1604 crediderunt.
1568 1545 1806 1599 testimo-

218 1656 363 1710 nium
395 1653 566 1706 ferent
588 1657 772 1704 contra
797 1662 890 1702 eos
919 1645 1006 1716 qui
1037 1642 1255 1697 credere
1275 1639 1576 1702 noluerttnt,
1598 1645 1650 1690 et
1679 1650 1808 1689 cou-

219 1745 551 1801 demnabunt
579 1756 692 1796 eos.
731 1738 958 1808 Ideoque
992 1745 1269 1805 postquam
1298 1726 1638 1798 Evangetium
1666 1741 1804 1795 prm-

215 1838 450 1891 dicatom
485 1835 581 1887 fuit
609 1848 702 1902 per
730 1839 897 1884 totum
927 1826 1135 1890 orbem,
1158 1823 1486 1890 Jcrosolyma
1513 1817 1802 1887 perierunt,

221 1941 368 1984 utne
390 1926 636 1982 umbram
659 1922 874 1994 quidem
921 1917 1280 1974 excusationis
1308 1913 1498 1983 ingrati
1527 1911 1604 1965 illi
1638 1908 1804 1964 hahe-

219 2029 357 2074 rent.
391 2017 523 2073 Nam
554 2014 642 2085 qui
664 2013 908 2067 viderunt
929 2009 1044 2080 ejus
1066 2005 1353 2077 potentiam
1382 2003 1574 2072 ubique
1605 2000 1808 2069 fulgen—

219 2120 350 2173 tem,
383 2117 438 2162 et
465 2106 615 2177 quasi
668 2105 722 2159 in
783 2111 1062 2156 momento
1119 2099 1253 2152 orbe
1310 2097 1534 2166 potitant
1567 2136 1581 2161 ,
1645 2105 1802 2160 quam

217 2202 434 2255 veniam
464 2197 691 2252 habeant
716 2195 766 2248 in
788 2193 983 2248 duritie
1005 2187 1320 2245 manentes?
1346 2184 1498 2254 Quod
1525 2183 1668 2240 enim
1692 2181 1806 2237 ubi-

216 2307 320 2361 que
353 2300 481 2344 tunc
510 2286 850 2356 praedicatum
879 2282 1059 2346 fuerit,
1097 2279 1219 2333 audi
1253 2276 1469 2332 Paulum
1496 2291 1510 2328 :
1547 2272 1809 2343 Evangelii

216 2383 356 2454 quod
377 2381 705 2451 pra-dicatum
731 2388 802 2431 est
831 2377 883 2429 in
913 2375 1144 2427 universa
1173 2379 1425 2434 creatura,
1444 2383 1556 2436 qua:
1575 2367 1664 2420 sub
1685 2363 1808 2419 ca’lo

215 2486 288 2528 cst
321 2473 486 2546 (Ibid.
518 2489 565 2525 v.
592 2471 705 2534 ‘25).
733 2469 884 2536 Quod
917 2465 1110 2523 Christi
1132 2464 1380 2536 potentiae
1412 2463 1698 2517 maximum
1729 2466 1810 2512 est

213 2573 614 2637 argumentum,
642 2562 781 2634 quod
808 2561 1049 2616 doctrina
1078 2559 1231 2613 annis
1261 2556 1441 2627 viginti
1469 2554 1554 2609 vel
1572 2553 1806 2623 triginta,

211 2659 368 2713 orbis
399 2658 652 2713 terminos
695 2654 1010 2725 pervaserit.
1065 2653 1192 2706 Post
1233 2650 1350 2704 hare
1399 2649 1577 2717 igitur,
1620 2644 1804 2715 inquit,

211 2753 400 2806 veniet
431 2750 551 2804 linis
577 2747 1054 2816 Jerosolymorutn.
1087 2741 1238 2810 Quod
1269 2740 1408 2794 enim
1439 2738 1540 2793 hoc
1565 2735 1806 2792 subindi-

211 2852 323 2907 cet,
353 2849 578 2911 arguunt
607 2838 900 2908 sequentia.
926 2834 1116 2890 Attulit
1160 2833 1302 2888 enim
1351 2828 1680 2900 prophetiam
1708 2868 1718 2886 ,
1753 2833 1808 2878 ut

213 2935 336 3004 ejus
363 2931 631 2987 excidium
662 2937 949 2994 assereret,
982 2927 1160 2994 aitque
1189 2942 1202 2977 :
1235 2923 1323 2976 15.
1354 2923 1478 2974 Cum
1521 2929 1688 2972 autem
1730 2917 1805 2968 vi-

211 3025 394 3079 deritis
422 3023 843 3076 abominationem
885 3016 1226 3079 desolationis,
1276 3028 1390 3084 qua:
1432 3011 1566 3064 dicta
1611 3019 1681 3063 est
1722 3023 1809 3076 per

214 3117 488 3172 Danieletn
515 3115 835 3184 praphctam,
865 3119 1078 3165 stantem
1119 3109 1170 3160 in
1201 3107 1310 3160 loco
1331 3114 1504 3160 sancto
1531 3120 1548 3158 :
1575 3103 1660 3172 qui
1690 3101 1808 3170 legit

211 3209 468 3277 intelligat
529 3204 690 3276 (Dan.
721 3202 913 3271 9.27).
963 3200 1041 3254 Ad
1092 3197 1361 3253 Danielem
1414 3197 1533 3249 illos
1579 3193 1806 3249 remisit.

215 3299 687 3354 Abominationem
717 3305 895 3349 autem
940 3301 1094 3347 vocat
1135 3300 1362 3346 statuam
1401 3288 1514 3358 ejus
1551 3286 1642 3356 qui
1684 3295 1809 3338 tunc

214 3396 406 3448 orbem
437 3400 686 3460 ceperat,
719 3405 877 3461 quam
908 3387 1142 3443 desolata
1177 3385 1306 3439 urbe
1345 3392 1399 3438 et
1443 3381 1640 3450 templo
1667 3381 1808 3433 intus

221 3487 440 3556 posuit,
497 3498 660 3554 quare
724 3480 1177 3536 abominationem
1235 3473 1582 3531 desolationis
1631 3479 1804 3526 vocat.

219 3577 425 3633 Deinde
457 3586 512 3630 ιιι
534 3577 818 3637 discerent,
840 3572 952 3626 hcce
979 3572 1310 3640 futuracsse,
1332 3563 1598 3619 nonnullis
1623 3575 1809 3617 eorum

213 3671 394 3726 adhuc
425 3669 721 3725 viventibus
741 3708 756 3733 ,
786 3666 919 3721 dixit
942 3681 956 3718 :
984 3665 1106 3719 Cum
1146 3661 1364 3716 videritis
1391 3657 1809 3714 abominationem

213 3763 571 3817 desolationis.

289 3856 345 3908 3.
383 3853 550 3921 Quam
580 3849 804 3920 diﬂicilia
834 3856 1058 3916 tempora
1085 3842 1459 3916 prtetlicationis
1489 3839 1807 3909 evangelicw.

213 3947 469 4003 ——Unde
500 3945 617 4015 quis
661 3956 1002 4012 summopere
1049 3939 1274 3994 miretur
1314 3934 1512 3991 Christi
1559 3935 1808 3988 virtutem

215 4042 550 4107 illorumque
579 4035 938 4091 fortitudinem
962 4075 976 4099 ,
1009 4031 1151 4102 quod
1185 4030 1379 4084 talibus
1407 4024 1814 4098 prmdicaverint

217 4129 559 4199 temporibus
585 4169 599 4192 ,
628 4127 820 4195 quibus
845 4126 1074 4179 maxime
1095 4121 1314 4177 Judaiea
1347 4118 1808 4188 impugnabantur,

213 4223 437 4296 quando
467 4221 634 4276 Judaei
662 4231 718 4274 ut
740 4218 977 4274 seditiosi
1006 4214 1446 4278 observabuntur,
1475 4211 1813 4281 jusseratque

213 4318 404 4372 Czcsar
430 4327 622 4370 omnes
654 4307 1016 4366 exterminari.
1050 4306 1388 4375 ldipsumque
1426 4301 1646 4364 accidit,
1675 4315 1736 4354 ac
1766 4298 1811 4352 si

215 4410 358 4480 quis,
389 4405 526 4460 mari
554 4403 787 4471 undique
813 4401 1065 4463 excitato,
1097 4408 1147 4452 et
1186 4395 1412 4465 caligine
1437 4404 1602 4447 totum
1633 4406 1810 4447 aerem

216 4505 560 4567 occupante,
607 4492 897 4563 naufragiis
949 4489 1352 4560 frequentibus,
1405 4501 1524 4541 cum
1567 4493 1812 4540 vectores

217 4607 413 4646 ouines
445 4587 772 4651 dissideant,
804 4594 858 4639 et
884 4592 1118 4639 monstra
1151 4580 1354 4634 marina
1384 4592 1543 4646 supra
1571 4583 1808 4644 surgant,

217 4704 336 4756 qtae
367 4682 532 4739 simul
561 4697 680 4735 cum
713 4678 957 4733 ﬂuctibus
984 4677 1294 4742 navigantes
1321 4669 1684 4740 pessumdent,
1715 4667 1812 4720 ful-

220 4780 462 4833 minibus
502 4773 712 4828 emissis
733 4811 747 4835 ,
779 4769 962 4839 piratis
1003 4764 1372 4822 iuvadentibns
1392 4805 1406 4826 ,
1435 4773 1486 4816 et
1511 4758 1812 4814 vectoribus

220 4875 315 4925 silli
350 4879 543 4924 mutuo
575 4863 963 4925 insidiantibus,
999 4859 1242 4916 homines
1270 4853 1617 4926 navigationis
1643 4852 1812 4921 impe-

221 4966 451 5036 peritos,
485 4960 574 5032 qui
607 4973 705 5013 nec
739 4971 885 5010 mare
925 4953 1196 5015 noverint,
1224 4949 1408 5020 jubeat
1437 4947 1504 5001 ad
1547 4945 1812 5016 guberna-

217 5057 339 5110 cula
388 5053 610 5115 sedere,
654 5048 828 5104 navim
932 5047 1154 5100 bernare
1180 5052 1232 5096 et
1262 5053 1529 5110 pugnare,
1562 5037 1814 5091 classem-

217 5160 327 5211 que
360 5141 637 5211 ingentcm
664 5152 727 5192 ex
753 5136 980 5191 adverso
1004 5133 1332 5198 venientem,
1352 5133 1634 5204 validoque
1660 5149 1817 5188 exer-

219 5240 334 5292 citu
387 5236 738 5298 instructam,
780 5231 1029 5287 navicula
1069 5245 1174 5284 una
1217 5245 1366 5295 usos,
1406 5230 1456 5283 in
1492 5245 1600 5300 qua
1635 5238 1812 5296 tanta,

223 5341 283 5384 ut
341 5330 502 5391 dixi,
553 5325 804 5382 conlusio
854 5331 1011 5385 erat,
1077 5337 1271 5393 capere
1327 5329 1381 5374 et
1442 5323 1813 5389 submergere.

223 5423 384 5477 Nam‘
412 5439 442 5478 a
489 5421 744 5492 gentibus
782 5417 911 5473 odio
964 5416 1302 5472 habebantur
1334 5425 1391 5469 ut
1431 5413 1602 5470 Judaei
1637 5455 1651 5478 ,
1701 5425 1752 5468 et
1786 5429 1816 5468 a

221 5515 432 5570 Judzeis
484 5513 885 5580 lapidabautur,
929 5516 989 5563 ut
1033 5508 1125 5578 qui
1167 5519 1296 5560 suas
1336 5505 1480 5573 leges
1523 5505 1816 5574 impugna‘

227 5615 390 5658 rent:
454 5616 728 5672 nusquam
779 5613 909 5653 vero
960 5605 1105 5652 stare
1154 5604 1422 5666 poterant.
1483 5594 1574 5648 Sic
1631 5593 1814 5646 omnia

231 5694 766 5766 prmcipitiaﬁcopuli
788 5703 840 5749 et
859 5708 990 5748 saxa
1023 5692 1242 5746 latentia
1271 5699 1445 5749 erant.
1476 5689 1530 5743 in
1570 5687 1818 5750 urbibus,

235 5792 292 5845 in
318 5793 477 5853 vicis,
503 5792 554 5842 in
597 5789 872 5850 domibus,
916 5785 1223 5856 singuliquc
1267 5784 1390 5839 illos
1428 5783 1564 5839 bello
1594 5782 1822 5852 impete-

1144 331 1208 388 IN
1246 327 1655 385 MATTHAEUM
1697 323 1934 387 IIOMIL.
1971 329 2188 385 LXXV.
2230 329 2302 386 al.
2343 328 2578 383 LXXVI.

3387 336 3488 384 (ibt)

1913 443 2068 510 bant,
2087 445 2220 512 dux,
2238 446 2514 517 princeps,
2534 445 2800 514 privatus,
2816 453 3006 516 gentes
3025 444 3262 516 integra‘,
3313 448 3500 521 populi

1913 551 2127 602 omnes,
2151 547 2204 591 et
2227 537 2566 605 perturbatio
2582 544 2698 590 erat
2717 545 2921 604 quanta
2941 551 3042 589 nec
3059 539 3226 602 possit
3249 537 3490 589 oratione

1922 635 2194 706 explicari.
2228 636 2358 690 Nam
2390 651 2634 706 perosum
2679 638 2832 706 plane
2873 653 2989 692 erat
3019 638 3294 694 Judaicnm
3335 656 3505 711 genus

1922 726 1974 780 in
2022 727 2265 781 Romano
2309 728 2531 795 imperio
2555 770 2569 792 ,
2599 730 2739 797 quod
2772 727 2915 784 mille
2956 732 3162 800 negotia
3194 735 3497 786 faeneret.

1920 816 2101 888 Neque
2131 827 2305 872 tamen
2337 817 2458 873 inde
2487 819 2843 887 prmdicationi
2870 821 3160 875 nocebatur
3189 839 3200 873 :
3227 822 3319 876 sed
3347 832 3500 891 capta

1921 911 2053 964 urbe
2083 922 2242 980 atque
2265 921 2496 966 cremata
2522 953 2536 977 ,
2567 927 2628 965 ac
2653 923 2807 983 gente
2838 914 2888 968 vi
2919 915 3177 968 malorum
3207 930 3460 983 Oppressa
3483 956 3497 979 ,

1921 1001 2041 1055 inde
2073 1002 2291 1071 profecti
2324 1004 2569 1073 apostoli,
2602 1005 2688 1070 qui
2723 1019 2884 1058 novas
2911 1005 3228 1060 inducebaut
3260 1007 3402 1071 leges
3435 1007 3448 1036 ³
3482 1047 3496 1069 ,

1919 1095 2173 1148 Rutuauis
2201 1095 2544 1164 imperarunt.
2569 1095 2613 1150 Ο
2650 1111 2734 1150 res
2772 1110 2935 1150 novas
2974 1107 3023 1151 ct
3051 1097 3339 1166 stupendas
3370 1095 3500 1149 llu-

1917 1185 2154 1240 dacorum
2184 1187 2458 1240 innumera
2486 1186 2648 1240 millia
2674 1186 2896 1241 ltomani
2923 1196 3198 1256 ceperunt,
3221 1198 3271 1240 et
3299 1185 3500 1240 duode-

1916 1279 2017 1332 cim
2048 1280 2189 1334 viros
2218 1280 2432 1335 vincere
2464 1295 2566 1334 non
2598 1289 2900 1349 potuerunt,
2925 1279 3012 1349 qui
3045 1279 3168 1332 nudi
3196 1279 3310 1332 sine
3336 1281 3499 1332 armis

1916 1386 2034 1424 cum
2066 1371 2194 1439 ipsis
2223 1371 2527 1441 pugnabant
2553 1373 2565 1424 !
2599 1371 2730 1439 Quis
2756 1385 2936 1424 sermo
2969 1370 3136 1439 possit
3166 1378 3364 1422 tantum
3395 1371 3497 1422 mi-

1917 1464 2153 1517 raculum
2176 1463 2522 1518 describere?
2546 1465 2658 1517 Duo
2681 1464 2820 1517 enim
2847 1463 2959 1516 hzec
2983 1461 3297 1516 docentibus
3325 1460 3501 1514 inesse

1915 1566 2160 1625 oportet,
2195 1567 2250 1610 ut
2298 1556 2399 1611 title
2442 1557 2584 1625 digni
2636 1557 2736 1610 sint
2764 1599 2777 1621 ,
2810 1567 2860 1610 et
2913 1564 2971 1609 ut
3023 1555 3128 1609 sint
3170 1553 3501 1608 auditoribus

1913 1651 2046 1718 grati
2082 1666 2092 1700 :
2128 1649 2190 1702 ad
2224 1649 2336 1703 haec
2363 1663 2489 1703 vero
2511 1690 2525 1712 ,
2556 1658 2612 1702 ut
2637 1648 2874 1702 doctrina
2904 1648 3022 1701 tatis
3049 1649 3154 1712 sit,
3197 1663 3314 1717 qum
3347 1647 3501 1700 facile

1914 1741 2240 1806 admittatur,
2275 1742 2594 1810 insuperque
2625 1749 2679 1794 ut
2710 1750 2917 1810 tempus
2945 1741 3012 1794 sit
3041 1741 3264 1794 tumultu
3290 1748 3343 1793 et
3373 1755 3497 1808 per-

1903 1834 2214 1888 turbatione
2268 1850 2510 1889 vacuum.
2563 1834 2712 1888 Tunc
2768 1842 2944 1887 autem
3004 1835 3178 1886 omnia
3228 1832 3494 1886 contraria

1914 1934 2085 1979 erant.
2119 1925 2300 1995 Neque
2328 1927 2468 1980 enim
2499 1925 2600 1980 ﬁde
2628 1925 2770 1995 digni
2812 1940 2930 1980 esse
2961 1925 3275 1978 videbantur
3297 1967 3312 1991 ,
3343 1923 3494 1977 illos~

1914 2031 2015 2086 que
2041 2018 2126 2086 qui
2153 2017 2356 2086 decepti
2386 2016 2597 2071 fuerant
2636 2017 2703 2069 ab
2735 2016 2798 2070 iis
2841 2017 2929 2085 qui
2983 2016 3086 2070 lide
3117 2015 3270 2084 digna
3317 2014 3495 2069 dicere

1914 2108 2254 2177 putabantur,
2290 2124 2319 2162 a
2359 2124 2416 2162 se
2446 2108 2759 2162 avertebant
2790 2124 2802 2161 :
2834 2124 2938 2161 non
2964 2107 3354 2177 diligebantur;
3389 2107 3496 2160 imo

1912 2201 2037 2256 odio
2088 2200 2451 2265 habebantur;
2482 2201 2549 2254 ab
2588 2200 2652 2254 iis
2695 2215 2814 2270 qua:
2858 2199 3090 2253 maxime
3116 2198 3304 2268 placita
3343 2205 3497 2252 erant

1913 2292 2264 2354 abducebaut,
2299 2306 2327 2344 a
2355 2290 2759 2356 consuetudine,
2788 2305 2817 2344 a
2847 2290 3034 2359 patria.
3058 2304 3086 2342 a
3113 2289 3332 2359 legibus.
3362 2289 3496 2341 Prm-

1913 2394 2062 2452 cepta
2088 2384 2220 2437 dura
2251 2383 2590 2453 dimi-iliaque
2616 2391 2770 2438 erant
2793 2424 2807 2449 ,
2841 2397 2957 2452 qua:
2986 2397 3114 2436 vero
3143 2379 3497 2450 prohibebant

1914 2477 2183 2546 Vttluplale
2211 2478 2382 2546 plena.
2414 2476 2571 2530 Multa
2603 2486 2712 2530 tum
2758 2476 2889 2545 ipsi,
2925 2483 3032 2530 tum
3065 2475 3298 2544 ipsorum
3329 2473 3492 2527 disci-

1914 2569 2018 2638 puli
2067 2569 2314 2622 subibunt
2354 2562 2581 2637 pericula
2605 2611 2618 2634 ,
2652 2568 2845 2622 multas
2880 2575 3112 2631 mortes;
3144 2580 3207 2620 ac
3247 2581 3367 2620 cum
3412 2566 3496 2619 bis

1912 2660 2159 2716 omnibus
2189 2671 2394 2730 tempus
2425 2676 2668 2730 magnam
2695 2659 2949 2714 aﬁ'crebat
2973 2658 3360 2722 difficultatem,
3393 2657 3496 2711 hel-

1913 2753 1978 2807 lis
2009 2752 2209 2807 scilicet
2248 2741 2579 2822 tumultuque
2629 2752 2878 2821 plenum;
2911 2751 2978 2804 ita
3010 2760 3066 2804 ut
3107 2749 3206 2804 etsi
3245 2749 3373 2801 nihil
3407 2764 3495 2800 su-

1913 2845 2267 2913 pradictorum
2317 2845 2611 2910 adfuisset,
2646 2845 2768 2899 hinc
2811 2844 2985 2897 omnia
3022 2841 3220 2896 turbari
3255 2850 3492 2910 possent.

1911 2938 2222 3008 Opportune
2272 2937 2477 2991 dicatur
2510 2953 2521 2988 :
2557 2936 2681 3003 Quis
2711 2937 2940 3004 loquetur
2978 2934 3224 3003 potentias
3265 2931 3492 2997 Domini,

1911 3031 2111 3083 auditas
2155 3031 2302 3100 faciet
2328 3046 2497 3082 omnes
2523 3029 2697 3082 laudes
2722 3031 2828 3096 ejus
2854 3027 2874 3099 (
2909 3026 3049 3081 Psal.
3076 3026 3196 3082 l05.
3231 3025 3290 3091 εὶ)
3312 3025 3336 3077 ?
3360 3024 3494 3079 Nam

1912 3120 1956 3174 si
1979 3121 2305 3174 contribules
2328 3119 2560 3190 .‘t‘loysem
2601 3129 2718 3188 post
2769 3128 2842 3172 tot
2888 3119 3027 3172 edita
3065 3118 3211 3186 signa
3261 3132 3362 3168 non
3394 3132 3493 3168 au-

1912 3211 2146 3272 diebant,
2181 3211 2249 3264 ob
2277 3211 2441 3263 lutum
2470 3218 2523 3263 et
2554 3209 2744 3263 lateres
2771 3208 2919 3277 queis
2962 3207 3371 3276 premebantur;
3399 3221 3492 3260 eos

1912 3306 2001 3375 qui
2032 3303 2266 3375 quotidie
2304 3305 2426 3357 ctcsi
2470 3310 2522 3356 et
2563 3301 2720 3355 occisi
2760 3299 3090 3355 intoleranda
3119 3297 3488 3368 patiebantur,

1911 3397 2030 3468 quis
2072 3396 2276 3450 induxit
2319 3403 2374 3448 ut
2416 3395 2641 3448 ctiosam
2691 3393 2848 3447 vitam
2891 3391 3260 3460 repudiarent,
3293 3399 3345 3443 et
3391 3390 3489 3459 ipsi

1912 3492 2069 3545 aliam
2096 3495 2498 3559 anteponerent,
2527 3485 2794 3557 periculis,
2821 3484 3098 3553 sanguine,
3128 3481 3491 3552 mortibusque

1908 3581 2124 3651 plenam
2153 3597 2165 3632 :
2201 3594 2324 3632 cum
2357 3577 2642 3630 maximeii
2686 3575 2775 3644 qui
2797 3570 3492 3644 prmdicubautalienigenae

1915 3668 2280 3735 omnibusque
2296 3681 2524 3735 prorsus
2555 3663 2759 3717 inimici
2792 3672 2972 3717 essent
2999 3665 3020 3714 ?
3051 3662 3103 3714 Si
3132 3661 3252 3729 quis
3278 3661 3330 3713 in
3357 3676 3490 3729 gen-

1914 3774 2011 3828 tes,
2049 3764 2099 3816 in
2127 3762 2306 3824 urbes,
2337 3761 2387 3813 in
2422 3756 2642 3827 populos
2666 3797 2680 3819 ,
2713 3755 2820 3807 ituo
2849 3753 2899 3806 in
2934 3766 3088 3804 unam
3116 3749 3490 3802 domunculant

1915 3860 2188 3914 induceret
2219 3855 2386 3908 virum
2413 3849 2660 3905 omnibus
2692 3844 3047 3900 habitantibus
3073 3856 3188 3896 eam
3217 3853 3488 3909 perosum,

1911 3961 1965 4006 et
1999 3965 2093 4019 per
2120 3962 2240 4002 eum
2271 3953 2552 4000 conaretur
2580 3938 2813 4009 singulos
2842 3950 2870 3988 a
2901 3933 3106 3988 dilectis
3147 3930 3428 3992 abducere,
3459 3945 3490 3984 a

1914 4054 2093 4116 patre,
2123 4057 2151 4094 a
2179 4048 2381 4102 matre,
2413 4035 2480 4089 ab
2512 4047 2674 4088 uxore
2695 4073 2710 4097 ,
2740 4045 2770 4084 a
2812 4028 2968 4082 filiis:
3003 4039 3177 4079 annon
3218 4022 3304 4076 ille
3343 4031 3492 4076 aute-

1913 4115 2070 4208 quam
2092 4148 2152 4188 os
2179 4131 2410 4201 aperiret
2439 4119 2869 4194 discerperetur?
2895 4117 2952 4174 Si
2978 4125 3154 4170 autem
3177 4115 3255 4167 vir
3283 4121 3334 4167 et
3360 4115 3494 4167 uxor

1913 4207 2070 4285 simul
2101 4226 2398 4294 litigarem,
2426 4231 2601 4272 annon
2639 4214 2724 4268 vel
2755 4212 2898 4282 prius
2939 4224 3095 4279 quam
3129 4207 3289 4260 limen
3317 4214 3496 4258 trans-

1915 4324 2037 4387 iret,
2070 4316 2329 4387 lapidibns
2359 4307 2708 4366 obrueretur?
2738 4304 2792 4360 Si
2823 4313 2998 4356 autem
3032 4299 3120 4353 ille
3146 4313 3242 4368 per
3281 4311 3340 4351 se
3367 4309 3494 4349 cou-

1915 4420 2147 4481 temptus
2188 4419 2414 4460 onerosa
2446 4400 2786 4472 pra'ciperet,
2820 4393 3023 4448 deliciis
3055 4391 3292 4444 fruentes
3323 4388 3495 4458 philo-

1913 4506 2127 4578 sophari
2153 4502 2366 4574 juberet
2385 4541 2399 4563 ,
2431 4498 2497 4552 ad
2526 4495 2639 4548 haec
2667 4506 2792 4544 vero
2821 4496 3005 4542 contra
3039 4484 3205 4538 multo
3232 4481 3414 4551 plures
3445 4487 3492 4531 et

1915 4573 2162 4655 fortiores
2207 4602 2477 4650 certamen
2526 4583 2921 4644 committeret,
2970 4591 3144 4630 annon
3196 4573 3365 4641 palam
3413 4578 3492 4623 est

1915 4696 2060 4750 ἰιιιιιιι
2102 4689 2320 4745 omnino
2350 4684 2636 4755 periturum
2671 4675 2828 4732 esse?
2873 4675 3117 4727 Attamen
3152 4665 3280 4721 illud
3322 4665 3492 4734 ipsum

1915 4784 2052 4856 quod
2082 4783 2132 4838 in
2164 4797 2265 4835 una
2292 4753 2450 4831 domo
2479 4773 2588 4827 fieri
2636 4767 2814 4838 nequit
2833 4807 2850 4833 ,
2878 4763 3121 4819 Christus
3151 4759 3201 4812 in
3231 4765 3340 4811 toto
3365 4753 3495 4808 orbe

1918 4878 2058 4939 fecit,
2089 4889 2182 4943 per
2211 4867 2522 4942 praecipitia,
2552 4877 2645 4932 per
2675 4862 2936 4920 .‘tn'naces,
2969 4870 3063 4924 per
3093 4857 3375 4921 prun-opta,
3401 4859 3495 4914 per

1916 4939 2166 5038 scopulos
2191 4939 2332 5032 ,vper
2360 4969 2554 5012 terram
2586 4966 2638 5008 et
2669 4965 2814 5007 mare
2838 4990 2852 5015 ,
2883 4949 3018 5002 inter
3063 4943 3198 4999 bella
3229 4939 3455 5011 plurima
3476 4976 3491 4999 ,

1917 5029 2058 5113 orbis
2085 5055 2317 5110 medicos
2341 5049 2615 5103 inducens.
2631 5046 2759 5111 Qua:
2777 5039 2952 5096 omnia
2978 5037 3020 5091 si
3043 5033 3238 5089 certius
3259 5029 3495 5086 ediscere

1920 5152 2079 5208 vctis;
2116 5160 2302 5213 nempe
2333 5141 2544 5204 famem,
2574 5133 2948 5205 pestilentiam.
2985 5139 3138 5182 terr-.13
3171 5135 3365 5187 motus,
3392 5135 3494 5172 ca:-

1920 5253 2162 5308 terasque
2193 5234 2475 5305 trugmdias
2501 5271 2512 5290 ,
2545 5227 2629 5282 adi
2657 5223 2870 5293 Josephi
2900 5218 3170 5274 historiam
3191 5258 3206 5281 ,
3239 5222 3294 5268 ut
3335 5226 3495 5266 accu-

1919 5346 2029 5388 rate
2062 5330 2237 5383 omnia
2268 5326 2492 5380 ediscas.
2515 5322 2634 5374 Ideo
2661 5315 2869 5371 dicebat
2897 5315 2986 5366 ille
3018 5330 3028 5363 :
3066 5307 3147 5362 Ne
3175 5303 3495 5360 terremnini:

1918 5433 2110 5493 oportet
2141 5423 2270 5476 enim
2305 5419 2471 5470 omnia
2505 5413 2653 5484 ficii;
2684 5421 2736 5464 ct
2761 5453 2774 5473 ,
2811 5407 2909 5475 Qui
2941 5401 3317 5475 perseveraverit
3342 5411 3496 5464 usque

1919 5519 1968 5569 in
1998 5518 2166 5583 linem,
2198 5512 2277 5565 hic
2301 5511 2467 5562 salvus
2496 5506 2589 5559 erit
2610 5521 2626 5565 ,'
2651 5512 2724 5566 et,
2761 5498 3124 5554 Prwdieabitnr
3151 5494 3243 5546 hoc
3269 5489 3490 5551 Evange-

1917 5608 2045 5662 lium
2071 5605 2125 5658 in
2148 5603 2389 5658 universo
2419 5596 2633 5651 mundo.
2662 5591 2790 5646 Illos
2816 5588 2964 5644 enim
2994 5601 3057 5641 ex
3088 5583 3359 5638 dictorum
3389 5583 3499 5630 ter-

1926 5721 1998 5830 ni
2030 5717 2080 5765 ln
2123 5716 2295 5764 Morel.
2333 5714 2537 5776 legitur,
2569 5707 2650 5772 qui
2681 5719 2826 5756 novas
2865 5698 3147 5755 intluccbant
3186 5694 3313 5758 leges
3337 5696 3502 5740 contra

1967 5791 2174 5830 omanos.

1967 5791 2174 5830 omanos.
