4000 6206
552 339 646 392 691
1312 336 1368 391 S.
1410 331 1688 389 JO.\NNIS
1716 325 2184 386 CIIRYSOSTOMI
2232 328 2551 388 ARCIIIEP.
2589 332 3119 395 CONSTANTINOP.
3635 362 3707 416 erg

550 469 671 507 rore
698 452 897 507 fractos
929 454 1246 524 solutosque
1278 456 1341 509 ad
1367 472 1517 524 spent
1553 456 1832 510 meliorem
1865 454 2133 509 convertit

549 546 757 610 dicens,
800 547 1015 600 etiamsi
1059 547 1227 601 millia
1259 547 1447 602 forent
1476 548 1847 609 incommoda,
1881 554 2133 615 op0rtere

553 644 731 689 tamen
773 636 1114 703 evangelium
1153 638 1435 707 praedicari
1466 653 1559 705 per
1592 646 1764 691 totum
1807 635 1994 689 orbem
2026 643 2136 688 ιρι-

552 743 758 789 rarum,
792 741 848 782 et
875 742 1002 783 tunc
1036 742 1323 784 venturum
1360 730 1519 782 finem
1548 744 1692 783 esse.

624 820 677 875 4.
724 821 853 886 Quot
882 822 1012 875 bella
1034 822 1277 890 apostolis
1306 821 1449 873 illata
1490 829 1711 882 tempore
1737 810 2127 885 praedicationis.

554 912 743 966 Contra
791 912 1228 982 genethlialogiam
1263 922 1307 966 et
1338 923 1616 979 temporum
1658 909 2034 962 rerolutionem.
2061 936 2133 948 ~—

559 1003 798 1056 \"idistin‘
824 1020 923 1071 qua
950 1004 1255 1058 conditione
1282 1012 1391 1057 tum
1422 1018 1507 1055 res
1535 1009 1735 1066 essent,
1765 1008 1819 1053 et
1845 1014 2004 1068 quam
2036 1014 2132 1052 va-

557 1096 631 1149 ria
664 1096 784 1149 belli
820 1095 1005 1161 facies,
1032 1106 1100 1151 et
1126 1097 1239 1150 hcc
1269 1096 1321 1148 in
1352 1093 1630 1162 principio,
1659 1107 1779 1145 cum
1826 1089 1892 1144 ad
1927 1088 2130 1159 singula

556 1188 688 1239 bona
715 1202 873 1255 opera
896 1228 911 1250 ,
945 1202 1131 1257 magna
1158 1201 1287 1255 Opus
1319 1195 1399 1239 est
1431 1183 1810 1252 tranquillitate
1833 1182 1856 1234 ζ)
1884 1182 1998 1246 Quo
2048 1196 2134 1234 res

556 1281 605 1333 in
652 1291 788 1333 statu
830 1280 1024 1333 erant?
1050 1280 1186 1333 Nihil
1214 1279 1352 1333 enim
1385 1277 1535 1331 obest
1558 1316 1573 1341 ,
1602 1277 1728 1343 quin
1770 1274 1955 1330 eadem
1986 1288 2133 1325 resu-

556 1388 780 1425 mamus.
808 1372 1040 1425 Primum
1075 1371 1268 1425 bellum
1312 1379 1425 1424 erat
1475 1369 1811 1423 scductorum
1846 1384 1859 1421 :
1900 1365 2128 1429 Venient,

556 1466 743 1532 inquit,
770 1464 1185 1537 pseudo—christi,
1219 1474 1262 1516 et
1294 1462 1484 1531 pseudo
1517 1463 1809 1531 praplietre;
1840 1457 2131 1512 secundum

560 1555 920 1609 iiotnanorum
957 1574 968 1607 :
1007 1556 1243 1607 Auditari
1279 1556 1413 1607 enim
1461 1554 1575 1606 estis
1628 1553 1845 1622 praelia;
1876 1549 2087 1603 tertium
2114 1589 2128 1612 ,

553 1648 691 1713 quod
724 1648 914 1701 famem
947 1648 1195 1710 inducet;
1226 1660 1502 1715 quartum.
1531 1646 1669 1714 quod
1716 1644 2040 1713 pestilentias
2078 1652 2132 1697 et

554 1748 708 1793 terra:
737 1751 912 1793 mutus
944 1758 955 1792 :
986 1741 1247 1809 quiututn,
1283 1738 1716 1792 tribrtiaiiomttu:
1746 1736 1965 1809 Tradent
1989 1736 2131 1791 enim

552 1848 635 1885 nos
665 1833 717 1885 in
745 1843 992 1892 mortem;
1022 1843 1229 1885 sextum
1250 1871 1265 1895 ,
1297 1830 1453 1883 Eritis
1500 1830 1616 1883 odio
1661 1829 1888 1881 omnibus
1929 1838 2131 1897 propter

553 1938 732 1975 nomen
758 1939 918 1976 meum
943 1939 962 1987 ;
990 1923 1273 1990 septimum
1302 1964 1317 1984 ,
1346 1921 1568 1974 Tradent
1593 1938 1645 1974 se
1673 1922 1881 1974 invicem
1902 1962 1914 1983 ,
1941 1932 1984 1972 et
2014 1920 2131 1972 odio

553 2017 799 2069 habebunt
832 2016 1077 2079 invicem;
1108 2014 1193 2068 hic
1222 2015 1414 2069 bellum
1457 2015 1615 2068 civile
1644 2013 1895 2067 declarat.
1930 2012 2131 2068 Deinde

554 2107 993 2177 pscudo-christi
1036 2117 1090 2163 et
1138 2108 1252 2161 falsi
1295 2107 1487 2162 fratres
1519 2123 1533 2160 :
1570 2118 1748 2176 postea
1778 2148 1793 2171 ,
1828 2106 2131 2177 Refrigerat

552 2199 739 2251 raritas
767 2199 1058 2263 multorum,
1087 2198 1223 2268 quod
1268 2206 1349 2252 est
1383 2199 1618 2252 omnium
1656 2212 1815 2252 causa
1848 2198 2126 2251 malorum.

557 2289 739 2343 \‘idon‘
766 2289 912 2343 mille
948 2289 1205 2344 bellorum
1252 2306 1444 2359 genera
1469 2331 1484 2355 ,
1535 2305 1666 2344 nova
1698 2290 1873 2344 omnia
1916 2298 1970 2345 et
2010 2299 2126 2345 stu-

555 2378 762 2446 penda?
791 2382 1060 2443 Altamen,
1095 2380 1229 2435 inter
1258 2381 1369 2435 Irrc
1399 2390 1451 2434 et
1472 2381 1572 2434 alia
1603 2382 1763 2435 multa
1794 2380 1813 2451 (
1841 2398 1959 2435 natu
1984 2380 2127 2435 civili

552 2470 690 2523 bello
720 2471 878 2524 etiam
904 2481 1250 2540 cognatorum
1282 2472 1473 2525 bellum
1498 2483 1605 2526 erat
1639 2473 1967 2541 adiunctum)
1995 2488 2130 2541 pra:-

551 2558 746 2613 diratio
773 2570 935 2614 totum
968 2561 1149 2615 orbem
1192 2562 1470 2631 occupavit
1503 2579 1517 2616 :
1547 2579 1665 2617 nam
1696 2564 1790 2627 ait,
1819 2561 2131 2616 Praedicabi-

550 2658 631 2701 tnr
668 2649 761 2701 hoc
784 2646 1106 2719 Evangelia»:
1157 2652 1206 2703 in
1256 2654 1483 2705 universo
1524 2653 1728 2706 mundo.
1765 2652 1858 2707 Ubi
1889 2664 2010 2706 sunt
2038 2653 2128 2722 qui

550 2741 759 2807 getiesis
812 2742 1138 2810 tyrannidem
1192 2752 1592 2813 temporumque
1649 2745 2029 2799 revolutionetn
2075 2745 2124 2797 iu

554 2830 803 2884 ECCieailC
846 2831 1089 2900 dogmata
1128 2832 1359 2886 inferunt
1404 2834 1518 2904 (a)?
1546 2835 1673 2903 Quis
1717 2851 1966 2905 umquam
2010 2852 2122 2891 mc-

552 2921 804 2983 moravit,
835 2921 1002 2975 visum
1046 2922 1209 2977 fuisse
1248 2924 1515 2979 Christum
1567 2927 1723 2979 alium
1748 2968 1760 2986 .
1794 2928 2127 2998 similemque

551 3028 662 3065 rem
695 3020 749 3065 et
772 3022 1026 3067 eventum
1057 3013 1249 3069 fuisse?
1273 3015 1370 3069 etsi
1403 3016 1504 3069 alia
1534 3018 1695 3069 multa
1729 3018 1857 3070 falso
1885 3028 2123 3084 narrent,

550 3119 739 3172 nempe
769 3115 980 3159 centum
1023 3121 1282 3160 annorum
1332 3108 1494 3161 millia
1534 3110 1850 3178 prmteriisse
1878 3148 1892 3172 ,
1946 3126 2124 3166 verum

549 3195 680 3249 nihil
706 3195 791 3250 hic
816 3196 988 3250 simile
1017 3196 1319 3267 conﬁngere
1338 3199 1551 3253 audent.
1583 3200 1748 3267 Quam
1771 3215 1897 3269 ergo
1924 3202 2127 3256 revolu-

549 3288 742 3340 tionem
785 3286 1063 3342 dixeritis?
1091 3287 1272 3358 Neque
1313 3289 1453 3343 enim
1504 3289 1749 3345 Sodoma:
1801 3308 1971 3360 neque
2018 3292 2125 3347 Go-

547 3378 776 3431 morrlue
826 3393 1019 3443 casus,
1052 3394 1222 3449 neque
1276 3380 1570 3441 diluvium,
1622 3383 1855 3436 secundo
1906 3399 2121 3441 venere.

549 3465 832 3536 Usqucqtto
859 3483 984 3536 ergo
1010 3468 1234 3534 ludetis,
1270 3471 1651 3525 revolutioncm
1678 3488 1739 3527 ac
1774 3475 2007 3542 genesim
2040 3475 2121 3528 in-

546 3557 839 3613 ducentcs?
864 3559 1141 3627 Quomodo
1164 3576 1290 3632 ergo
1314 3603 1328 3625 ,
1363 3562 1571 3632 inquies
1590 3606 1603 3627 ,
1634 3566 1796 3618 multa
1824 3567 2122 3635 praedicun-

546 3661 650 3718 tur,
675 3661 727 3707 ct
755 3651 1037 3706 eveniunt?
1061 3652 1192 3719 Quia
1220 3665 1271 3707 tu
1296 3654 1516 3724 teipsum
1545 3657 1634 3710 Dei
1663 3658 1856 3711 auxilio
1884 3660 2119 3728 privasti,

546 3752 599 3797 et
645 3752 696 3797 tc
734 3743 1039 3811 prodidisti,
1067 3753 1225 3814 atque
1264 3754 1410 3799 extra
1443 3747 1824 3815 providentiam
1866 3752 2119 3818 posuisti,

547 3833 666 3889 ideo
692 3833 898 3888 daemon
932 3849 1026 3903 pro
1056 3835 1220 3890 lubito
1243 3851 1339 3889 suo
1368 3853 1453 3890 res
1475 3840 1739 3892 convertit
1765 3847 1818 3895 et
1848 3839 2118 3896 transfert.

550 3923 742 3978 \‘crum
775 3924 825 3979 id
868 3942 971 3979 non
1010 3926 1120 3994 agit
1155 3927 1206 3979 in
1253 3927 1470 3988 sanctis.
1517 3927 1625 3981 imo
1673 3945 1842 3999 neque
1887 3931 1935 3983 in
1971 3931 2121 3987 nobis

545 4016 927 4083 peccatoribus,
949 4016 1035 4085 qui
1069 4016 1153 4069 illa
1180 4016 1464 4071 admodum
1488 4017 1827 4087 despicimus.
1862 4020 1991 4074 Nam
2019 4022 2119 4076 etsi

544 4106 649 4157 vita
680 4114 858 4158 nostra
890 4122 992 4159 non
1038 4106 1106 4160 sit
1150 4107 1420 4161 toleranda
1449 4150 1459 4171 ,
1491 4119 1722 4162 attamen
1751 4112 1870 4180 quia
1903 4128 1995 4180 per
2028 4113 2119 4167 Dei

544 4196 767 4264 gratiam
799 4198 1034 4250 veritatis
1081 4199 1323 4268 dogmata
1366 4202 1763 4257 accuratissime
1794 4205 2114 4272 retinemus,

546 4283 842 4338 drmontnu
879 4286 1083 4341 insidiis
1125 4290 1427 4355 superiores
1471 4308 1672 4347 sumus.
1703 4293 1806 4348 Sed
1838 4296 1961 4365 quid
2007 4307 2117 4349 tau-

545 4375 665 4431 dem
713 4386 795 4432 est
821 4377 904 4432 illa
935 4381 1191 4447 genesis?
1231 4382 1370 4437 Nihil
1410 4384 1550 4438 aliud
1591 4403 1746 4454 quam
1788 4387 2036 4457 iniquitas
2066 4400 2119 4444 et

543 4468 783 4543 confusio
807 4510 822 4535 ,
850 4480 905 4526 et
934 4471 1074 4541 quod
1105 4474 1283 4527 omnia
1327 4489 1453 4529 casu
1502 4488 1554 4530 et
1598 4484 1797 4531 temere
1846 4479 2115 4545 ferantur;

544 4563 651 4615 imo
681 4577 785 4616 non
818 4570 1019 4618 temere
1049 4573 1247 4619 tantum
1272 4607 1287 4630 ,
1315 4565 1409 4620 sed
1436 4567 1592 4621 etiam
1620 4579 1806 4623 contra
1836 4571 2116 4625 rationem.

545 4655 707 4724 Atqui
738 4656 782 4709 si
823 4670 928 4709 non
963 4664 1045 4711 est
1077 4656 1305 4726 genesis,
1331 4657 1556 4728 inquies,
1586 4674 1680 4713 cur
1707 4660 1792 4714 ille
1821 4660 1969 4715 dives
1992 4672 2114 4726 est,

545 4749 633 4803 ille
659 4749 902 4819 pauper?
926 4748 1136 4803 Nescio.
1169 4748 1242 4802 lta
1270 4751 1413 4804 enim
1446 4763 1617 4807 tecum
1647 4752 1949 4821 disputabo,
1982 4765 2035 4807 ιιι
2068 4767 2119 4811 te

544 4840 762 4895 doceam
803 4856 907 4894 non
934 4840 1108 4895 omnia
1152 4842 1228 4895 sic
1255 4842 1463 4896 curiose
1493 4844 1815 4912 esploranda
1843 4861 1990 4906 esse.
2023 4864 2114 4901 ne—

542 4947 643 5001 que
668 4932 989 4987 credendum
1032 4947 1151 4986 esse
1193 4935 1268 4987 sic
1305 4948 1390 4990 res
1417 4943 1615 4988 temere
1643 4935 1787 4989 ferri.
1819 4936 1934 4990 Non
1976 4940 2116 4989 enim

542 5024 659 5091 quia
691 5021 805 5078 haec
827 5023 1039 5094 ignoras
1058 5067 1073 5089 ,
1105 5023 1269 5079 debes
1306 5039 1368 5079 ea
1404 5040 1521 5093 qua:
1548 5041 1673 5080 vere
1703 5042 1810 5081 non
1839 5037 1963 5080 sunt
1992 5042 2118 5081 con-

546 5114 763 5185 fingere.
788 5116 1011 5171 Praestat
1039 5117 1179 5171 enim
1211 5118 1373 5187 probe
1398 5119 1662 5188 ignorare,
1688 5134 1845 5187 quam
1877 5119 2118 5186 improbe

541 5207 768 5263 discere.
797 5207 929 5267 Nam
955 5209 1042 5279 qui
1069 5225 1281 5266 causam
1312 5211 1534 5281 ignorat,
1567 5210 1719 5265 facile
1748 5213 1950 5265 ratione
1972 5212 2119 5265 duci-

543 5311 664 5364 tur;
694 5300 781 5368 qui
809 5310 1004 5366 antem,
1032 5303 1154 5370 quia
1183 5318 1361 5357 veram
1399 5318 1501 5359 non
1539 5305 1710 5367 novit,
1752 5303 1936 5356 fal~am
1971 5319 2118 5356 com-

542 5390 838 5445 miniscitur
862 5433 875 5457 ,
906 5408 1011 5447 non
1061 5392 1214 5449 facile
1245 5396 1437 5463 poterit
1480 5411 1657 5448 veram
1708 5395 1950 5463 accipere
1971 5432 1990 5462 ,
2022 5392 2113 5448 sed

605 5592 675 5647 (ei
699 5590 940 5648 Genesim,
966 5590 1069 5639 sive
1102 5588 1556 5651 genethlialogiam,
1586 5596 1634 5638 et
1676 5587 1799 5637 illam
1842 5596 2112 5648 temporum

540 5651 894 5713 revolutionem
912 5649 1135 5713 exagitat
1165 5649 1552 5713 Chrysostoznus,
1578 5658 1631 5699 ut
1671 5651 1796 5713 libro
1831 5657 1995 5713 contra
2034 5656 2114 5713 Jo-

540 5710 668 5759 ιξελιιιε
696 5720 747 5759 et
768 5711 998 5771 gentiles.
1020 5710 1070 5759 ‘r.
1098 5712 1144 5768 1,
1170 5710 1285 5760 Coll.
1312 5712 1421 5766 828,
1447 5713 1525 5759 ubi
1550 5719 1713 5760 contra
1735 5710 1839 5759 illos
1854 5710 1980 5771 agit.
2007 5710 2091 5770 qui

544 5782 699 5827 timeat
723 5770 793 5818 vel
817 5770 1058 5821 stellarum
1083 5772 1463 5822 conversionibus
1506 5775 1662 5821 omnia
1689 5770 2046 5820 adscribehant.

2242 449 2407 502 multo
2462 449 2663 519 majore
2708 466 2843 520 opus
2888 453 3102 510 habebit
3153 456 3324 515 labore
3368 464 3639 538 ειιιιυτρηυε,
3674 494 3709 533 ιιι

2241 540 2467 607 priorem
2499 542 2673 596 deleat
2697 544 3021 611 opinionem.
3055 546 3109 600 In
3143 551 3452 618 pugillaribus
3474 562 3629 632 quippe
3652 568 3709 622 de.

2240 629 2359 684 litis
2388 631 2540 687 facile
2569 635 2808 702 quisptis
2831 652 2947 704 qua:
2972 638 3197 693 voluerit
3225 644 3402 698 scribet
3427 648 3489 715 (a)
3509 665 3523 713 ς
3547 629 3590 705 iu
3622 670 3712 709 era.

2237 723 2367 776 ratis
2390 738 2515 777 vero
2545 739 2648 777 non
2682 725 2805 778 item
2830 744 2841 778 :
2866 737 3073 794 oportet
3101 731 3240 784 enim
3274 735 3471 801 primum
3493 754 3543 794 ea
3564 743 3711 805 delere.

2238 826 2358 879 qua:
2386 811 2523 865 male
2548 815 2741 884 scripta
2775 815 3005 871 fuerant.
3031 820 3087 873 lit
3122 820 3258 876 inter
3284 825 3508 893 medicos,
3530 834 3599 899 qui
3623 836 3713 890 uilil

2239 902 2409 967 ali‘ert,
2442 913 2658 973 prrestat
2686 907 2733 958 ei
2766 908 2853 976 qui
2892 910 3182 978 perniciosa
3215 916 3377 970 attulit
3400 932 3413 969 :
3439 930 3484 973 et
3507 924 3576 990 qui
3598 927 3715 978 aditi-

2238 1007 2325 1049 cat
2352 1013 2458 1051 non
2507 1000 2675 1052 solida
2704 1010 2965 1056 structura
2997 1005 3146 1072 pejor
3176 1006 3266 1059 illo
3291 1018 3364 1062 cst
3396 1012 3474 1080 qui
3501 1014 3604 1069 nihil
3625 1032 3716 1071 cou-

2239 1087 2423 1150 struit;
2455 1097 2512 1140 ut
2537 1098 2593 1141 et
2624 1100 2760 1142 terra
2792 1108 2910 1160 qua:
2936 1093 3063 1147 nihil
3095 1097 3290 1163 profert
3312 1137 3328 1164 ,
3358 1102 3521 1155 nulior
3544 1105 3611 1159 illa
3634 1124 3718 1177 qua:

2242 1177 2418 1242 spinas
2459 1179 2640 1248 gignit.
2672 1181 2748 1234 Ne
2776 1184 2951 1253 itaque
2985 1184 3050 1239 ad
3077 1189 3254 1243 omnia
3282 1191 3531 1249 ediscenda
3558 1196 3717 1253 festine-

2242 1282 2359 1319 mus
2383 1308 2397 1333 ,
2428 1269 2520 1323 sed
2552 1287 2616 1324 ne
2645 1285 2785 1342 aegre
2814 1274 3044 1331 feramus
3070 1275 3115 1331 si
3143 1279 3335 1349 aliquid
3362 1282 3649 1353 ignoremus;
3672 1307 3720 1345 ne

2240 1359 2281 1411 si
2306 1358 2577 1414 doctorem
2607 1362 2933 1419 inveniamus
2958 1408 2973 1432 ,
3010 1368 3272 1437 duplicem
3303 1372 3368 1425 illi
3398 1373 3638 1431 inferamus
3666 1380 3719 1431 lt-

2238 1449 2456 1515 borcm;
2492 1453 2596 1505 into
2628 1471 2752 1508 vero
2797 1458 2945 1510 mulli
2977 1475 3117 1528 sane
3149 1460 3410 1517 iucurab'di
3439 1467 3595 1521 morbo
3618 1470 3723 1523 labo-

2237 1552 2436 1599 rantes.
2465 1558 2586 1597 cum
2615 1546 2664 1598 in
2698 1562 2855 1614 prava
2890 1548 3132 1617 dogmata
3178 1555 3333 1607 semel
3376 1557 3661 1622 incidissent,
3686 1562 3720 1614 in

2235 1633 2302 1687 iis
2330 1638 2691 1703 perstiterunt.
2721 1640 2900 1710 Neque
2929 1644 3069 1696 enim
3100 1646 3316 1715 aequalis
3343 1638 3475 1703 libor
3510 1661 3577 1705 est
3618 1654 3723 1719 prius

2235 1726 2465 1781 evellere
2493 1744 2553 1782 ca
2598 1745 2716 1799 qua:
2756 1733 2891 1786 male
2940 1733 3144 1789 radices
3175 1749 3479 1807 posuerant,
3502 1751 3547 1795 et
3571 1744 3610 1795 iu
3630 1760 3723 1813 agro

2239 1830 2370 1879 puro
2412 1819 2678 1873 seminare
2708 1831 2861 1890 atque
2895 1822 3153 1890 plautare.
3184 1827 3294 1880 Illic
3329 1829 3460 1881 enim
3501 1832 3722 1888 emundare

2237 1907 2381 1974 prius
2401 1920 2630 1978 oportet,
2659 1922 2711 1966 et
2738 1923 2857 1982 post
2885 1915 2982 1968 alia
3012 1917 3277 1980 inserere;
3305 1918 3386 1974 hic
3403 1932 3556 1976 autem
3578 1937 3720 1992 paratae

2234 2007 2359 2053 sunt
2403 2017 2580 2058 aures.
2622 2003 2772 2059 Unde
2814 2023 2941 2077 ergo
2984 2008 3040 2061 fit
3068 2019 3125 2064 ut
3152 2010 3241 2064 ille
3270 2013 3335 2066 sit
3371 2012 3536 2068 dives?
3558 2014 3645 2069 lam
3666 2017 3721 2068 di-

2234 2104 2349 2144 cam
2378 2110 2391 2146 :
2419 2093 2505 2147 alii
2551 2095 2659 2150 Deo
2686 2097 2849 2152 dante
2868 2139 2883 2163 ,
2914 2100 3001 2152 alii
3036 2102 3390 2168 permittente,
3418 2106 3495 2159 alii
3529 2105 3587 2159 ob
3607 2108 3719 2161 aliam

2233 2197 2477 2237 arcanam
2504 2185 2952 2253 disiiensationem
2975 2231 2990 2253 ,
3014 2190 3227 2247 divitias
3251 2196 3515 2262 possident.
3544 2196 3642 2249 ll;ec
3663 2212 3724 2250 ra-

2236 2272 2307 2325 tio
2334 2273 2507 2329 brevis
2550 2286 2629 2329 est
2675 2286 2833 2347 atque
2859 2280 3101 2348 simplex.
3134 2282 3244 2336 Cur
3269 2299 3408 2354 ergo,
3439 2286 3624 2356 inquies,
3648 2284 3723 2340 foro

2234 2363 2524 2417 nicatorcm
2562 2364 2779 2421 divitem
2816 2370 3026 2435 cliecit,
3053 2387 3262 2427 necnon
3305 2374 3574 2439 rnrechum,
3608 2377 3721 2429 lasci-

2233 2468 2352 2506 vttut
2376 2496 2390 2521 ,
2424 2470 2650 2524 cumque
2679 2460 2767 2527 qui
2802 2461 2940 2515 male
2977 2462 3135 2517 rebus
3166 2465 3278 2518 suis
3305 2466 3486 2519 utitur?
3510 2465 3603 2519 Non
3637 2462 3725 2518 facit

2232 2544 2468 2613 divitem,
2501 2548 2592 2603 sed
2635 2551 2887 2618 permittit
2918 2567 3036 2608 esse
3064 2554 3282 2611 divitem
3312 2574 3324 2609 :
3357 2572 3571 2625 magnum
3594 2566 3722 2609 autem

2230 2648 2313 2693 est
2356 2639 2689 2696 intervallum
2719 2644 2855 2698 inter
2892 2643 3069 2701 facere
3095 2656 3148 2701 et
3178 2649 3486 2717 permittere.
3512 2649 3601 2704 Cur
3633 2664 3727 2719 ergo

2232 2731 2448 2786 omnino
2475 2734 2771 2801 permittit?
2800 2736 2930 2805 Quia
2963 2738 3203 2793 nondum
3231 2742 3608 2811 advenitjudicii
3631 2753 3724 2795 tem-

2232 2836 2328 2891 pus
2355 2862 2370 2887 ,
2400 2832 2456 2877 ut
2486 2840 2580 2893 pro
2606 2827 2795 2882 merito
2822 2830 3046 2900 quisque
3091 2834 3331 2903 recipiat.
3359 2833 3482 2901 Quid
3521 2835 3635 2889 enim
3664 2834 3729 2887 illo

2229 2912 2390 2968 divite
2426 2916 2660 2971 deterius
2679 2958 2694 2983 ,
2742 2920 2828 2987 qui
2872 2935 2938 2974 ne
2965 2922 3127 2976 micas
3154 2923 3367 2992 quidem
3389 2925 3564 2979 Lazaro
3585 2925 3725 2980 dabat.

2229 3012 2283 3057 et
2310 3013 2483 3060 tamen
2511 3007 2746 3062 onmium
2775 3010 3262 3069 miserabilissimus
3287 3014 3381 3069 fuit
3404 3015 3538 3084 (Luc.
3557 3012 3729 3081 16.23)?

2227 3092 2359 3149 Nam
2390 3111 2562 3166 neque
2592 3099 2784 3153 stillam
2816 3115 2968 3170 aquae
2992 3102 3190 3159 habere
3218 3105 3401 3175 potuit,
3429 3105 3535 3160 ideo
3558 3114 3725 3163 tantum.

2228 3187 2349 3256 quia
2379 3188 2530 3243 dives
2555 3205 2672 3244 cum
2714 3203 2894 3259 esset,
2922 3194 3248 3252 inhumanus
3290 3207 3419 3254 erat.
3443 3197 3559 3253 Nam
3590 3198 3624 3250 si
3654 3196 3728 3249 duo

2230 3277 2449 3347 imparis
2478 3282 2697 3337 fortuna:
2730 3285 2952 3354 improbi
2984 3287 3202 3355 fuerint,
3231 3308 3447 3361 quorum
3474 3292 3587 3346 alius
3620 3290 3726 3341 dites

2227 3370 2316 3435 sit,
2348 3371 2482 3425 alius
2508 3388 2726 3441 pauper,
2760 3393 2864 3429 non
2895 3393 3049 3446 pares
3092 3380 3200 3434 illic
3241 3382 3437 3436 dabunt
3464 3396 3638 3452 pinnas,
3661 3377 3723 3431 sed

2226 3464 2526 3533 opulentior
2552 3469 2764 3534 gravius
2792 3469 3070 3536 plectetur.

2296 3554 2348 3609 5.
2386 3554 2600 3611 Peccata
2644 3561 2903 3629 gravitatis
2932 3573 2977 3615 et
3004 3580 3163 3633 pretia:
3213 3568 3483 3620 auctionem
3507 3574 3581 3618 aut
3603 3559 3725 3617 immi-

2226 3645 2477 3699 nutionem
2501 3665 2530 3699 a
2558 3649 3045 3707 circnmstantiarum
3072 3664 3115 3707 et
3144 3674 3466 3724 personarum
3502 3652 3729 3721 differentiis

2224 3738 2769 3795 ntatuantur.-Vides
2795 3757 2922 3812 ergo
2947 3743 3083 3798 hunc
3104 3749 3343 3815 graviore
3364 3746 3490 3801 affici
3514 3744 3726 3815 supplicio,

2224 3830 2342 3899 quia
2372 3830 2422 3883 in
2453 3831 2549 3887 hac
2578 3833 2681 3885 vita
2709 3834 2844 3889 bona
2875 3841 3190 3906 acceperat?
3217 3841 3281 3895 Et
3304 3852 3353 3893 tu
3376 3842 3535 3911 igitur,
3560 3854 3655 3893 cum
3676 3835 3729 3887 ri-

2224 3920 2366 3975 detis
2394 3922 2571 3991 inique
2605 3923 2819 3979 divitem
2845 3925 3061 3981 feliciter
3086 3944 3267 3998 agere,
3298 3930 3578 3999 ingemisce,
3605 3928 3731 3994 lact?

2226 4025 2408 4065 mare:
2444 4028 2563 4066 nam
2613 4014 2807 4069 divitia:
2837 4015 2909 4069 illi
2939 4019 3182 4087 supplicii
3232 4021 3460 4076 accessio
3499 4028 3647 4074 erunt.
3688 4014 3735 4069 Ut

2224 4104 2367 4159 enim
2395 4106 2469 4160 illi
2503 4106 2590 4176 qui
2629 4107 2849 4162 multum
2890 4122 3193 4178 percarum,
3234 4126 3404 4179 neque
3437 4108 3730 4178 pmaitenliam

2221 4209 2378 4265 agere
2397 4197 2597 4263 volunt,
2626 4196 2717 4254 ira:
2746 4198 3047 4253 thesaurum
3071 4201 3168 4255 sibi
3200 4212 3385 4271 parant
3404 4202 3561 4272 (Rom.
3588 4199 3633 4253 2.
3660 4198 3729 4264 5):

2223 4286 2301 4340 sic
2342 4287 2412 4340 illi
2454 4288 2542 4357 qui
2588 4288 2671 4343 hic
2714 4305 2898 4360 poenas
2952 4308 3054 4346 non
3086 4293 3368 4357 dederunt,
3396 4293 3481 4347 sed
3510 4291 3640 4345 rebus
3675 4286 3733 4338 usi

2221 4386 2344 4429 sunt
2374 4378 2639 4446 prOSperis
2659 4418 2674 4444 ,
2710 4380 2893 4448 majori
2918 4383 3174 4451 supplicio
3201 4384 3509 4439 afficientur.
3542 4380 3590 4435 ld
3612 4375 3733 4447 quod.

2220 4466 2265 4522 si
2294 4467 2484 4537 placet,
2511 4484 2612 4522 non
2644 4486 2706 4523 ex
2740 4469 2913 4524 futura
2947 4481 3149 4526 tantum
3197 4476 3336 4537 vita,
3382 4474 3471 4527 sed
3516 4472 3647 4525 etiam
3685 4479 3732 4518 ex

2222 4560 2470 4628 praesenti
2505 4560 2594 4614 tibi
2623 4563 2869 4631 exetuplo
2916 4564 3169 4632 probabo.
3201 4566 3396 4620 Beatus
3430 4565 3558 4621 enim
3593 4557 3733 4620 David.

2220 4649 2431 4719 quando
2472 4654 2709 4720 peccavit
2753 4669 2871 4707 cum
2926 4654 3186 4709 Bersabee
3213 4698 3227 4723 ,
3260 4671 3380 4709 cum
3423 4661 3685 4724 argueretur
3711 4662 3732 4697 ιι

2222 4741 2517 4810 propheta,
2566 4744 2686 4796 ideo
2742 4746 2967 4799 maxime
3020 4747 3385 4802 vehementius
3426 4743 3734 4802 incusabatur.

2220 4834 2358 4903 quod
2394 4837 2568 4889 multis
2592 4836 2809 4892 affectus
2841 4838 3129 4906 beneficiis,
3163 4843 3283 4895 talis
3323 4843 3427 4913 jam
3464 4847 3605 4895 esset.
3633 4832 3735 4890 Audi

2220 4928 2359 4980 enim
2388 4928 2552 4981 Deum
2581 4929 2629 4982 id
2651 4930 2722 4983 illi
2744 4931 3149 5000 exprobranlem
3181 4951 3194 4989 :
3225 4934 3405 4989 Annon
3429 4933 3541 4988 anxi
3566 4930 3662 4985 tein
3680 4942 3738 4979 re-

2219 5035 2348 5087 gem,
2369 5028 2413 5072 et
2439 5020 2546 5072 erui
2576 5029 2622 5074 te
2648 5022 2707 5074 de
2734 5038 2882 5075 manu
2914 5023 3088 5079 Sat'dis
3108 5041 3129 5080 :
3148 5026 3362 5095 dedique
3382 5026 3465 5079 tibi
3487 5023 3634 5077 omnia
3653 5029 3739 5087 qua

2221 5110 2411 5162 domini
2440 5112 2513 5163 tui
2540 5114 2757 5181 fuerant,
2780 5124 2826 5166 et
2854 5115 3130 5168 universam
3151 5116 3356 5171 domum
3376 5115 3532 5170 Israel
3549 5104 3739 5165 etJttdu.’

2224 5198 2286 5251 Et
2314 5201 2356 5253 si
2386 5201 2490 5254 lucc
2518 5219 2679 5271 pauca
2708 5203 2793 5256 tibi
2814 5216 2993 5270 essent,
3021 5207 3255 5260 adderem
3296 5210 3383 5261 tibi
3417 5208 3536 5260 sicut
3568 5205 3663 5256 is.'a.
3693 5195 3739 5249 Et

2219 5290 2339 5357 quid
2372 5291 2533 5360 fecisti
2560 5295 2745 5346 malum
2771 5309 2937 5347 coram
2968 5313 3046 5349 me
3084 5296 3167 5365 (2.
3196 5297 3320 5367 Reg.
3354 5297 3433 5351 12.
3458 5293 3565 5349 7—9
3586 5287 3694 5356 ΗΝ
3713 5300 3737 5336 η

2221 5392 2344 5437 sunt
2386 5385 2578 5453 quippe
2611 5385 2795 5440 eadem
2830 5402 2924 5451 pro
2953 5389 3195 5442 omnibus
3230 5389 3471 5458 peccatis.
3502 5386 3585 5440 sed
3609 5382 3737 5436 ntu‘ta

2221 5474 2468 5543 variaque
2498 5475 2772 5543 supplicia,
2795 5477 3084 5530 secandum
3108 5486 3339 5544 :ctatetn,
3359 5475 3619 5531 secundum
3645 5483 3733 5538 pcr-

2218 5579 2397 5628 sonas,
2418 5565 2705 5621 secundum
2723 5567 3048 5638 dignitatem,
3077 5568 3403 5637 prudentiam
3440 5568 3621 5630 aliaque
3648 5562 3737 5629 plu-

2220 5656 2372 5711 rima.
2428 5656 2601 5727 thue
2628 5660 2821 5714 clarius
2861 5660 3066 5729 loquar,
3098 5676 3257 5714 unum
3288 5662 3338 5714 in
3368 5659 3530 5713 medio
3555 5660 3737 5727 ponath

2285 5770 2355 5831 (a)
2381 5768 2647 5832 Pugillares
2668 5771 2934 5833 ltttjusntrdi
2958 5771 3319 5835 palimpsestum
3344 5779 3472 5821 vocat
3495 5764 3671 5816 Tullius.
