4104 6218
351 262 458 320 695

352 389 626 452 peccatum
651 420 667 446 ,
697 379 975 434 fornicatio
1006 395 1021 433 :
1051 388 1105 434 et
1132 378 1408 432 considera
1436 386 1562 447 quot
1587 392 1780 446 genera
1811 390 1936 444 sup-

352 474 627 541 pliciorum
655 478 960 534 occurrant,
991 484 1098 524 non
1126 486 1153 521 a
1185 469 1338 524 nobis
1363 468 1541 531 allata,
1565 468 1657 520 sed
1686 482 1755 519 ex
1787 466 1929 519 Scri-

352 563 518 631 pturis
542 562 843 631 desumpta.
874 558 931 615 Si
965 560 1087 630 quis
1132 571 1254 612 ante
1303 562 1469 628 legem
1511 558 1797 612 fornicatus
1826 563 1927 619 est,

349 654 453 707 alio
492 651 653 707 modo
680 652 1000 721 supplicium
1030 652 1158 715 luit;
1192 651 1241 705 id
1267 652 1461 705 Paulus
1486 651 1717 703 ostendit
1747 664 1760 700 :
1802 648 1929 709 Qui-

349 761 560 814 cumque
585 746 693 798 sine
717 745 825 815 lege
850 756 1195 814 peccaverunt,
1216 745 1325 797 sine
1350 744 1458 813 lege
1481 742 1710 813 peribunt
1740 740 1927 813 (Rom.

348 837 403 891 9..
440 836 568 907 1‘2).
611 835 924 891 Fornicattts
949 845 1031 890 est
1058 837 1175 905 quis
1205 846 1323 904 post
1350 833 1803 904 legem,graviora
1833 846 1931 903 pa-

351 928 512 980 tietur
543 946 555 981 :
589 927 843 996 Quotquot
876 928 1006 980 enim
1046 927 1098 978 in
1139 924 1247 995 lege
1273 934 1597 994 peccaverunt
1618 965 1633 990 ,
1661 940 1749 993 per
1775 923 1932 993 legem

347 1018 724 1088 iudicabuntur.
756 1017 1067 1073 Fornicatns
1114 1026 1193 1071 est
1219 1018 1338 1085 quis
1364 1014 1635 1078 sacerdos,
1666 1030 1731 1068 ex
1758 1014 1929 1082 digni-

351 1119 458 1163 tate
482 1109 894 1163 additamentum
924 1122 1093 1177 patme
1119 1108 1312 1176 accipit
1336 1107 1643 1160 maximum.
1666 1105 1789 1160 Ideo
1814 1105 1930 1159 alia:

351 1201 539 1269 puella:
599 1201 917 1254 fornicantes
969 1198 1382 1262 occidebantur;
1426 1197 1759 1251 sacerdotum
1802 1211 1931 1250 vero

351 1293 472 1344 tiliae
498 1289 981 1359 comburebantur,
1023 1298 1350 1344 monstrante
1396 1288 1696 1358 legislature
1736 1298 1931 1357 quanta

349 1397 505 1451 paena
529 1381 793 1437 sacerdoti
818 1383 884 1435 ita
909 1381 1146 1451 peccanti
1166 1380 1464 1434 immineret
1487 1397 1500 1431 :
1524 1394 1644 1432 nam
1666 1379 1710 1432 si
1735 1377 1927 1447 puella,

350 1472 488 1542 quod
518 1472 620 1525 ftlia
638 1471 931 1526 sacerdotis
955 1479 1118 1535 esset,
1140 1470 1308 1536 majus
1327 1471 1417 1522 luit
1445 1470 1782 1539 supplicium,
1808 1468 1932 1522 mul-

351 1574 405 1617 to
430 1563 596 1632 majus
620 1562 732 1631 ipse
758 1561 1004 1616 sacerdos
1026 1561 1155 1615 luet.
1176 1559 1239 1613 Vi
1261 1575 1563 1629 compressa
1590 1559 1784 1614 femina
1810 1558 1927 1623 fuit,

350 1670 376 1706 a
402 1655 656 1724 supplicio
685 1654 769 1707 illa
802 1652 1090 1708 eximitur:
1121 1651 1233 1705 haec
1259 1651 1527 1720 Opttlcnta,
1559 1651 1751 1719 illaque
1782 1649 1934 1719 inops

352 1742 606 1799 fornicata
627 1754 707 1800 est
732 1763 743 1797 :
772 1745 856 1799 hic
875 1760 1082 1814 quoque
1101 1758 1375 1813 pinnarum
1404 1743 1690 1797 discrimen
1719 1753 1820 1797 est.
1852 1742 1935 1797 ld-

348 1851 453 1905 quc
482 1836 651 1904 palam
679 1846 760 1891 est
788 1852 849 1891 ex
884 1836 946 1889 iis
971 1851 1089 1906 qua:
1115 1834 1274 1890 modo
1297 1835 1604 1891 dicebamus
1624 1835 1690 1890 de
1714 1835 1930 1890 Davide.

354 1925 666 1979 Fornicatns
701 1934 782 1979 est
819 1926 1076 1995 quispiam
1106 1935 1221 1993 post
1254 1924 1539 1980 adventum
1568 1925 1788 1992 Christi,
1823 1942 1926 1979 non

354 2015 588 2069 initiatus
606 2034 617 2068 :
638 2017 905 2085 graviores
932 2031 1085 2084 quam
1110 2016 1180 2070 illi
1202 2030 1389 2070 omnes
1404 2014 1549 2070 dabit
1571 2031 1777 2086 pinnas.
1801 2015 1935 2072 For-

352 2108 556 2161 niratus
573 2116 653 2162 est
674 2108 789 2177 quis
818 2117 933 2176 post
964 2108 1227 2161 lavacrum
1248 2106 1409 2161 divini
1428 2107 1756 2177 baptismatis
1783 2126 1795 2161 :
1814 2107 1924 2176 jam

355 2199 476 2253 huic
507 2200 644 2253 nulla
674 2200 985 2270 relinquitur
1010 2199 1302 2253 consolatio
1333 2199 1414 2254 vel
1447 2199 1707 2254 levamen.
1741 2200 1803 2253 Et
1833 2201 1932 2255 hoc

353 2293 526 2361 ipsum
557 2293 847 2347 ostendens
878 2293 1073 2348 Paulus
1104 2292 1314 2347 dicebat
1337 2311 1350 2346 :
1376 2291 1437 2347 Si
1456 2294 1565 2361 quis
1591 2293 1937 2362 contempserit

349 2388 509 2453 legem
534 2384 747 2453 Moysis,
780 2386 886 2438 sine
917 2385 1262 2438 misericordia
1289 2385 1481 2439 duobus
1508 2386 1584 2438 vel
1615 2382 1772 2437 tribus
1803 2386 1931 2439 testi-

348 2478 442 2527 bus
472 2466 904 2545 ntoritur(ﬂeftr.
955 2478 1039 2530 l0.
1070 2476 1197 2545 ΞΒ).
1242 2475 1454 2542 Quanto
1498 2475 1699 2545 majore
1746 2476 1940 2544 putatis

352 2566 611 2635 supplicio
661 2565 926 2623 afficietur
969 2569 1014 2623 is
1047 2569 1135 2637 qui
1167 2567 1354 2621 Filium
1395 2568 1485 2623 Dei
1527 2569 1938 2632 conculcavcrit,

349 2657 440 2726 qui
469 2658 777 2727 sanguinem
830 2660 1153 2715 Testamonti
1209 2676 1546 2716 communem
1600 2662 1861 2733 putaverit
1890 2662 1938 2715 in

350 2764 456 2818 quo
495 2749 857 2804 sanctificatus
886 2754 1082 2821 est,qui
1111 2752 1333 2820 gratiam
1362 2751 1590 2821 Spiritus
1620 2752 1939 2806 contumelia

353 2839 631 2893 affecerit?
682 2838 993 2895 Fornicatus
1040 2856 1181 2895 nunc
1219 2851 1300 2896 est
1346 2842 1597 2895 sacerdos
1631 2842 1936 2910 quispiam:

355 2932 455 2986 hoc
479 2933 705 2987 maxime
732 2934 995 2987 malorum
1018 2934 1226 2989 culmen
1251 2943 1351 2989 est.
1386 2933 1624 2987 Vidistin‘
1644 2934 1797 2987 unius
1819 2948 1914 3001 pec

351 3023 457 3077 cali
478 3033 619 3093 quot.
637 3023 742 3078 sint
762 3022 1119 3077 differentim?
1147 3023 1259 3077 Alia
1290 3032 1413 3077 ante
1456 3024 1649 3093 legem,
1684 3024 1783 3077 alia
1824 3034 1939 3091 post

356 3111 547 3183 legem.
574 3115 864 3169 sacerdotis
882 3114 1005 3181 alia,
1026 3114 1204 3169 divitis
1231 3125 1281 3168 et
1312 3117 1556 3185 pauperis
1578 3117 1786 3171 femina:
1811 3118 1935 3185 alia,

354 3206 455 3259 alia
482 3220 612 3259 vero
640 3206 1054 3271 cateclmmenze,
1081 3206 1250 3261 fidelis
1290 3216 1344 3260 et
1381 3207 1693 3261 sacerdotis.
1725 3211 1761 3261 Α
1810 3224 1936 3277 pro-

354 3296 530 3349 dentia
572 3311 781 3365 quoque
822 3295 985 3350 multa
1034 3308 1115 3351 est
1163 3296 1459 3352 differentia
1514 3314 1681 3351 :nam
1713 3299 1810 3366 Qui
1845 3301 1939 3354 scit

355 3388 657 3441 voluntatem
697 3388 901 3442 Domini
939 3390 1040 3452 sui,
1068 3400 1112 3442 et
1143 3406 1241 3442 non
1286 3391 1432 3461 facit,
1464 3390 1719 3461 vapulabit
1770 3394 1939 3447 multis

356 3479 371 3542 (
401 3478 522 3533 Luc.
557 3480 642 3534 12.
668 3481 792 3551 47).
817 3485 890 3535 Ac
913 3490 1032 3550 post
1063 3492 1140 3535 tot
1168 3491 1417 3551 tantaque
1438 3485 1678 3554 exempla
1709 3500 1936 3554 peccare

355 3573 527 3641 majus
561 3574 730 3627 adfert
756 3575 1093 3645 supplicium.
1122 3574 1271 3629 Unde
1300 3577 1370 3629 ait
1398 3593 1409 3629 :
1440 3576 1543 3630 Vos
1563 3587 1739 3633 autem
1764 3593 1936 3649 neque

358 3664 633 3729 videntes,
668 3666 1031 3734 penitentiam
1083 3671 1263 3736 postea
1311 3668 1529 3738 egistis.
1570 3670 1693 3725 licet
1744 3687 1936 3742 magno

1444 3879 1789 3941 HOMILIA
1835 3882 2121 3942 LXXVI.
2169 3880 2253 3942 al.
2300 3878 2620 3941 LXXVII.

352 4019 481 4077 Car.
521 4022 609 4076 Ἡ.
652 4038 703 4076 v.
748 4021 833 4077 16.
880 4021 1018 4075 Tunc
1059 4021 1145 4091 qui
1197 4023 1249 4075 in
1286 4019 1471 4076 ludam
1522 4032 1672 4088 sunt,
1721 4024 1920 4095 fugiant

429 4117 496 4168 ad
526 4126 718 4169 montes
744 4132 761 4179 ;
802 4116 888 4169 l7.
923 4124 967 4168 et
998 4116 1081 4185 qui
1102 4132 1258 4185 supra
1291 4126 1473 4168 tectum
1493 4158 1509 4183 ,
1535 4134 1635 4170 non
1664 4117 1933 4173 descendat

426 4204 599 4261 tollere
627 4207 821 4275 aliquid
844 4207 909 4259 de
932 4206 1082 4258 domo
1106 4222 1232 4270 sua;
1264 4206 1347 4261 18.
1384 4216 1429 4259 et
1449 4207 1533 4277 qui
1564 4206 1613 4260 in
1649 4224 1772 4278 agro
1793 4249 1808 4274 ,
1835 4225 1937 4262 non

425 4311 698 4353 revertatur
723 4299 896 4353 tollere
919 4299 1207 4352 vestimenta
1236 4316 1350 4363 sua,
1384 4307 1487 4354 etc.

432 4392 481 4444 1.
523 4389 719 4442 ludatis
761 4397 870 4458 post
911 4405 1075 4442 necem
1105 4387 1293 4443 Christi
1335 4405 1445 4461 spes
1493 4391 1655 4444 omnis
1700 4391 1935 4457 pra’cisa.

358 4482 559 4547 Quanta
580 4482 728 4554 fuerit
752 4482 952 4535 illorum
970 4482 1255 4545 calamitas;
1276 4498 1408 4536 mors
1429 4482 1615 4537 Christi
1633 4484 1768 4538 illius
1787 4502 1941 4539 causa

356 4575 472 4642 fuit.
495 4573 851 4642 —l’ostquam
878 4571 945 4626 dc
974 4571 1127 4625 malis
1152 4571 1414 4625 civitatem
1443 4572 1703 4627 invasuris
1727 4615 1742 4639 ,
1771 4575 1942 4645 deque

354 4664 714 4731 apostolorum
733 4664 1107 4718 cerctminibus
1123 4662 1348 4727 dixerat,
1370 4664 1487 4717 illos
1510 4680 1699 4735 nempe
1721 4668 1943 4723 invictos

358 4755 493 4822 fore,
526 4766 801 4824 totumque
829 4754 1011 4809 orbem
1042 4769 1364 4825 pervasuros
1388 4769 1528 4821 esse,
1557 4755 1801 4812 Judaicas
1828 4775 1943 4813 rur-

357 4862 474 4900 sum
501 4844 830 4901 calamitates
866 4843 1151 4909 describit,
1193 4844 1482 4900 ostendens
1502 4888 1516 4911 ,
1546 4847 1759 4915 quando
1784 4847 1943 4904 disci-

358 4937 464 5007 puli
494 4935 758 5006 splendidi
789 4945 947 4989 erunt
975 4943 1254 5004 totumque
1282 4935 1549 4992 docebunt
1575 4938 1780 5006 orbem,
1822 4948 1944 4995 tunc

354 5030 475 5083 illos
498 5030 550 5081 in
570 5027 959 5082 calamitatibus
981 5035 1288 5082 versaturos
1307 5032 1445 5083 esse.
1470 5029 1746 5099 Perpende
1769 5041 1942 5086 autem

355 5117 623 5188 quomodo
653 5118 849 5172 bellum
879 5127 1127 5182 enarret,
1157 5134 1254 5188 per
1293 5134 1353 5171 ea
1384 5136 1502 5189 qua:
1535 5122 1753 5176 minima
1792 5122 1939 5179 vide-

357 5212 551 5266 bantur
578 5212 910 5265 atrocitatem
943 5210 1059 5278 ejus
1088 5210 1381 5266 declarans.
1412 5208 1588 5277 Tunc,
1625 5215 1825 5285 inquit,
1859 5218 1945 5286 qui

354 5302 408 5355 in
435 5299 619 5355 Judtea
646 5300 780 5362 sunt,
812 5304 1014 5372 fugiant
1038 5300 1107 5355 ad
1128 5310 1339 5356 montes.
1373 5301 1531 5364 Tunc.
1564 5305 1946 5372 quandonam?

354 5395 487 5449 Cum
514 5393 625 5445 haec
646 5393 911 5450 evenient.
934 5407 1053 5446 cum
1076 5392 1398 5447 abominatio
1419 5393 1765 5449 desolationis
1785 5397 1947 5451 stabit

366 5485 417 5537 in
464 5485 578 5537 loco
623 5492 825 5538 sancto.
860 5481 1013 5537 Unde
1043 5482 1171 5536 mihi
1200 5481 1409 5536 videtur
1434 5484 1701 5538 exercitus
1742 5486 1941 5541 dicere.

358 5574 509 5630 Tunc
538 5573 701 5645 fugite
724 5615 740 5639 ,
773 5574 943 5644 inquit
977 5597 990 5627 :
1033 5574 1172 5628 nulla
1205 5575 1346 5628 enim
1375 5573 1627 5645 deinceps
1654 5576 1800 5631 vobis
1822 5590 1946 5647 spes

360 5667 545 5723 salutis
572 5666 691 5721 erit.
722 5664 852 5720 Nam
880 5666 1001 5736 quia
1026 5667 1078 5720 in
1106 5665 1356 5737 gravibus
1382 5666 1505 5722 olitn
1539 5668 1710 5728 bellis.
1740 5684 1770 5723 c
1792 5670 1944 5723 malis

681 5782 952 5840 Ps'ruoL.
999 5778 1115 5836 Gn.
1167 5773 1381 5834 LVlll.

1307 259 1371 314 ΙΝ
1411 257 1812 316 ΜΑΤἸΊΙΑΞΠΜ
1853 255 2077 311 ilOMlL.
2122 257 2350 314 LXXVI.
2391 257 2459 314 ai.
2501 260 2753 316 LXXVII.

3518 269 3623 326 891

2042 376 2185 430 cnltn
2213 378 2326 429 sitis
2355 378 2617 432 honorati.
2660 378 2783 432 ideo
2808 387 2862 433 et
2884 378 3233 451 Jeromlytnze
3281 381 3380 436 hoc
3425 383 3624 453 impro-

2040 475 2186 533 perat
2232 468 2455 522 dicens:
2488 469 2693 534 Quoties
2734 471 2868 523 volui
2907 487 3213 542 congregare
3251 475 3385 541 ﬁlios
3410 487 3620 540 vestros,

2038 567 2083 610 et
2114 560 2342 613 noluistis
2373 558 2538 632 (Luc.
2564 562 2649 615 13.
2678 562 2745 617 34
2763 560 2821 629 )?
2851 562 2923 617 De
2949 566 3286 631 peccantibus
3312 582 3376 621 ex
3409 567 3621 622 delicia-

2039 664 2156 701 rnm
2186 650 2335 717 copia
2382 650 2433 703 in
2482 650 2682 706 Lazaro
2710 654 3008 722 exemplum
3044 654 3229 710 habes.
3262 659 3302 708 Λ
3337 657 3454 709 loco
3495 666 3618 712 item

2038 742 2249 808 gravius
2288 740 2521 794 eﬂicitnr
2563 757 2871 810 peccatum;
2905 746 3044 815 quod
3077 748 3155 802 sic
3198 747 3311 818 ipse
3340 748 3571 806 declarat
3606 770 3618 804 :

2040 834 2181 887 Inter
2223 836 2463 905 templum
2491 848 2535 889 et
2562 838 2741 893 altare.
2793 840 2832 892 A
2878 840 3037 894 modo
3092 842 3216 895 item
3262 842 3616 899 delictorum:

2043 925 2159 978 Non
2187 926 2389 991 mirum,
2419 927 2609 996 inquit,
2637 940 2706 981 est
2737 929 2781 982 si
2809 934 2919 997 quis
2945 931 3123 1001 furans
3162 934 3574 1004 apprehendatur
3603 952 3620 990 .'

2040 1023 2239 1087 furatur
2253 1021 2384 1072 enim
2404 1029 2455 1071 ut
2472 1022 2692 1073 animant
2713 1038 2856 1074 suam
2891 1024 3095 1093 impleat
3121 1028 3417 1081 esurientem
3434 1026 3618 1100 (Prov.

2038 1109 2091 1161 6.
2123 1108 2255 1178 30):
2286 1118 2339 1163 et
2368 1124 2595 1172 rursum,
2652 1110 2891 1166 Oct-idisti
2929 1114 3062 1181 ﬁlios
3098 1125 3208 1169 tuos
3242 1126 3286 1169 et
3315 1118 3448 1185 ﬁlias
3478 1128 3621 1182 tuas;

2040 1199 2133 1252 hoc
2180 1217 2329 1269 super
2358 1216 2550 1255 onmem
2583 1204 2965 1271 fornicationem
2991 1216 3127 1257 luant
3158 1218 3203 1258 et
3227 1208 3621 1263 abontinationes

2040 1301 2153 1345 tuas
2179 1292 2196 1360 (
2216 1292 2401 1346 Ezech.
2435 1292 2520 1348 16.
2559 1293 2686 1361 20).
2721 1295 2763 1348 Α
2798 1295 3039 1362 personis
3070 1311 3233 1350 vero:
3262 1296 3322 1351 Si
3349 1301 3625 1367 peccaverit

2038 1384 2220 1451 aliquis
2262 1384 2313 1436 in
2356 1385 2645 1448 hominem,
2676 1386 2886 1438 orabunt
2930 1402 3019 1453 pro
3059 1402 3149 1448 ea;
3178 1387 3219 1439 si
3245 1387 3377 1456 quis
3419 1404 3533 1442 vero
3574 1389 3627 1441 in

2044 1472 2204 1526 Deum
2235 1476 2540 1544 peccaverit,
2564 1474 2673 1543 quis
2697 1474 2979 1544 precabi:ur
3020 1492 3111 1543 pro
3152 1475 3349 1547 illo(l.
3397 1476 3526 1548 Reg.
3568 1478 3623 1532 2.

2038 1563 2110 1621 25
2126 1566 2183 1635 )?
2208 1563 2418 1620 Etcum
2441 1564 2558 1633 quis
2580 1580 2691 1629 eos,
2710 1565 2799 1635 qui
2829 1564 3037 1620 caneris
3065 1565 3221 1636 longe
3250 1567 3458 1636 pejores
3478 1578 3623 1633 sunt,

2039 1656 2241 1712 desidia
2262 1656 2624 1727 superaverit;
2666 1655 2807 1726 quod
2834 1655 2974 1726 apud
3003 1656 3335 1712 Ezechielem
3366 1658 3509 1713 Deus
3529 1675 3624 1713 es-

2042 1749 2260 1819 probrat
2283 1789 2297 1811 ,
2326 1750 2505 1803 dicens
2533 1768 2546 1803 :
2574 1748 2748 1819 Neque
2790 1749 3065 1803 secundum
3085 1750 3472 1820 justificationes
3506 1768 3627 1820 gen-

2042 1842 2167 1895 tium
2188 1841 2350 1911 fecisti
2375 1841 2393 1912 (
2420 1840 2600 1895 Exerit.
2635 1842 2687 1896 5.
2724 1842 2754 1894 7
2777 1840 2818 1911 ).
2846 1842 2911 1895 Et
2933 1856 3054 1895 cum
3079 1856 3145 1897 ne
3164 1843 3383 1897 aliorum
3415 1843 3628 1911 quidem

2041 1931 2304 2000 exemplis
2350 1931 2697 1986 emendamnr
2731 1950 2743 1985 :
2784 1930 2917 1985 Vidit
2945 1947 3170 1985 sororem
3216 1931 3372 2000 ipsius
3393 1972 3407 1995 ,
3440 1933 3515 1985 ait
3539 1973 3553 1994 ,
3582 1942 3630 1984 et

2032 2023 2332 2094 justiﬁeavit
2368 2040 2498 2077 eam.
2552 2024 2615 2077 Et
2657 2022 2868 2093 quando
2909 2022 3110 2091 majore
3160 2022 3280 2091 quis
3328 2023 3631 2091 patrocinio

2045 2128 2171 2169 usus
2196 2125 2279 2168 est
2304 2132 2317 2167 :
2343 2112 2405 2167 Si
2430 2114 2562 2167 enim
2587 2114 2636 2166 in
2666 2112 2820 2183 Tyro,
2837 2113 3025 2182 inquit,
3048 2124 3092 2166 et
3116 2111 3309 2166 Sidone
3332 2112 3410 2166 Ine
3428 2115 3632 2166 virtutes

2047 2208 2195 2275 [actm
2218 2207 2450 2277 fuissent,
2474 2206 2594 2260 olim
2618 2206 2958 2275 paenitentiam
2977 2203 3211 2275 egissent.
3241 2202 3483 2258 Creterunt
3514 2198 3642 2257 tole—

2044 2300 2255 2354 rabilius
2278 2300 2369 2353 erit
2394 2298 2528 2369 Tyro
2558 2310 2603 2351 et
2635 2297 2837 2360 Sidoni,
2866 2313 3015 2366 quam
3041 2296 3229 2349 civitati
3260 2295 3375 2348 huic
3398 2293 3418 2365 (
3442 2292 3631 2347 Matth.

2047 2395 2134 2450 ll.
2184 2393 2274 2447 2t.
2314 2392 2385 2446 εὶ
2407 2391 2448 2459 ).
2479 2390 2723 2446 Vidistin‘
2762 2388 3052 2460 perfectam
3083 2387 3504 2452 accurationem,
3537 2400 3633 2441 nec

2046 2500 2234 2540 omnes
2278 2481 2585 2538 eornmdem
2639 2489 2974 2550 peccatorum
3031 2494 3185 2548 pares
3232 2492 3419 2549 poenas
3464 2477 3635 2531 dare?

2044 2576 2177 2630 Nam
2199 2590 2319 2629 cum
2348 2583 2466 2641 post
2493 2572 2700 2641 longam
2725 2569 2817 2624 Dei
2847 2570 3155 2640 patientiam
3186 2567 3315 2623 nihil
3343 2568 3635 2629 lucramur,

2044 2669 2286 2739 gravium
2320 2666 2612 2736 patiemur;
2643 2675 2697 2717 et
2728 2665 2829 2717 hoc
2861 2663 3053 2717 Paulus
3092 2663 3384 2730 significat,
3409 2662 3633 2715 dicens:

2048 2760 2341 2815 Secundum
2380 2758 2617 2810 duritiam
2658 2768 2793 2808 tuam
2817 2794 2832 2818 ,
2864 2764 2913 2809 et
2940 2754 3254 2822 impaenitens
3280 2770 3368 2807 cor
3388 2796 3402 2819 ,
3437 2754 3635 2806 thesmo-

2044 2850 2295 2904 rizastibi
2322 2847 2660 2919 iram(Rom.
2713 2847 2769 2900 2.
2816 2846 2907 2918 5).
2958 2846 3083 2901 llaec
3112 2862 3232 2901 cum
3279 2846 3542 2908 sciamus,
3569 2860 3635 2899 ne

2044 2940 2376 2996 oti‘endamur
2418 2940 2501 2994 vel
2549 2938 2823 2993 turbcmur
2863 2938 2929 2993 de
2969 2954 3145 2993 rerum
3192 2947 3417 3004 eventu,
3465 2950 3636 3005 neque

2043 3033 2424 3104 cogitationum
2468 3030 2716 3085 fluctibus
2754 3030 3047 3100 agitentur;
3085 3030 3179 3084 sed
3218 3028 3634 3097 incomprehen-

2044 3124 2279 3179 sibilitati
2307 3124 2499 3177 divina:
2522 3120 2868 3191 providentia:
2893 3120 3145 3174 cedentes
3165 3161 3183 3185 ,
3215 3120 3425 3174 virtutis
3447 3135 3631 3174 curam

2045 3215 2335 3271 habeamus
2355 3254 2371 3279 ,
2403 3213 2798 3282 nequitiamque
2828 3209 3089 3280 fugiamus
3120 3229 3131 3263 :
3163 3219 3218 3264 ut
3247 3209 3440 3265 futuris
3480 3210 3635 3265 bonis

2045 3309 2342 3378 patiamur,
2376 3306 2542 3375 gratia
2567 3313 2621 3360 et
2647 3305 2970 3374 benignitate
3018 3302 3225 3357 Domini
3279 3303 3451 3357 nostri
3507 3301 3635 3356 lesu

2044 3400 2278 3466 Christi,
2311 3414 2405 3469 per
2431 3412 2590 3467 quem
2622 3406 2678 3451 et
2712 3412 2836 3451 cum
2862 3411 2968 3466 quo
2999 3395 3142 3450 Patri
3173 3396 3339 3465 gloria
3381 3411 3485 3450 una
3512 3404 3633 3449 cunt

2045 3503 2232 3548 saneto
2256 3490 2458 3560 Spiritu
2493 3528 2511 3556 ,
2543 3502 2684 3544 nunc
2707 3497 2763 3544 et
2789 3502 3021 3558 semper,
3055 3498 3107 3544 et
3139 3487 3191 3542 in
3231 3487 3425 3542 srccula
3457 3501 3631 3542 sarcu-

2047 3585 2241 3639 lorum.
2268 3586 2458 3638 Amen.

2028 4026 2242 4080 demunt
2259 4031 2609 4088 emerserunt,
2628 4030 2682 4074 ut
2699 4021 2797 4075 sub
2818 4018 3147 4076 Senacberib
3166 4029 3222 4074 et
3240 4019 3337 4075 sub
3352 4018 3635 4086 Antiocho;

2040 4117 2238 4171 ctenim
2289 4124 2414 4169 tunc
2456 4113 2732 4183 temporis,
2788 4129 2907 4166 cum
2958 4114 3227 4169 exercitus
3274 4113 3636 4179 invasissent,

2042 4207 2398 4276 templumque
2422 4215 2635 4275 captum
2663 4212 2824 4269 esset,
2856 4202 3170 4258 Macchabzci
3203 4204 3253 4258 in
3286 4203 3468 4260 hostes
3506 4216 3639 4259 con-

2040 4301 2204 4366 versi,
2235 4313 2408 4354 rerum
2438 4297 2625 4351 faciem
2653 4304 3021 4360 mutaverunt;
3047 4310 3113 4349 ne
3132 4312 3269 4350 nunc
3288 4296 3448 4350 etiam
3478 4295 3637 4353 talem

2044 4396 2157 4450 fore
2178 4392 2520 4448 mutationem
2543 4389 2958 4458 suSpicarentur,
2980 4403 3191 4444 onmem
3210 4404 3358 4457 spem
3379 4390 3636 4457 prtecidit.

2044 4486 2143 4540 Vix
2174 4490 2439 4555 poterunt,
2473 4479 2662 4551 inquit,
2696 4479 2839 4535 nudo
2862 4496 3088 4550 corpore
3113 4481 3337 4536 servari.
3366 4481 3487 4537 ideo
3512 4482 3632 4537 illos

2045 4577 2133 4647 qui
2153 4590 2311 4644 supra
2335 4583 2527 4629 tectum
2552 4584 2674 4629 sunt
2696 4587 2799 4626 non
2825 4569 3081 4642 permittit
3101 4572 3151 4626 in
3177 4572 3394 4627 domum
3416 4574 3639 4634 intrare.

2048 4680 2104 4723 ut
2133 4670 2441 4724 vestimenta
2470 4683 2562 4722 sua
2592 4667 2796 4732 tollant,
2822 4663 3139 4720 inevitabilia
3163 4664 3457 4736 depingens
3503 4667 3639 4719 mala

2046 4770 2100 4815 ct
2127 4758 2571 4814 interminabilem
2599 4759 2978 4824 calamitatem,
3002 4759 3052 4812 in
3076 4772 3230 4829 quam
3257 4756 3348 4827 qui
3373 4755 3638 4821 inciderit,

2054 4851 2358 4909 necessario
2384 4850 2595 4920 peribit.
2630 4849 2756 4905 Ideo
2783 4849 2985 4919 adjicit,
3021 4849 3123 4918 Qui
3142 4850 3193 4902 in
3218 4864 3363 4920 agro,
3394 4864 3457 4901 ne
3476 4863 3638 4902 rever-

2049 4954 2184 4998 tatur
2223 4941 2400 4999 tollere
2437 4944 2724 4998 vestimenta
2772 4959 2884 4997 sua.
2918 4940 3048 4997 Nam
3078 4943 3121 4997 si
3152 4942 3243 5013 qui
3275 4942 3418 4996 intus
3467 4950 3595 4995 sunt
3618 4980 3639 5009 ,

2050 5034 2252 5104 fugiunt
2275 5076 2291 5101 ,
2322 5036 2490 5089 multo
2541 5035 2715 5089 minus
2756 5037 2843 5105 qui
2876 5032 3004 5089 foris
3029 5036 3187 5097 Sunt,
3242 5031 3383 5087 intro
3413 5030 3637 5104 fugiant.

2051 5124 2137 5180 l9.
2182 5124 2268 5177 Va:
2307 5135 2475 5177 autem
2518 5122 2898 5195 praegnantibus
2943 5133 2987 5177 et
3019 5121 3321 5182 lactantibus
3340 5138 3360 5187 ;
3390 5122 3495 5179 illis
3521 5122 3640 5192 qui-

2049 5216 2171 5270 dem
2208 5216 2350 5285 quod
2382 5215 2645 5270 tardiores
2687 5216 2823 5279 sint,
2854 5230 2952 5269 nec
3001 5216 3206 5281 possint
3238 5213 3389 5269 facile
3414 5204 3598 5286 fugere
3618 5255 3639 5281 ,

2049 5321 2212 5359 onere
2234 5307 2434 5360 ventris
2461 5315 2714 5369 retentas;
2743 5304 2867 5369 illis,
2893 5304 3033 5375 quod
3052 5306 3254 5359 amoris
3280 5304 3494 5360 vinculo
3513 5319 3637 5375 etga

2051 5397 2310 5451 lactentes
2334 5396 2689 5462 detineantur,
2721 5412 2820 5451 nec
2850 5396 3057 5466 possint
3082 5411 3175 5451 eos
3199 5410 3433 5452 servare.
3466 5396 3637 5451 Pecu-

2052 5489 2167 5541 nias
2186 5487 2327 5541 enim
2353 5496 2407 5541 et
2426 5495 2767 5542 contemnere
2789 5495 2842 5541 et
2857 5502 3071 5542 scrvare
3092 5485 3245 5541 facile
3265 5496 3366 5554 est,
3389 5485 3635 5557 idemque

2052 5578 2118 5633 de
2144 5578 2383 5634 vestibus
2408 5578 2562 5643 dico;
2584 5594 2701 5648 qum
2722 5589 2899 5635 autem
2928 5591 3114 5634 natura
3140 5579 3230 5633 dat
3250 5580 3370 5650 quis
3397 5577 3641 5648 effugiat?

2056 5669 2326 5739 quomodo
2356 5683 2632 5740 praegnans
2662 5668 2830 5725 levior
2877 5668 3174 5726 efficiatur?
3203 5670 3470 5741 quomodo
3512 5684 3633 5741 qum

3232 5766 3305 5828 15
