4104 6218
476 333 583 389 695

476 452 636 505 lactat
685 449 877 518 poterit
924 448 1204 505 lactentem
1249 448 1566 519 despicere?
1614 450 1813 505 Deinde
1852 465 2062 505 rursum

472 543 793 597 calamitatis
818 540 1240 611 magnitudinem
1272 541 1582 608 ostendens,
1614 543 1724 596 ait:
1756 540 1852 598 20.
1889 542 2064 606 Orate,

474 650 538 688 ne
568 635 656 701 ﬁat
686 638 808 703 fuga
848 643 1009 687 vestra
1045 635 1096 688 in
1128 635 1289 687 hieme
1312 677 1325 699 ,
1353 651 1442 688 nec
1468 636 1520 688 in
1566 635 1793 689 sabbato.
1827 634 1916 689 2f.
1955 634 2067 689 Erit

471 729 605 782 enim
641 739 758 781 tunc
788 728 1051 781 tribulatio
1092 745 1314 797 magna,
1347 728 1512 799 qualis
1547 744 1647 781 non
1694 731 1791 799 fuit
1819 729 1883 781 ab
1920 728 2064 780 initio

472 823 650 876 mundi
677 839 833 892 usque
868 837 1003 877 nunc
1023 865 1037 889 ,
1070 839 1230 893 neque
1268 823 1373 891 ﬁet.
1408 821 1595 876 Viden‘
1620 821 1686 875 ad
1713 821 1925 876 Judmos
1952 836 2066 874 ser-

472 932 687 973 monem
713 917 915 982 haberi,
939 917 1152 972 et'ma'la
1176 918 1319 988 ipsos
1344 917 1588 971 invasura
1617 916 1817 970 narrari
1840 914 2064 984 ?Neqne

471 1008 615 1064 enim
637 1009 863 1077 apostoli
893 1008 1172 1063 sabbatum
1201 1008 1530 1063 observaturi
1558 1016 1729 1073 erant,
1759 1021 1932 1077 neque
1955 1007 2062 1061 illic

472 1109 599 1155 tunc
630 1100 889 1155 rersaturi
913 1141 927 1165 ,
958 1115 1065 1171 quo
1088 1108 1335 1168 tempore
1362 1098 1719 1168 Vespasianus
1765 1098 1878 1151 haec
1921 1097 2059 1151 mala

472 1192 712 1245 il'aturus
754 1200 890 1245 erat.
924 1190 1054 1245 Nam
1102 1191 1328 1243 maxima
1372 1204 1493 1258 pars
1519 1188 1896 1258 discipulorum
1936 1196 2059 1240 ante

469 1282 712 1338 obierant
734 1300 746 1343 ;
765 1283 815 1334 si
849 1283 936 1351 qui
960 1296 1092 1336 vero
1123 1280 1320 1336 residui
1344 1289 1523 1343 erant,
1550 1281 1601 1334 in
1629 1281 1747 1334 aliis
1769 1280 1912 1333 orbis
1936 1294 2057 1348 par-

473 1375 617 1429 tibus
646 1385 770 1429 tuuc
800 1375 1173 1429 versabantur.
1206 1371 1315 1428 Cur
1367 1389 1471 1427 non
1522 1372 1580 1426 in
1613 1372 1787 1426 hieme
1816 1412 1831 1436 ,
1864 1385 1963 1425 nec
2005 1370 2055 1422 in

470 1467 732 1523 sabbato?
758 1465 816 1520 in
837 1465 1061 1531 ‘hieme,
1093 1465 1161 1520 ob
1194 1466 1449 1534 temporis
1497 1464 1636 1518 illius
1671 1462 2011 1525 difﬁcultates
2039 1480 2054 1516 :

470 1560 523 1613 in
567 1558 789 1614 sabbato
817 1599 829 1620 ,
876 1558 943 1611 ob
974 1557 1104 1627 legis
1148 1556 1536 1611 auctoritatem.
1564 1555 1701 1622 Quia
1747 1553 1887 1609 enim
1936 1553 2054 1622 fuga

471 1667 607 1721 opus
632 1660 715 1706 est
740 1691 754 1714 ,
785 1660 839 1704 et
868 1650 988 1720 fuga
1019 1649 1351 1703 velocissima
1379 1664 1392 1711 ;
1428 1663 1601 1717 neque
1631 1649 1684 1702 in
1707 1647 1930 1702 sabbato
1957 1646 2053 1701 Ju-

468 1743 563 1797 daei
591 1752 713 1796 tunc
737 1741 917 1810 fugere
938 1740 1310 1806 audebant,‘ne
1334 1741 1500 1809 legem
1525 1740 2050 1809 transgrederentur;

467 1849 640 1903 neque
661 1832 821 1887 etiam
852 1832 903 1886 in
932 1830 1108 1887 bieme
1137 1831 1289 1887 facile
1310 1842 1445 1896 erat,
1471 1830 1590 1885 ideo
1618 1829 1914 1897 ait,'0rate.
1942 1830 2055 1881 lvii-it

466 1927 599 1979 enim
625 1934 740 1978 tunc
768 1924 1027 1977 tribulatio
1052 1923 1218 1992 qualis
1244 1939 1516 1991 numquam
1548 1922 1664 1992 fuit,
1698 1937 1855 1991 neque
1880 1928 2053 1989 postea

466 2020 574 2071 erit.
608 2016 683 2071 Ne
709 2017 828 2085 quis
862 2030 989 2070 vero
1031 2024 1181 2085 putet
1210 2014 1261 2069 id
1290 2014 1632 2085 hyperbolice
1659 2013 1859 2067 dictum
1898 2026 2051 2076 esse;

466 2109 560 2166 sed
592 2109 730 2180 legat
756 2105 980 2180 Iosephi
1012 2108 1199 2169 libros.
1230 2117 1284 2162 et
1311 2106 1484 2160 discat
1511 2105 1587 2159 rei
1620 2103 1924 2159 veritatem.
1952 2100 2056 2155 Ne-

467 2223 570 2276 que
614 2208 754 2263 enim
796 2204 991 2260 dixerit
1032 2201 1296 2273 quiSpiam
1324 2241 1337 2263 ,
1367 2198 1513 2251 illum
1544 2205 1726 2268 utpote
1765 2195 1853 2265 qui
1886 2192 2054 2248 ﬁdelis

467 2302 578 2355 sive
620 2299 952 2354 Christianus
983 2303 1162 2359 esset,
1196 2301 1254 2347 ut
1298 2290 1453 2346 dictis
1479 2290 1639 2344 ﬁdem
1682 2287 1880 2343 faceret
1908 2328 1922 2350 ,
1955 2286 2052 2340 ista

466 2392 602 2445 mala
627 2390 1013 2460 ampliﬁeassc;
1040 2403 1158 2441 nam
1190 2392 1243 2440 et
1269 2382 1504 2445 Judrcus,
1533 2390 1690 2450 atque
1718 2376 2052 2433 inter‘Judai-

467 2499 651 2536 eorum
685 2480 1109 2536 l'erventissimos
1137 2477 1369 2531 cultores
1398 2481 1517 2543 post
1535 2470 1732 2525 Christi
1766 2468 2051 2524 adventuum

467 2585 600 2628 erat.
622 2572 769 2640 ‘Quid
799 2573 957 2643 igitur
985 2577 1163 2624 narrat
1196 2565 1319 2622 ille?
1344 2565 1689 2620 Calamitates
1720 2562 1835 2617 illas
1859 2570 2054 2630 tragm—

464 2669 606 2722 diam
655 2682 867 2719 omnem
912 2676 1233 2731 superasse,
1276 2658 1579 2727 bellumque
1624 2654 1727 2711 tale
1768 2668 2054 2724 numquam

464 2758 637 2811 cuivis
685 2756 827 2825 genti
859 2763 1055 2809 tantam
1084 2752 1328 2807 attulisse
1358 2749 1585 2804 cladem.
1615 2747 1783 2801 Tanta
1809 2746 1952 2800 enim
1977 2744 2055 2799 fa-

468 2866 582 2903 tnes
608 2858 758 2913 erat,
800 2855 858 2900 ut
901 2855 1098 2899 matres
1124 2843 1191 2897 de
1219 2838 1568 2897 comedendis
1610 2839 1787 2909 pueris
1828 2839 1966 2890 inter
1995 2850 2054 2890 se

465 2942 822 3005 decertarent,
842 2943 895 2991 et
915 2934 1014 2989 hac
1029 2934 1094 2989 de
1118 2949 1177 2988 re
1202 2941 1384 2987 mutuo
1404 2937 1695 2999 pugnarent
1718 2943 1732 2993 ;
1757 2927 2056 2995 multosque

468 3041 710 3088 mortuos
754 3046 783 3085 a
831 3036 1017 3084 ventre
1060 3024 1315 3081 discissos
1363 3021 1544 3075 fuisse.
1593 3019 1844 3074 Libenter
1901 3018 2057 3086 igitur

464 3124 683 3182 Iudaeos
730 3123 1116 3190 interrogarem
1142 3159 1155 3180 ,
1188 3115 1458 3170 undenam
1504 3111 1619 3166 hrec
1665 3118 1812 3164 tanta
1844 3118 2057 3178 tamque

467 3216 796 3275 intoleranda
823 3213 1098 3270 calamitas
1119 3225 1147 3263 a
1170 3208 1347 3265 divina
1367 3209 1441 3261 ira
1465 3206 1595 3277 ipsis
1618 3205 1853 3259 immissa
1876 3201 2051 3264 fuerit,

465 3327 581 3381 qua:
605 3308 899 3380 praeteritas
924 3319 1111 3360 omnes
1135 3346 1151 3371 ,
1184 3317 1288 3356 non
1316 3300 1475 3355 modo
1501 3299 1552 3353 in
1585 3296 1820 3353 Judzeam
1839 3337 1854 3362 ,
1874 3294 1977 3351 sed
1996 3302 2058 3349 et

467 3406 567 3475 per
610 3413 777 3457 totum
832 3400 1016 3455 orbem
1074 3399 1312 3452 invectas
1368 3392 1697 3477 calamitates
1741 3389 2057 3459 superaret?

467 3499 658 3551 Annon
690 3494 758 3547 ob
782 3490 1020 3547 cruciﬁxi
1049 3487 1244 3544 Christi
1284 3484 1491 3540 facinus
1540 3482 1591 3537 id
1619 3479 1877 3535 accidisse
1904 3478 2056 3532 dixe-

468 3588 572 3641 rint
600 3599 789 3639 omnes
814 3624 829 3649 ,
856 3596 920 3637 ac
960 3594 1068 3651 prae
1088 3576 1336 3632 omnibus
1377 3577 1488 3645 ipsa
1516 3586 1692 3628 rerum
1720 3570 1952 3625 veritas?
1978 3568 2057 3623 Tu

471 3690 598 3732 vero
618 3674 754 3731 mihi
796 3672 1055 3728 malorum
1086 3668 1358 3725 cumulum
1388 3664 1667 3721 considera
1690 3706 1704 3729 ,
1731 3660 2058 3732 quandoqui~

470 3768 593 3822 dem
632 3780 729 3820 nec
759 3761 1117 3835 praecedenti,
1151 3760 1259 3815 imo
1307 3773 1405 3813 nec
1449 3755 1790 3826 subsequenti
1822 3762 2060 3822 tempore

470 3858 739 3929 quidpiam
786 3858 858 3912 ita
884 3854 1256 3911 calamitosum
1305 3850 1545 3920 reperire
1572 3848 1714 3904 licet.
1749 3848 1842 3902 His
1866 3846 2062 3915 quippe

472 3948 628 4005 n'alis
655 3963 751 4003 nec
778 3947 925 4017 prius
946 3959 1048 4001 nec
1069 3942 1334 4014 posterius
1357 3939 1635 4012 pariavisa
1651 3936 1833 3992 aluere.
1859 3935 1926 3990 Et
1940 3935 2061 4005 jure

474 4043 707 4115 quidem.
739 4039 922 4109 Neque
950 4036 1091 4091 enim
1137 4034 1308 4106 quivis
1352 4032 1625 4085 hominum
1654 4029 1741 4083 vel
1781 4036 1936 4081 antea
1977 4025 2058 4081 vel

471 4145 674 4205 postea.
701 4142 804 4185 tam
826 4130 1085 4199 iniquum,
1106 4137 1210 4180 tam
1236 4123 1561 4179 horrendum
1584 4122 1757 4177 scelus
1781 4120 2063 4175 admittere

473 4240 635 4279 ausus
660 4233 758 4277 est.
782 4221 905 4275 ideo
929 4222 1031 4274 ait:
1058 4218 1171 4271 Erit
1200 4216 1454 4271 tribulatio
1490 4214 1654 4285 qualis
1690 4230 1791 4268 non
1832 4213 1948 4283 fuit,
1970 4227 2061 4265 nec

474 4322 593 4372 en‘t.
631 4315 720 4369 ‘22.
758 4312 820 4367 Et
858 4313 955 4368 nisi
990 4310 1260 4365 abbreviati
1290 4309 1502 4381 fuissent
1532 4307 1638 4361 dies
1660 4305 1736 4361 illi
1760 4348 1775 4372 ,
1801 4322 1901 4358 non
1927 4305 2063 4373 ﬁeret

474 4410 617 4464 salva
642 4407 802 4462 omnis
830 4423 949 4459 caro
975 4421 993 4458 :
1026 4412 1229 4474 propter
1257 4403 1437 4456 electos
1457 4409 1621 4455 autem
1650 4397 2065 4452 abbreviabnntur

475 4502 584 4556 dies
625 4500 724 4554 illi.
773 4499 907 4553 Hinc
938 4496 1169 4550 ostendit
1198 4496 1316 4549 illos
1343 4492 1571 4564 graviori
1602 4491 1759 4547 etiam
1805 4489 2065 4561 supplicio

477 4595 666 4665 dignos
698 4592 859 4646 fuisse
882 4632 897 4655 ,
944 4606 1035 4658 per
1063 4587 1289 4656 illosque
1332 4585 1447 4641 dies
1495 4584 1740 4654 intelligit
1770 4580 2065 4637 belli'obsi-

473 4686 753 4755 dionisque
772 4692 997 4751 tempus.
1008 4680 1128 4735 Hoc
1151 4694 1307 4749 porro
1322 4678 1429 4732 vult
1454 4676 1774 4747 signiﬁcare.
1799 4673 2065 4729 Sidiutius

474 4778 836 4832 Romanorum
881 4780 1068 4827 contra
1105 4771 1287 4825 urbem
1332 4769 1473 4823 illam
1522 4767 1718 4823 bellum
1763 4775 2063 4821 extractum

475 4876 680 4935 fuisset,
712 4881 899 4921 omnes
926 4864 1093 4920 Judwi
1133 4862 1440 4934 periissent:
1468 4876 1589 4915 nam
1612 4875 1823 4914 omnem
1849 4873 2063 4912 carnem

476 4964 561 5015 hic
582 4975 676 5032 pro
702 4958 920 5013 Judaica
963 4955 1172 5026 posuit;
1201 4952 1520 5023 Judaeosque
1551 4951 1923 5022 complectitur
1956 4964 2061 5004 non

475 5068 573 5107 eos
597 5051 756 5107 modo
777 5050 866 5119 qui
883 5049 1017 5102 intra
1042 5088 1057 5113 ,
1095 5046 1189 5100 sed
1223 5059 1317 5101 eos
1340 5044 1499 5099 etiam
1536 5042 1627 5115 qui
1663 5050 1810 5098 extra
1828 5040 2067 5097 Iudaeam

475 5154 647 5199 erant.
681 5141 795 5196 Non
816 5140 988 5196 solum
1007 5139 1146 5193 enim
1169 5137 1213 5192 si
1240 5137 1325 5207 qui
1344 5137 1395 5191 in
1416 5135 1599 5191 Iudaea
1620 5146 1769 5190 erant
1789 5134 2065 5205 imaugna-

477 5239 712 5300 bantur;
753 5248 936 5288 verum
964 5232 1123 5287 etiam
1164 5245 1278 5297 eos,
1310 5230 1398 5300 qui
1435 5228 1630 5299 ubique
1672 5239 1929 5283 terrarum
1967 5227 2064 5283 de-

476 5331 692 5402 gebant,
722 5324 1117 5398 proscribebant
1148 5322 1517 5393 fugabautque,
1546 5321 1669 5376 odio
1698 5320 1943 5391 permoti.

548 5420 603 5474 2.
634 5423 907 5485 Quasnam
936 5422 1111 5468 autem
1146 5413 1233 5468 hic
1264 5413 1463 5467 electos
1492 5410 1679 5467 vocat?
1707 5410 1948 5475 Fideles,
1977 5411 2065 5482 qui

477 5516 535 5571 in
574 5509 753 5564 medio
802 5488 1291 5561 illorumxconclusi
1330 5513 1500 5558 erant.
1529 5502 1609 5558 Ne
1649 5502 1889 5558 dicerent
1924 5503 2064 5557 enim

480 5603 644 5658 Judzei
667 5645 684 5669 ,
715 5600 830 5655 haec
861 5598 995 5653 mala
1024 5598 1259 5652 immissa
1293 5596 1455 5651 fuisse
1497 5596 1565 5651 ob
1597 5594 2024 5666 prasdieationem
2049 5636 2063 5660 ,

480 5707 535 5749 et
562 5697 702 5765 quod
725 5695 970 5749 Christus
995 5692 1327 5756 adoreretur,
1352 5690 1584 5746 ostendit
1610 5689 1793 5745 fideles
1818 5690 1937 5745 illos
1965 5705 2066 5745 non

479 5788 643 5843 modo
674 5788 801 5857 ipsis
821 5800 1038 5842 causam
1062 5786 1321 5842 malorum
1362 5800 1466 5840 non
1493 5784 1675 5849 fuisse,
1705 5784 1800 5839 sed
1829 5784 1990 5839 etiam
2020 5784 2066 5838 si

1238 334 1296 391 S.
1336 333 1611 393 JOANNIS
1646 333 2123 393 CllRYSOSTOlll
2165 337 2478 413 ARCHIEP.
2521 343 3050 407 CONSTANTINOP.

3646 360 3760 418 096

2178 454 2251 508 illi
2283 472 2391 510 non
2418 458 2742 527 adfuissent,
2769 478 2955 520 omnes
2998 467 3251 525 radicitus
3277 471 3540 541 perituros
3568 475 3759 535 fuisse.

2175 545 2308 602 Nam
2329 549 2371 604 si
2396 552 2731 633 permisisset
2750 556 2884 611 Deus
2908 559 3102 614 bellum
3120 560 3331 630 durare,
3361 566 3521 621 nullze
3540 568 3762 626 δυόωσ-

2176 655 2292 694 rum
2318 640 2539 697 fuissent
2566 646 2803 716 reliquiae
2833 667 2845 701 :
2880 650 2974 705 sed
3006 668 3072 707 ne
3095 668 3215 708 cum
3237 655 3539 714 inﬁdelibus
3561 659 3764 718 Juda‘is

2178 732 2359 789 ﬁdeles
2386 750 2450 789 ex
2478 737 2582 790 illis
2605 740 2706 793 orti
2732 741 2986 810 perirent,
3008 744 3203 800 bellum
3220 748 3375 803 citius
3395 751 3553 806 solvit
3570 760 3626 807 et
3645 762 3762 810 ter-

2174 824 2414 879 minavit.
2441 827 2567 882 ldeo
2592 829 2684 892 ait,
2706 829 2925 902 Propter
2944 834 3124 890 electos
3147 850 3315 893 autem
3341 840 3762 901 abbreviabuntur

2172 915 2280 969 dies
2304 917 2402 970 illi.
2438 918 2561 974 llaec
2590 929 2764 976 autem
2793 922 3023 993 dicebat,
3052 938 3108 980 ut
3137 930 3556 990 consolationem
3589 936 3761 993 relin-

2176 1016 2368 1075 queret
2398 1008 2464 1063 iis
2484 1010 2574 1080 qui
2606 1010 2657 1065 in
2686 1013 2862 1069 medio
2885 1015 3189 1073 .ludarorum
3217 1023 3456 1079 conclusi
3481 1038 3667 1095 erant,
3702 1041 3761 1083 ut

2168 1100 2463 1169 reSpirandi
2508 1103 2681 1160 locum
2710 1107 2898 1173 daret,
2953 1127 3126 1182 neque
3168 1115 3416 1172 timerent
3464 1122 3613 1190 quasi
3654 1124 3759 1192 ipsi

2167 1192 2323 1247 simul
2353 1196 2592 1265 perituri.
2623 1199 2775 1264 Quod
2807 1202 2850 1256 si
2886 1210 3026 1257 tanta
3069 1204 3301 1260 fidelium
3347 1210 3549 1278 geritur
3573 1216 3758 1281 provi-

2166 1284 2365 1349 dentia,
2386 1296 2439 1341 ut
2463 1299 2678 1359 prapter
2700 1292 2818 1346 illos
2838 1294 2923 1348 alii
2943 1308 3239 1363 serventur,
3267 1310 3426 1371 utque
3446 1301 3758 1360 Iudaeorum

2167 1376 2404 1446 reliquiae
2433 1390 2651 1449 propter
2678 1382 3007 1439 Christianos
3038 1390 3348 1457 manserint,
3380 1403 3610 1462 quantus
3641 1396 3752 1451 illis

2167 1468 2428 1523 tribuetur
2456 1471 2626 1527 honor
2651 1490 2964 1529 coronarum
2999 1481 3273 1549 tempore?
3300 1481 3431 1539 Hinc
3451 1487 3611 1540 etiam
3634 1488 3759 1541 illos

2164 1560 2469 1614 consolatur
2494 1604 2509 1628 ,
2559 1579 2625 1618 ue
2654 1565 2701 1618 in
2750 1568 2975 1639 prtzpt‘iis
3018 1571 3119 1623 sihi
3168 1572 3415 1641 periculis
3449 1588 3714 1645 angantur
3737 1621 3755 1644 ,

2163 1652 2376 1719 quando
2404 1653 2584 1709 vident
2608 1655 2740 1711 alios
2769 1659 2953 1714 iisdem
2982 1675 3267 1731 oppressos
3296 1665 3469 1732 malis,
3498 1668 3758 1740 nulloque

2164 1758 2262 1798 suo
2300 1742 2476 1800 fructu
2499 1788 2513 1811 ,
2545 1747 2637 1802 sed
2664 1748 2745 1803 sui
2784 1751 2970 1819 capitis
2993 1752 3337 1809 detrimento.
3367 1756 3548 1828 Neque
3573 1762 3755 1816 solum

2164 1835 2281 1890 illos
2309 1838 2693 1893 consolabatur
2715 1883 2730 1906 ,
2765 1842 2855 1896 sed
2901 1844 3061 1897 etiam
3107 1847 3314 1901 occulte
3357 1856 3515 1917 atque
3546 1854 3751 1908 sensim

2162 1942 2190 1981 a
2221 1928 2451 1984 Judaicis
2478 1932 2714 1988 moribus
2740 1934 3055 1991 abducebat.
3090 1937 3216 1991 Nam
3248 1940 3291 1993 si
3322 1942 3462 1995 nulla
3495 1943 3751 2015 deinceps

2160 2022 2229 2077 sit
2249 2021 2420 2077 fututa
2446 2024 2686 2093 mutatio,
2710 2026 2753 2081 si
2778 2028 3028 2098 templum
3057 2046 3160 2085 non
3183 2042 3285 2088 stet
3305 2036 3550 2106 amplius,
3575 2038 3751 2110 legem

2160 2127 2279 2168 esse
2324 2124 2653 2171 cessaturum
2697 2118 2868 2186 palam
2899 2129 3003 2175 est.
3040 2121 3236 2177 Verum
3271 2124 3373 2180 hoc
3414 2143 3519 2183 non
3560 2141 3750 2197 aperte

2158 2205 2308 2272 dicit,
2332 2204 2424 2259 sed
2452 2207 2518 2260 ab
2539 2207 2747 2262 illorum
2770 2210 2976 2266 excidio
2998 2211 3049 2267 id
3071 2213 3439 2271 subindicavit.
3470 2216 3751 2277 Manifesta

2159 2311 2287 2351 vero
2330 2312 2434 2352 non
2467 2298 2632 2365 dixit,
2683 2316 2750 2355 ue
2795 2312 2918 2358 ante
2951 2313 3157 2374 tempus
3198 2313 3423 2363 terreret
3466 2324 3579 2366 eos.
3624 2311 3750 2367 Ideo

2160 2404 2333 2459 neque
2360 2406 2388 2444 a
2415 2391 2671 2462 principio
2693 2394 2743 2446 iu
2771 2393 2909 2449 hunc
2932 2398 3193 2467 praecipue
3213 2413 3514 2455 sermonem
3540 2402 3745 2469 incidit;

2159 2482 2254 2537 sed
2288 2492 2563 2553 postquam
2591 2500 2669 2539 va:
2694 2486 2895 2542 civitati
2929 2488 3003 2543 illi
3031 2488 3273 2559 dixerat,
3315 2492 3563 2564 ipsosque
3586 2495 3747 2549 indu-

2162 2582 2337 2640 xerat,
2372 2583 2429 2629 ut
2450 2575 2654 2644 lapides
2686 2576 2807 2631 illos
2834 2578 2935 2633 sibi
2967 2591 3349 2649 monstrarent,
3379 2600 3545 2655 seque
3572 2586 3747 2642 inter-

2160 2674 2443 2736 rogarent;
2477 2676 2533 2721 ut
2562 2668 2711 2738 quasi
2755 2669 2819 2723 ad
2852 2670 3322 2743 interrogationem
3365 2677 3698 2747 respondens
3726 2721 3744 2747 ,

2160 2758 2338 2813 omnia
2368 2757 2539 2814 futura
2581 2762 2983 2829 praenuntiaret.
3030 2763 3108 2818 'l‘u
3153 2780 3283 2821 vero
3328 2768 3458 2822 mihi
3505 2769 3746 2839 Spiritus

2159 2849 2611 2920 dispensationem
2631 2853 2939 2909 consideres
2960 2855 3148 2921 velim;
3175 2857 3303 2912 nihil
3325 2859 3511 2915 horum
3532 2863 3751 2935 scripsit

2161 2942 2414 3011 Joannes,
2440 2959 2507 2999 ne
2530 2944 2799 3001 videretur
2825 2962 2890 3002 ex
2918 2956 3113 3003 eventu
3145 2949 3259 3021 ipso
3290 2952 3404 3007 haec
3431 2954 3748 3026 scripsisse:

2160 3050 2283 3090 nam
2326 3037 2391 3091 ad
2432 3037 2655 3092 multum
2694 3039 2762 3094 ab
2803 3039 3009 3096 excidio
3049 3040 3496 3116 Jerosolymitano
3537 3057 3751 3120 tempus

2161 3129 2320 3183 vitam
2344 3130 2610 3201 produxit.
2639 3131 2744 3187 Sed
2773 3133 2805 3187 ii
2827 3134 2915 3204 qui
2942 3143 3065 3190 ante
3087 3137 3214 3192 illud
3237 3140 3497 3196 excidium
3526 3146 3749 3213 mortui,

2161 3220 2293 3276 nihil
2316 3220 2522 3276 illorum
2545 3222 2804 3287 viderant,
2828 3222 2942 3281 btec
2959 3225 3285 3297 describunt,
3311 3243 3365 3287 ut
3385 3234 3753 3303 prazdictionis

2162 3312 2242 3367 vis
2271 3313 2503 3383 undique
2532 3312 2754 3385 fulgeat.

2233 3403 2462 3460 Christus
2486 3406 2761 3459 secundum
2799 3424 2944 3462 suum
2973 3410 3242 3465 adventum
3284 3415 3535 3484 praedicit.
3556 3448 3626 3457 —
3651 3417 3746 3475 23.

2163 3494 2310 3550 Tunc
2332 3497 2522 3568 siquis
2547 3497 2683 3552 vobis
2718 3498 2923 3568 dixerit,
2956 3500 3088 3557 Ecce
3112 3503 3194 3557 hic
3233 3503 3464 3561 Christus
3503 3520 3594 3562 aut
3632 3510 3747 3575 hic,

2164 3587 2320 3641 nolite
2368 3586 2590 3641 credere.
2645 3586 2735 3642 24.
2790 3588 3011 3660 Surgenl
3057 3593 3187 3647 enim
3244 3597 3642 3665 pseudo-clariin
3698 3611 3753 3655 et

2164 3679 2657 3752 pseudoopropltette,
2681 3689 2729 3734 et
2749 3678 2937 3733 dabunt
2956 3682 3101 3753 signa
3123 3694 3270 3755 atque
3293 3688 3548 3760 prodigia,
3572 3690 3644 3743 ita
3669 3703 3751 3757 ut,

2164 3772 2210 3828 si
2237 3774 2349 3841 fieri
2371 3774 2549 3843 possit,
2577 3775 2725 3828 etiam
2750 3771 2932 3828 electos
2952 3776 3213 3831 seducant.
3241 3778 3334 3835 25.
3368 3780 3502 3836 Ecce
3529 3786 3755 3853 prtrdixi

2169 3864 2328 3917 vobis.
2352 3862 2451 3918 ‘26.
2478 3864 2540 3918 Si
2569 3880 2687 3933 ergo
2713 3864 2932 3918 dixerint
2963 3866 3101 3919 vobis
3120 3907 3136 3933 ,
3168 3867 3298 3921 Ecce
3322 3871 3373 3923 in
3403 3873 3597 3926 deserto
3636 3886 3712 3927 est
3737 3917 3752 3939 ,

2166 3954 2531 4019 noliteea‘ire;
2570 3955 2704 4009 Ecce
2741 3957 2795 4009 in
2835 3958 3191 4026 penetralibus,
3226 3960 3380 4015 nolite
3407 3964 3629 4019 credere.
3657 3966 3753 4019 27.

2168 4046 2315 4100 Sicut
2342 4048 2472 4100 enim
2502 4047 2675 4118 fulgur
2703 4049 2801 4101 exit
2829 4048 2891 4100 ab
2920 4049 3130 4117 oriente,
3175 4060 3222 4104 et
3258 4064 3470 4122 apparet
3500 4071 3656 4125 usque
3685 4058 3757 4110 ad

2167 4138 2503 4202 occidentem;
2524 4139 2597 4192 sic
2622 4139 2714 4192 erit
2740 4149 2785 4192 et
2809 4140 3053 4194 adcentus
3082 4142 3207 4194 Filii
3241 4144 3457 4198 hominis
3506 4145 3591 4198 28.
3625 4145 3754 4201 Ubi-

2168 4244 2380 4298 cumque
2398 4228 2531 4282 enim
2552 4228 2700 4297 fuerit
2722 4246 2923 4301 corpus,
2950 4230 3016 4284 ibi
3035 4234 3468 4303 congregabantur
3487 4247 3532 4289 et
3547 4239 3753 4309 aqniia'.

2162 4318 2386 4388 impleta
2409 4318 2475 4374 de
2490 4319 2839 4392 Jerosolymis
2861 4322 3180 4385 narratione,
3202 4324 3267 4378 ad
3296 4340 3450 4380 suum
3468 4328 3755 4384 adventum

2170 4420 2350 4482 postea
2380 4413 2568 4481 pergit,
2599 4412 2853 4483 signaque
2882 4414 3007 4482 ipsis
3033 4426 3233 4480 narrat,
3270 4432 3371 4471 non
3400 4422 3571 4474 solum
3603 4422 3756 4492 ipsis.

2168 4503 2260 4559 sed
2306 4505 2465 4558 etiam
2520 4505 2671 4560 nobis
2714 4517 2768 4560 ct
2808 4515 2928 4575 post
2974 4522 3072 4562 nos
3124 4509 3315 4565 futuris
3346 4513 3513 4567 utilia.
3563 4511 3755 4580 Tunc,

2169 4595 2540 4664 quandonam'?
2567 4596 2679 4661 llic,
2712 4607 2766 4650 ut
2788 4611 2929 4666 saepe
2950 4598 3082 4664 dixi,
3114 4601 3265 4666 illud,
3298 4601 3459 4669 Tunc,
3494 4621 3598 4659 non
3630 4621 3761 4675 prte-

2166 4688 2380 4743 cedetiti
2424 4691 2649 4758 tempori
2679 4731 2694 4756 ,
2726 4705 2844 4759 qute
2890 4704 3185 4762 sequuntur
3229 4711 3330 4748 una
3380 4698 3519 4752 serie
3549 4698 3759 4755 haerere

2165 4779 2449 4851 significat.
2475 4780 2573 4836 Ubi
2596 4782 2735 4835 enim
2758 4782 2997 4838 eamdem
3022 4786 3275 4854 temporis
3301 4788 3492 4843 seriem
3522 4791 3763 4849 indicare

2169 4873 2355 4941 vo'luil,
2379 4874 2575 4937 intulit,
2608 4874 2790 4929 Statim
2818 4886 2928 4945 post
2946 4877 3313 4932 tribulationem
3330 4881 3523 4935 dierum
3551 4884 3759 4939 illorum

2171 4963 2579 5036 (Matth.2i.29)
2594 4965 2705 5020 .ﬂic
2718 4982 2843 5021 vero
2856 4982 2958 5021 non
2980 4968 3069 5035 ita,
3084 4971 3176 5023 sed
3194 4971 3314 5025 illud
3323 4972 3507 5041 ,Tunc,
3522 4991 3627 5032 non
3644 4978 3761 5033 htec

2170 5055 2348 5110 statim
2375 5058 2523 5124 sequi
2551 5056 2768 5123 indicat,
2799 5057 2892 5112 sed
2921 5075 3027 5128 quo
3059 5071 3299 5131 tempore
3330 5064 3419 5117 illa
3441 5081 3562 5137 quae
3588 5066 3761 5123 dictu-

2171 5163 2263 5202 rus
2292 5157 2407 5202 erat
2435 5149 2606 5201 futura
2636 5159 2836 5203 essent.
2870 5148 2959 5205 Sic
2988 5153 3147 5205 etiam
3171 5168 3291 5207 cum
3318 5153 3467 5222 dicit,
3497 5155 3564 5211 In
3584 5158 3763 5214 diebus

2171 5238 2274 5292 illis
2296 5239 2424 5291 venit
2445 5236 2670 5293 Joannes
2690 5238 2920 5311 Baptista
2941 5242 2961 5312 (
2982 5241 3167 5299 Matth.
3197 5243 3252 5300 3.
3288 5245 3311 5300 Ι
3335 5244 3354 5318 )
3375 5287 3391 5313 ,
3425 5262 3529 5303 non
3553 5256 3763 5320 tempus

2171 5329 2349 5382 statim
2375 5344 2603 5400 sequens
2628 5330 2845 5397 indicat,
2874 5331 2967 5388 sed
2992 5349 3051 5388 ea
3082 5350 3199 5404 quae
3223 5345 3343 5405 post
3372 5338 3568 5394 multos
3592 5356 3763 5395 annos

2172 5431 2422 5475 eventura
2452 5432 2623 5487 erant,
2651 5431 2706 5475 et
2728 5432 2937 5494 tempus
2964 5440 3070 5495 quo
3092 5426 3225 5494 haec,
3255 5443 3372 5498 quae
3393 5429 3635 5485 dicturus
3656 5443 3760 5499 est,

2172 5513 2314 5567 facta
2362 5524 2504 5569 sunt.
2538 5513 2671 5568 Nam
2702 5524 2981 5585 postquam
3012 5518 3079 5572 de
3121 5528 3241 5574 ortu
3266 5520 3462 5578 Christi
3493 5521 3664 5590 dixit,
3696 5525 3764 5581 de

2174 5618 2448 5672 magorum
2478 5604 2728 5669 adventu,
2754 5615 2806 5659 et
2826 5606 2893 5661 de
2916 5618 3087 5662 morte
3111 5608 3355 5677 Herodis,
3375 5614 3552 5670 statim
3580 5615 3760 5670 addit:

2175 5692 2242 5747 .ln
2272 5694 2447 5748 diebus
2472 5693 2576 5749 illis
2615 5697 2746 5749 venit
2772 5695 2999 5752 Joannes
3025 5697 3297 5767 Baptista;
3320 5711 3482 5772 atque
3523 5705 3757 5775 spatium

2181 5802 2440 5843 annorum
2466 5789 2676 5861 triginta
2705 5788 2960 5846 interfuit.
2987 5791 3093 5847 Sed
3117 5808 3232 5849 mos
3253 5794 3637 5869 estScripturx
3666 5797 3759 5855 illa
