4104 6218
498 356 600 413 697

504 474 577 529 uti
606 472 918 531 enarranda:
960 473 1194 530 historia
1236 472 1415 529 modo.
1440 472 1528 529 Sic
1571 471 1732 527 etiam
1776 470 1879 524 hoc
1918 468 2033 522 loco
2057 508 2073 535 ,

499 567 666 622 misso
697 565 1015 622 intermedio
1042 566 1186 622 omni
1221 574 1491 635 tempore,
1535 562 1675 633 quod
1709 562 1938 618 futurum
1965 568 2079 614 erat

498 657 766 712 excidium
800 657 937 712 inter
988 666 1042 713 et
1084 656 1341 729 principia
1384 652 1893 717 consummationis,
1940 649 2071 721 quid

509 748 665 816 paulo
706 758 829 803 ante
874 748 1385 804 consummationem
1425 746 1658 801 futurum
1697 753 1838 799 esset
1876 750 2077 796 narrat.

502 835 661 902 Tunc,
686 838 884 909 inquit,
908 839 949 894 si
973 840 1082 909 quis
1102 838 1236 894 vobis
1254 838 1456 905 dixerit,
1477 837 1606 891 Ecce
1630 836 1710 890 hic
1731 846 1800 890 est
1821 833 2073 898 Christus,

498 938 585 981 aut
616 929 696 982 hic
720 970 735 994 ,
769 929 921 983 nolite
953 929 1170 984 credere.
1202 927 1422 984 Interim
1465 928 1583 983 illos
1612 943 1642 982 a
1668 927 1787 982 loco
1813 925 2079 981 cautiores

499 1022 642 1086 iacit,
671 1019 889 1075 secundi
919 1020 998 1076 sui
1028 1019 1286 1076 adventus
1318 1027 1472 1074 notas
1504 1018 1744 1088 proprias
1772 1028 2072 1081 recensens,

501 1128 711 1167 necnon
742 1112 1085 1169 seductorum
1133 1120 1368 1169 ostenta.
1399 1111 1512 1165 Non
1540 1111 1681 1165 enim
1713 1117 1771 1164 ut
1812 1109 1863 1164 in
1906 1108 2079 1178 primo

499 1217 596 1258 suo
611 1202 841 1258 adventu
860 1203 908 1257 in
925 1201 1232 1258 Bethlehem
1255 1210 1653 1271 apparuerat,et
1677 1200 1729 1254 in
1754 1213 1914 1269 parvo
1934 1198 2078 1253 orbis

497 1293 715 1364 angulo,
749 1307 847 1347 nec
877 1292 983 1347 ullo
1016 1292 1289 1347 hominum
1316 1291 1369 1347 id
1408 1306 1437 1346 a
1470 1290 1728 1361 principio
1757 1290 1975 1353 sciente,
2008 1289 2078 1343 ita

500 1396 556 1442 et
586 1395 710 1441 tunc
746 1386 913 1455 inquit
948 1405 961 1441 :
991 1385 1081 1440 sed
1118 1394 1299 1453 aperte
1333 1393 1530 1440 etcum
1562 1384 1845 1453 splendore
1871 1425 1885 1450 ,
1920 1384 1990 1437 ita
2024 1392 2080 1437 ut

498 1491 584 1531 res
610 1475 796 1530 nuntio
824 1492 928 1529 non
958 1484 1129 1545 egeat.
1159 1476 1337 1547 Neque
1368 1490 1586 1544 parvum
1608 1474 1735 1530 illud
1764 1474 1974 1545 signum
1996 1483 2078 1529 est

497 1567 668 1638 ipsum
690 1584 795 1622 non
818 1568 1042 1623 latenter
1063 1577 1343 1623 venturum
1364 1583 1504 1623 esse.
1525 1567 1900 1623 Animadverte
1920 1581 2079 1636 porro

498 1659 585 1715 hic
611 1660 741 1714 nihil
772 1661 975 1715 narrari
1006 1661 1072 1715 de
1103 1661 1244 1715 bello
1274 1663 1667 1732 (narrationem
1705 1660 1846 1716 enim
1878 1660 1944 1715 de
1977 1660 2073 1715 ad-

499 1760 657 1807 ventu
686 1767 785 1807 suo
825 1753 988 1822 probe
1019 1754 1085 1806 ab
1117 1754 1201 1807 illa
1234 1753 1586 1826 distinguit),
1618 1753 1716 1809 sed
1756 1753 1864 1823 agit
1896 1753 1982 1807 hic
2010 1753 2077 1809 de

497 1843 562 1900 iis
582 1845 671 1915 qui
698 1844 955 1901 seducere
987 1845 1286 1902 tentztbnnt.
1313 1844 1445 1901 Nam
1474 1846 1562 1915 qui
1594 1855 1833 1914 tempore
1858 1854 2068 1914 aposto-

498 1934 668 1990 lorum
695 1934 850 1990 fuere
876 1935 1189 2004 deceptores
1213 1978 1229 2003 ,
1259 1937 1453 1991 multos
1479 1938 1812 1993 seduxerunt
1836 1935 2076 2007 (Venient

497 2025 662 2090 enim,
696 2026 885 2095 inquit,
913 2036 961 2079 et
990 2027 1232 2082 seducent
1256 2026 1480 2097 multos)
1507 2070 1521 2093 ,
1562 2028 1651 2100 qui
1680 2043 1805 2083 vero
1834 2038 1957 2083 ante
1985 2042 2072 2083 se-

497 2114 730 2170 cundum
748 2116 890 2170 illius
906 2116 1208 2177 adventum,
1233 2116 1337 2171 illis
1358 2116 1650 2172 deteriores
1670 2126 1853 2172 erunt:
1870 2116 2076 2171 Dabunt

497 2207 639 2262 enim
659 2246 675 2273 ,
708 2208 878 2277 inquit
897 2249 912 2272 ,
937 2208 1084 2278 signa
1108 2218 1155 2262 et
1183 2209 1412 2280 prodigia
1431 2251 1446 2275 ,
1472 2212 1542 2263 ita
1571 2218 1653 2275 ut,
1684 2210 1725 2263 si
1751 2209 1861 2276 ﬁeri
1888 2209 2071 2279 possit,

496 2300 647 2357 etiam
673 2299 855 2354 electos
898 2300 1164 2355 seducunt.
1196 2299 1292 2356 llic
1335 2316 1494 2370 porro
1530 2300 1596 2355 de
1634 2300 1963 2354 Antichristo
1993 2299 2073 2353 lo-

494 2391 673 2459 quitur
694 2430 710 2454 ,
742 2390 915 2461 deque
958 2392 1271 2463 quibusdam
1301 2391 1416 2461 ejus
1450 2391 1725 2445 ministris.
1758 2391 1831 2445 De
1870 2405 1974 2460 quo
1998 2389 2076 2444 sic

494 2481 692 2537 Paulus
718 2483 953 2552 loquitur
983 2500 997 2536 :
1039 2498 1159 2537 cum
1187 2483 1327 2537 enim
1359 2492 1601 2537 voeasset
1634 2482 1778 2537 illum
1803 2481 2073 2535 hominem

496 2573 700 2640 peccati
727 2582 782 2626 et
826 2573 988 2627 lilium
1029 2573 1366 2642 perditionis,
1397 2573 1610 2627 intulit:
1642 2570 1801 2641 Cujus
1834 2571 2075 2626 adventus

492 2670 565 2715 est
587 2662 865 2716 secundum
911 2664 1257 2732 operationem
1282 2673 1473 2717 satana)
1491 2704 1505 2729 ,
1530 2664 1583 2718 in
1610 2664 1746 2718 omni
1769 2664 1951 2718 virtute
1973 2703 1988 2729 ,
2028 2674 2074 2718 et

492 2753 650 2823 signis
670 2792 686 2819 ,
720 2764 768 2808 et
790 2754 1038 2825 prodigiis
1060 2757 1310 2809 mendacii
1329 2796 1345 2821 ,
1370 2755 1422 2809 in
1452 2756 1589 2809 omni
1625 2756 1912 2825 deceptione
1935 2756 2075 2824 inju-

491 2845 677 2912 stitiar,
708 2845 761 2898 in
798 2845 862 2898 iis
901 2846 988 2915 qui
1023 2854 1233 2915 pereunt
1270 2845 1367 2917 (1.
1411 2846 1583 2900 Thess.
1617 2848 1671 2899 Ξ.
1702 2846 1799 2917 9).
1846 2846 1915 2900 Et
1953 2846 2072 2900 vide

491 2936 758 3006 quomodo
792 2935 915 2991 illos
938 2948 1125 2992 eautos
1155 2938 1359 2992 reddat.
1389 2937 1466 2992 Ne
1494 2939 1735 3005 excatis,
1766 2939 1972 3008 inquit,
2017 2939 2068 2994 in

491 3025 761 3082 desertum
782 3066 798 3091 ,
832 3042 900 3082 ne
922 3027 1130 3082 intretis
1158 3028 1207 3080 in
1239 3028 1551 3096 penetralia.
1581 3034 1697 3084 Non
1733 3029 1883 3090 dixit.
1913 3030 2069 3084 Abite

492 3125 544 3171 et
557 3132 622 3172 ne
637 3116 857 3183 credite;
877 3117 991 3185 sed,
1010 3116 1086 3172 Ne
1104 3118 1493 3187 ingrediamini,
1516 3134 1685 3189 neque
1700 3120 2064 3189 cgrediamini.

491 3208 673 3279 Magna
702 3209 845 3263 enim
873 3207 1014 3264 fraus
1042 3208 1177 3275 erit,
1206 3223 1272 3265 eo
1296 3208 1435 3279 quod
1463 3216 1516 3265 et
1541 3211 1689 3279 signa
1730 3210 1794 3265 ad
1827 3210 2065 3267 fraudem

490 3298 703 3356 dentur.

560 3391 614 3445 5.
645 3389 779 3445 Cum
807 3389 1027 3445 dixisset
1055 3404 1181 3459 ergo
1210 3389 1475 3459 quomodo
1505 3390 1592 3443 ille
1616 3398 1868 3445 venturus
1898 3399 2062 3459 esset,

490 3483 543 3538 in
584 3482 702 3537 loco
723 3497 916 3551 nempe
938 3482 1148 3550 aliquo,
1183 3492 1307 3536 tunc
1334 3482 1401 3537 de
1430 3496 1488 3537 se
1516 3482 1783 3551 quomodo
1813 3491 2066 3539 venturus

487 3575 556 3633 sit
584 3575 732 3633 dicit.
764 3575 1046 3643 Quomodo
1079 3585 1258 3629 autem
1286 3583 1540 3629 venturus
1571 3575 1689 3630 est?
1718 3573 1864 3630 Sicut
1892 3576 2067 3648 fulgur

490 3668 589 3722 exit
614 3666 675 3721 ab
705 3667 912 3732 oriente,
940 3674 984 3719 et
1005 3674 1213 3735 apparet
1239 3681 1394 3737 usque
1417 3666 1485 3718 ad
1512 3666 1852 3731 occidentem,
1881 3668 1954 3720 ita
1974 3668 2064 3720 erit

489 3768 536 3815 et
566 3760 806 3815 adventus
834 3757 960 3811 Filii
998 3757 1234 3813 Itonitinis.
1279 3755 1377 3813 Ubi
1423 3757 1551 3811 enim
1572 3758 1720 3826 fuerit
1745 3774 1928 3829 corpus
1950 3799 1966 3826 ,
1996 3758 2065 3812 ibi

487 3850 920 3922 congregabantur
959 3860 1002 3903 et
1032 3848 1235 3917 aquilae.
1280 3848 1557 3915 Quomodo
1597 3848 1771 3918 fulgur
1804 3849 2069 3918 apparet?

488 3939 602 3996 Non
644 3954 779 4009 opus
818 3938 977 3993 habet
1008 3938 1226 4005 nuntio,
1261 3951 1366 3992 non
1393 3952 1654 4007 praecone,
1686 3937 1779 3993 sed
1805 3937 1946 3994 etiis
1974 3940 2061 4008 qui

488 4032 628 4088 domi
659 4031 845 4087 sedent
875 4038 928 4085 et
959 4030 1020 4084 iis
1048 4028 1235 4099 quaein
1256 4029 1499 4085 thalamis
1527 4037 1679 4093 sunt,
1712 4030 1762 4084 in
1792 4039 2061 4086 momento

488 4139 583 4194 per
608 4120 790 4177 orbem
824 4128 989 4174 totum
1016 4119 1309 4189 apparebit.
1339 4119 1426 4174 Sic
1447 4119 1535 4174 ille
1563 4120 1821 4174 adventus
1846 4120 1969 4187 erit,
1992 4119 2061 4174 ob

486 4214 669 4283 gloria:
693 4211 974 4282 fulgorem,
998 4210 1155 4265 simul
1182 4209 1375 4279 ubique
1401 4224 1683 4279 apparens.
1718 4209 1873 4265 Aliud
1901 4224 2060 4279 porro

487 4307 693 4376 signum
722 4302 851 4359 dicit
880 4319 894 4355 :
931 4301 1027 4358 Ubi
1051 4317 1259 4368 corpus,
1293 4300 1363 4355 ibi
1385 4310 1432 4355 et
1463 4302 1683 4381 aquilae;
1718 4300 2055 4370 angelorum,

488 4406 778 4466 martyrum
822 4402 874 4450 et
916 4401 1217 4448 sanctorum
1277 4392 1512 4446 omnium
1556 4402 1725 4447 coetus
1772 4392 2055 4460 signiﬁcat.

488 4488 688 4544 Deinde
706 4486 957 4542 terribilia
976 4484 1224 4539 miracula
1240 4482 1386 4537 dicit.
1409 4482 1660 4549 Quaenam
1686 4483 1806 4538 illa?
1825 4482 1915 4538 29.
1936 4482 2059 4538 Sta-

487 4580 576 4633 tim
615 4585 727 4649 post
765 4575 1133 4630 tribulationem
1160 4573 1351 4625 dierum
1381 4574 1582 4626 illorum
1610 4573 1686 4626 sol
1714 4570 2053 4625 obtenebrabi-

488 4680 593 4722 tur.
626 4667 1058 4724 Tribulationem
1083 4681 1317 4737 quarum
1353 4665 1563 4723 dierum
1595 4665 1725 4719 dicit
1750 4663 1805 4718 *‘l
1841 4661 2063 4719 Dierum

487 4760 804 4815 Antichristi
845 4769 899 4815 et
932 4757 1547 4829 pseudoprophetarum.
1586 4753 1886 4813 Tribulatio
1910 4768 2065 4810 nam.

480 4864 583 4920 que
612 4857 734 4903 tunc
754 4863 941 4918 magna
963 4848 1064 4901 erit
1083 4888 1098 4913 ,
1142 4860 1260 4901 cum
1290 4854 1365 4899 tot
1388 4845 1495 4899 sint
1522 4843 1839 4915 deceptores
1869 4844 2049 4900 futuri.

479 4940 584 4996 Sed
615 4955 720 4994 non
750 4938 814 4994 ad
842 4941 1063 4993 multum
1092 4937 1344 5007 temporis
1370 4934 1690 4991 extenditur.
1712 4935 1766 4991 Si
1790 4936 1932 4992 enim
1954 4936 2051 4992 Ju-

477 5032 686 5089 daicum
714 5030 907 5085 bellum
928 5038 1141 5098 propter
1162 5028 1358 5084 electos
1378 5026 1739 5083 abbreviatum
1761 5035 1862 5094 est,
1886 5028 2050 5082 multo

478 5124 646 5195 magis
682 5129 899 5191 propter
923 5120 1141 5177 eosdem
1166 5120 1279 5175 haec
1309 5120 1530 5175 tcntatio
1559 5120 1894 5187 reprimetur.
1927 5120 2052 5177 Ideo

475 5213 791 5284 simpliciter
818 5228 919 5267 non
945 5210 1096 5275 dixit,
1125 5221 1242 5281 post
1271 5210 1689 5278 tribulationem,
1721 5212 1838 5279 sed,
1864 5212 2049 5267 Statim

476 5314 587 5372 post
616 5303 988 5357 tribulationem
1018 5302 1210 5355 dierum
1241 5302 1443 5355 illorum
1486 5303 1564 5358 sol
1600 5300 2002 5357 obteuebrabitur
2026 5318 2047 5357 .'

474 5412 597 5451 nam
645 5396 755 5452 fere
796 5394 952 5449 simul
1001 5392 1178 5447 omnia
1227 5394 1377 5447 tiunt.
1439 5392 1945 5463 Pseudo-prOphetm
1995 5404 2049 5452 et

475 5485 886 5557 pseudo-christi
916 5483 1264 5538 advenientes
1309 5484 1489 5538 turbas
1539 5482 1777 5548 dabunt,
1830 5494 1884 5539 et
1932 5486 2046 5556 ipse

472 5579 649 5635 statim
691 5577 879 5634 aderit.
940 5574 1122 5645 Neque
1165 5576 1305 5631 enim
1350 5590 1506 5645 parva
1552 5576 1879 5645 perturbatio
1923 5584 2047 5632 tunc

535 5769 550 5799 ³
580 5766 770 5820 Μυιιιῐ..
802 5763 1183 5818 Tribulationem
1204 5764 1416 5830 dierum,
1440 5778 1697 5834 quamnam
1730 5762 1845 5816 dicit
1861 5760 2057 5821 Nion.

1379 358 1445 415 ΚΝ
1485 355 1889 421 MATTlleEUM
1930 353 2157 410 llONIlL.
2204 355 2434 414 LXXVI.
2478 360 2549 417 al.
2592 359 2847 415 LXXVII.

3665 367 3768 426 698

2187 478 2355 524 totum
2379 473 2564 527 orbem
2602 474 2903 542 occupabit.
2942 472 3221 543 Quomodo
3264 486 3442 534 autem
3472 479 3771 538 adveniet?

2183 559 2292 615 nuc
2333 563 2710 619 transformata
2754 574 2995 621 creatura
3022 584 3041 622 :
3067 582 3187 623 nam
3238 568 3336 625 Sol
3382 570 3764 639 obscurabitur,

2183 667 2286 706 non
2314 654 2546 723 deletus,
2579 655 2672 711 sed
2694 670 2977 727 superatus
3001 676 3029 712 a
3055 660 3257 716 lumine
3288 662 3427 717 illius
3461 663 3724 719 adventus
3750 683 3763 719 :

2184 743 2248 797 Et
2274 745 2434 801 stellae
2461 747 2659 802 cadent.
2690 748 2821 816 Quis
2845 751 2985 805 enim
3018 762 3199 822 postea
3228 754 3435 809 illarum
3467 770 3595 809 usus
3622 755 3764 811 lutu-

2182 850 2274 891 rus
2316 846 2426 902 est,
2458 839 2600 895 nulla
2654 841 2952 899 essistente
2982 846 3175 900 nocte?
3204 844 3272 899 Et
3298 846 3503 902 uirtutes
3523 849 3765 902 calorum

2180 926 2656 993 commovebuntur;
2681 939 2737 985 et
2759 929 2880 999 jure
2907 932 3123 1003 quidem
3141 976 3161 1002 ,
3183 936 3534 991 mutationem
3563 946 3762 993 tantum:

2182 1016 2442 1074 videntes.
2482 1018 2620 1073 Nam
2642 1020 2686 1075 si
2717 1022 2929 1091 quando
2955 1026 3124 1080 stellae
3163 1023 3316 1081 facta:
3363 1038 3524 1093 sunt,
3566 1029 3635 1084 ita
3665 1041 3761 1085 ex-

2184 1104 2505 1163 horruerunt
2553 1117 2607 1165 et
2649 1111 2855 1167 miratae
2897 1122 3023 1167 sunt
3048 1114 3067 1187 (
3092 1131 3213 1170 nam
3248 1118 3465 1183 Quando
3486 1120 3622 1187 facta
3648 1130 3766 1174 sunt

2181 1206 2317 1252 astra
2343 1239 2355 1257 ,
2386 1197 2585 1267 inquit,
2616 1200 2947 1257 laudauerunt
2976 1220 3054 1258 me
3082 1222 3266 1277 magna
3306 1224 3421 1261 voce
3459 1226 3639 1263 omnes.
3672 1227 3766 1262 an-

2180 1290 2278 1360 geli
2323 1288 2443 1362 [Job
2469 1291 2557 1346 58.
2590 1290 2719 1365 7]):
2744 1293 2912 1348 multo
2952 1297 3122 1364 magis
3161 1312 3281 1351 cum
3326 1299 3554 1355 viderint
3587 1303 3762 1355 omnia

2182 1389 2401 1446 mutata,
2432 1392 2484 1436 et
2511 1397 2800 1437 conservos
2823 1400 2952 1440 suos
2981 1401 3169 1456 plenas
3196 1388 3384 1444 dantes
3411 1432 3426 1455 ,
3458 1399 3626 1446 totum
3668 1409 3759 1446 or.

2180 1473 2300 1526 hem
2340 1483 2462 1529 ante
2493 1476 2826 1533 tremendum
2860 1479 3088 1535 tribunal
3116 1480 3414 1536 adstantem
3442 1499 3457 1547 ;
3484 1497 3671 1539 omnes
3696 1484 3764 1538 ab

2181 1565 2349 1619 Adam
2391 1580 2559 1635 usque
2585 1565 2651 1620 ad
2684 1567 2968 1622 adventum
3014 1586 3204 1635 suum,
3249 1572 3486 1626 omnium
3537 1587 3759 1642 operum

2182 1657 2442 1713 rationem
2495 1657 2800 1723 reddentes,
2847 1660 3116 1729 quomodo
3170 1678 3274 1718 non
3324 1664 3679 1732 horrescent,
3709 1675 3764 1720 et

2179 1749 2691 1803 commovebuntur?

2251 1837 2475 1892 Christus
2515 1855 2662 1893 suum
2702 1842 2977 1894 secundum
3014 1841 3279 1896 adventum
3313 1844 3563 1900 describit.
3598 1846 3763 1912 Quare

2179 1947 2305 1983 crux
2318 1929 2771 1999 apparebit.—50.
2791 1930 2929 1984 Tunc
2943 1931 3213 2002 apparebit
3226 1933 3429 2003 signum
3452 1931 3577 1987 Filii
3590 1938 3760 1992 homi-

2179 2020 2258 2073 nis
2288 2021 2337 2073 in
2364 2021 2486 2074 caelo
2526 2037 2544 2075 :
2580 2021 2632 2076 id
2664 2031 2746 2077 est
2766 2063 2779 2087 ,
2813 2037 2940 2078 crux
2969 2024 3082 2079 sole
3108 2024 3470 2093 splendidior:
3501 2027 3760 2097 siquidem

2178 2112 2255 2165 Sol
2287 2111 2666 2167 obtenebratur
2692 2122 2745 2168 et
2771 2113 3131 2180 absconditur,
3156 2130 3284 2170 crux
3309 2126 3484 2172 autem
3506 2129 3758 2189 apparet:

2181 2218 2352 2271 neque
2381 2213 2688 2273 appareret,
2719 2206 2820 2260 nisi
2848 2206 3110 2261 solaribus
3142 2207 3297 2277 longe
3323 2210 3489 2265 radiis
3513 2211 3751 2280 Splendi-

2178 2291 2295 2347 dior
2334 2304 2492 2348 esset.
2542 2294 2650 2348 Cur
2695 2304 2871 2350 autem
2923 2295 3024 2351 hoc
3060 2296 3267 2367 signum
3295 2301 3549 2369 apparet?
3581 2300 3643 2356 Ut
3672 2300 3761 2356 Ju.

2177 2385 2416 2444 (imorum
2464 2386 2785 2457 impudentia
2834 2388 2989 2457 plane
3034 2389 3373 2457 reprimatur.
3416 2390 3761 2448 iustiﬁcatio-

2179 2495 2301 2535 nem
2325 2480 2517 2550 quippe
2543 2495 2788 2550 magnam
2809 2479 3009 2535 habens
3029 2479 3295 2547 Christus,
3315 2498 3508 2551 nempe
3523 2498 3759 2545 crucem,

2179 2571 2230 2624 in
2261 2569 2360 2625 hoc
2388 2569 2621 2625 tribunal
2648 2569 2865 2623 advenit
2899 2588 2910 2623 :
2945 2585 3118 2641 neque
3150 2580 3350 2629 tantum
3384 2573 3601 2627 vulnera
3623 2614 3637 2637 ,
3666 2574 3758 2628 sed

2178 2661 2579 2731 ignominiosam
2609 2669 2835 2715 mortem
2863 2661 3114 2716 ostendit.
3151 2661 3290 2715 Tune
3320 2661 3559 2732 plangant
3578 2663 3757 2716 tribus.

2176 2753 2329 2808 Nulla
2356 2751 2639 2807 accusandi
2671 2753 2961 2807 necessitas
2984 2752 3105 2815 erit,
3132 2767 3252 2807 cum
3276 2753 3501 2807 viderint
3522 2768 3759 2816 crucem;

2178 2842 2424 2913 plangent
2446 2884 2461 2908 ,
2487 2843 2609 2911 quia
2636 2841 2726 2895 illo
2758 2850 2967 2895 mortuo
2987 2884 3002 2907 ,
3046 2842 3176 2897 nihil
3213 2841 3336 2897 inde
3375 2842 3601 2897 fructum
3632 2860 3757 2913 pcr-

2173 2942 2429 3004 ceperunt
2456 2952 2469 2987 :
2500 2932 2748 3002 quoniam
2776 2933 3154 2989 crucifixerunt
3184 2950 3309 2990 eum
3338 2951 3498 3006 quem
3531 2936 3760 2993 adorare

2172 3023 2471 3094 oportebat.
2514 3022 2882 3095 Viden’qnam
2917 3025 3224 3081 terribiliter
3267 3041 3423 3081 suum
3472 3027 3757 3082 adventum

2172 3113 2489 3170 describat?
2534 3114 2804 3182 quomodo
2853 3114 3233 3185 discipulorum
3288 3117 3497 3171 animos
3548 3118 3759 3188 erigat?

2173 3204 2377 3260 ldcirco
2418 3205 2586 3259 tristia
2620 3206 2791 3275 primo
2818 3207 3003 3275 ponit,
3036 3216 3088 3261 et
3125 3216 3247 3279 post
3273 3207 3388 3263 hinc
3418 3209 3555 3263 bona
3587 3219 3640 3264 et
3673 3209 3760 3280 ju-

2171 3296 2364 3359 cuuda,
2422 3306 2477 3351 ut
2525 3297 2601 3351 sic
2649 3296 2773 3351 illos
2818 3296 3144 3354 consoletur.
3193 3298 3502 3357 Passionem
3548 3316 3759 3371 quoque

2172 3402 2380 3441 rursum
2408 3395 2812 3454 commemorat,
2842 3401 3051 3443 necnon
3078 3389 3755 3461 resurrectionem,,.atque

2169 3476 2529 3548 splendidiore
2555 3476 2714 3533 modo
2739 3493 2955 3534 crucem
2981 3489 3241 3536 memorat
3264 3524 3279 3548 ,
3308 3497 3378 3538 ne
3408 3482 3576 3554 pudor
3608 3484 3753 3554 ipsos

2169 3568 2252 3623 vel
2295 3567 2448 3621 dolor
2478 3567 2718 3633 invadat,
2746 3584 2865 3623 cum
2887 3569 2996 3640 jam
3028 3572 3205 3626 veniat
3249 3570 3392 3628 illam
3449 3589 3544 3643 pro
3591 3575 3744 3644 signo

2171 3658 2455 3728 positurus.
2488 3658 2635 3712 Alius
2663 3675 2791 3714 vero
2820 3659 2982 3726 dicit,
3023 3660 3272 3716 Videbunt
3314 3664 3367 3717 in
3411 3681 3557 3735 quem
3588 3675 3754 3719 trans-

2168 3751 2385 3818 ﬁxerunt
2428 3749 2611 3816 (Zach.
2646 3750 2732 3804 12.
2767 3750 2878 3820 10).
2908 3750 3032 3805 Ideo
3059 3752 3309 3823 plangent
3335 3754 3537 3821 tribus,
3570 3757 3752 3810 viden-

2170 3852 2249 3897 tes
2292 3842 2537 3896 eumdem
2577 3844 2747 3911 ipsum
2791 3855 2929 3897 esse.
2975 3842 3260 3913 Postquam
3310 3853 3485 3900 autem
3535 3862 3748 3902 crucem

2166 3933 2624 3999 commemoravit,
2658 3932 2860 4003 adjicit,
2901 3932 3143 3989 Videbunt
3163 3933 3356 3988 Filium
3386 3935 3599 3990 hominis
3616 3938 3747 3990 veni-

2166 4034 2358 4094 entem,
2388 4039 2491 4079 non
2524 4025 2575 4079 in
2602 4040 2791 4091 cruce,
2825 4026 2949 4092 sed,
2976 4024 3039 4080 In
3069 4027 3279 4082 nubibus
3312 4026 3425 4081 ειειί
3461 4046 3573 4082 cum
3604 4041 3745 4098 ροιε-

2164 4129 2292 4174 state
2316 4129 2362 4175 et
2384 4120 2645 4189 majestate
2670 4136 2853 4191 magna
2879 4117 3056 4189 (Joan.
3093 4118 3179 4176 19.
3213 4119 3323 4194 57).
3357 4119 3434 4176 Ne
3463 4121 3583 4191 quia
3614 4137 3742 4176 cru-

2163 4225 2279 4265 cem
2321 4208 2548 4276 audisti,
2581 4209 2776 4280 inquit,
2809 4220 2965 4281 putes
2993 4208 3184 4267 adesse
3221 4209 3348 4283 quid
3394 4213 3575 4275 triste;
3622 4227 3743 4267 nam

2162 4315 2283 4356 cum
2324 4308 2583 4371 potestate
2631 4310 2686 4355 et
2728 4300 3005 4370 majestate
3048 4316 3236 4372 magna
3278 4303 3476 4357 veniet.
3514 4301 3739 4357 Crucem

2160 4400 2339 4446 autem
2367 4397 2573 4462 gestat,
2607 4398 2662 4444 ut
2689 4399 2960 4460 peccatum
2994 4391 3228 4461 ipsorum
3260 4392 3363 4448 hoc
3392 4394 3507 4463 ipso
3548 4403 3599 4449 et
3647 4411 3741 4464 per

2160 4498 2219 4538 se
2247 4483 2633 4537 condemnetur
2665 4498 2679 4536 :
2713 4490 2769 4536 ut
2797 4483 2843 4535 si
2873 4483 2991 4551 quis
3018 4482 3192 4551 lapide
3222 4497 3525 4552 percussus,
3567 4485 3738 4554 ipsum

2160 4573 2388 4647 lapidem
2415 4572 2753 4639 ostenderet,
2786 4572 2870 4627 vel
2918 4573 3228 4627 vestimenta
3274 4582 3567 4629 cruentata.
3596 4576 3661 4629 Et
3686 4575 3740 4629 in

2158 4666 2298 4721 nube
2343 4665 2539 4730 veniet,
2585 4664 2721 4720 sicut
2768 4672 3072 4735 assumptus
3097 4673 3212 4729 est;
3258 4664 3476 4736 haecque
3500 4666 3740 4721 videntes

2159 4758 2327 4814 tribus
2376 4756 2597 4812 ﬂebunt.
2645 4756 2827 4828 Neque
2875 4757 3010 4811 intra
3056 4756 3238 4812 ﬂetum
3265 4758 3522 4812 sistentur
3548 4759 3733 4812 mala:

2156 4849 2250 4904 sed
2278 4848 2397 4904 ideo
2427 4847 2581 4903 ﬂetus
2610 4849 2711 4903 erit
2730 4889 2745 4915 ,
2786 4856 2841 4903 ut
2870 4847 3188 4903 sententiam
3219 4847 3393 4903 ferant
3435 4858 3489 4903 et
3530 4849 3736 4917 scipsos

2154 4939 2425 4994 damnent.
2455 4938 2605 4993 Tunc
2632 4946 2807 4993 autem
2841 4952 3045 5004 rursus,
3068 4936 3157 4991 51.
3191 4937 3358 4991 Mittet
3382 4938 3589 5008 angelos
3618 4954 3735 4991 suos

2156 5046 2269 5083 cum
2290 5029 2409 5083 tuba
2433 5044 2650 5099 magna,
2692 5036 2738 5081 et
2774 5027 3146 5099 congregabunt
3194 5028 3374 5082 electos
3419 5045 3484 5082 ea:
3518 5037 3736 5097 quatuor

2155 5122 2331 5187 ventis,
2372 5138 2403 5175 a
2441 5121 2650 5175 summis
2695 5121 2933 5174 caelorum
2958 5136 3116 5190 usque
3154 5120 3222 5173 ad
3264 5120 3501 5175 terminos
3538 5136 3729 5174 eorum.

2154 5215 2284 5270 Cum
2316 5214 2431 5269 haec
2459 5212 2690 5267 audieris
2711 5253 2724 5275 ,
2752 5210 2921 5281 cogita
2953 5225 3138 5265 eorum
3165 5211 3255 5282 qui
3288 5211 3581 5267 manebunt
3606 5226 3731 5280 sup-

2154 5306 2388 5377 plicinm.
2416 5304 2532 5360 Non
2554 5304 2692 5358 enim
2724 5313 2925 5357 tantum
2951 5303 3068 5358 illas
3095 5317 3279 5373 pinnas
3303 5303 3527 5364 dabunt.
3555 5302 3732 5357 sedet

2156 5399 2288 5453 hanc
2319 5411 2548 5467 quoque.
2581 5396 2646 5450 Et
2671 5396 2809 5448 sicut
2837 5394 3050 5450 dicebat
3073 5409 3232 5465 supra
3258 5436 3273 5459 ,
3301 5395 3538 5450 dicturos
3567 5408 3688 5449 esse
3710 5434 3726 5457 ,

2152 5488 2448 5543 Benedictus
2475 5486 2557 5556 qui
2578 5486 2706 5538 venit
2733 5485 2786 5538 in
2810 5486 3009 5538 nomine
3029 5483 3232 5539 Domini
3253 5483 3467 5555 (Matth.
3489 5485 3577 5540 23.
3602 5486 3690 5555 59)
3711 5503 3724 5540 :

2150 5583 2228 5639 sic
2271 5582 2371 5636 hoc
2408 5580 2525 5635 loco
2568 5578 2723 5643 dicit,
2759 5576 3029 5650 Plangent.
3072 5577 3204 5648 Quia
3227 5579 3366 5633 enim
3392 5578 3460 5635 de
3480 5580 3727 5647 gravibus

2151 5674 2303 5732 bellis
2327 5674 2473 5740 ipsos
2499 5672 2801 5741 alloquutus
2827 5677 2943 5736 est,
2975 5679 3032 5723 ut
3055 5669 3292 5736 discant,
3324 5680 3442 5741 post
3466 5672 3619 5745 hujus
3642 5672 3723 5725 vi-

2154 5776 2221 5824 ta:
2246 5764 2410 5833 mala,
2437 5762 2613 5819 futura
2637 5761 2757 5819 illos
2778 5771 3044 5822 tormenta
3069 5776 3308 5834 manere,
3338 5779 3389 5826 et
3415 5772 3728 5849 plangentcs
