4000 6206
438 357 543 415 699

446 468 651 527 lnducit
672 511 687 536 ,
736 478 792 526 et
819 470 886 526 ab
908 469 1095 526 electis
1121 481 1428 543 segregatos
1447 515 1462 540 ,
1495 481 1549 529 et
1574 473 1832 543 gehennae
1863 470 2025 527 tradi-

447 574 527 618 tos
560 579 574 617 :
608 561 838 633 hincque
870 577 1079 617 rursum
1111 563 1401 634 discipulos
1429 565 1722 631 suscitans,
1750 564 1984 620 ostendit
2010 602 2026 629 ,

442 669 471 705 a
522 652 739 723 quantis
783 652 1149 707 liberabuntur
1196 653 1389 719 malis,
1431 664 1487 709 et
1534 655 1745 725 quantis
1788 655 2029 709 fruentur

446 742 624 799 bouis.

512 834 567 890 4.
617 833 686 889 Et
736 850 834 889 cur
888 850 984 905 per
1034 835 1252 906 angelos
1303 845 1458 891 vocat
1501 836 1640 903 illos,
1671 837 1820 891 sisic
1853 838 2024 904 palam

442 934 702 982 venturus
736 926 850 981 sit?
879 926 947 982 Ut
974 926 1074 982 illis
1108 926 1251 982 hunc
1277 942 1494 998 quoque
1520 928 1776 983 honorem
1810 928 2022 982 tribuat.

443 1017 640 1074 Paulus
683 1034 810 1076 vero
861 1021 935 1074 ait
964 1019 1110 1090 ipsos
1148 1020 1431 1089 rapiendos
1451 1036 1570 1076 esse
1598 1022 1648 1075 in
1679 1022 1925 1076 nubibus.
1959 1022 2027 1076 Et

446 1108 548 1164 hoc
591 1111 750 1165 etiam
796 1110 963 1177 dicit,
1017 1126 1137 1165 cum
1186 1111 1253 1166 de
1307 1113 1697 1167 resurrectione
1748 1112 2021 1182 loquitur:

448 1198 567 1270 Ipse
590 1201 752 1264 enim,
782 1202 972 1272 inquit,
1006 1202 1248 1256 Dominus
1269 1202 1531 1256 descendet
1551 1205 1614 1256 de
1632 1204 1752 1256 creto
1769 1203 1820 1256 iu
1835 1205 1985 1273 jussu
2008 1245 2021 1267 ,

442 1295 497 1348 in
541 1311 657 1349 voce
693 1294 987 1365 archangeli
1027 1296 1103 1363 (1.
1136 1292 1319 1349 Thess.
1353 1295 1407 1348 4.
1440 1292 1550 1365 15).
1582 1293 1760 1364 Itaque
1785 1310 1905 1349 cum
1937 1311 2023 1350 re-

444 1389 774 1442 surrexerint
794 1429 807 1453 ,
836 1387 1009 1457 angeli
1040 1388 1184 1458 ipsos
1207 1388 1604 1457 congregabunt
1628 1430 1643 1453 ,
1674 1397 2025 1458 congregatos

443 1489 622 1536 autem
655 1480 820 1535 nubes
864 1480 1072 1550 rapiant
1113 1490 1212 1535 :et
1262 1481 1375 1535 luce
1427 1482 1606 1536 omnia
1657 1482 1708 1535 in
1755 1491 2026 1536 momento

446 1572 597 1626 fiunt.
644 1571 827 1642 Neque
865 1572 1004 1627 enim
1053 1588 1264 1627 sursum
1302 1588 1521 1626 manens
1552 1583 1705 1627 vocat
1736 1573 1884 1637 illos,
1930 1577 2044 1648 Sed

445 1666 559 1733 ipse
585 1664 725 1718 venit
759 1663 810 1717 in
845 1664 990 1719 tuba.
1025 1664 1090 1717 Et
1115 1663 1241 1734 quid
1269 1663 1370 1718 sibi
1394 1666 1581 1717 volunt
1608 1664 1746 1718 tubae
1777 1674 1831 1718 et
1862 1667 1975 1719 soni
2002 1667 2027 1719 ?

443 1757 526 1811 Ad
570 1755 991 1821 suscitationcm,
1021 1756 1085 1808 ad
1116 1755 1380 1818 lzl'lllialll,
1405 1756 1469 1809 ad
1492 1755 1865 1810 declarandum
1910 1766 2025 1811 stu-

456 1854 659 1918 porem,
678 1844 1022 1915 doloremque
1048 1860 1234 1901 eorum
1253 1846 1340 1915 qui
1356 1846 1741 1915 relinquentur.
1762 1846 1851 1900 Va:
1874 1847 2026 1903 nobis

445 1954 473 1993 ι
497 1938 583 1993 die
610 1938 699 1993 illo
728 1938 948 1992 terribili
976 1955 987 1988 :
1012 1952 1132 1992 cum
1160 1947 1435 2007 oporteret
1456 1953 1552 1992 nos
1570 1938 1799 2008 gaudere
1814 1939 2025 2008 quando

445 2032 570 2086 talia
602 2031 871 2093 audimus,
899 2032 1165 2097 dolemus,
1192 2040 1244 2085 et
1265 2031 1444 2085 animo
1470 2032 1680 2100 dejecto
1709 2046 1891 2086 sumus
1916 2072 1931 2097 ,
1963 2048 2025 2087 ac

444 2137 675 2175 interore
705 2122 1038 2175 coulicimur.
1070 2120 1203 2175 Num
1234 2137 1333 2191 ego
1360 2121 1507 2175 solus
1536 2121 1649 2177 haec
1688 2123 1879 2193 patior,
1902 2139 2023 2177 vos-

443 2226 544 2285 qne
575 2211 818 2281 gaudetis
841 2212 955 2266 btec
979 2212 1277 2277 audientes,
1306 2212 1430 2265 dum
1462 2227 1547 2267 me
1576 2224 1629 2266 et
1669 2212 1858 2268 horror
1879 2214 2024 2268 inva-

441 2302 539 2371 dit,
563 2318 686 2358 cum
713 2302 830 2359 btnc
855 2303 1126 2366 dicuntur,
1158 2312 1211 2356 ct
1240 2305 1474 2371 graviter
1502 2304 1676 2373 lugeo,
1706 2318 1880 2374 exque
1902 2304 2025 2358 iuti-

442 2411 531 2451 mo
558 2395 722 2451 corde
749 2396 1082 2467 ingemisco?
1107 2395 1245 2450 Nihil
1276 2395 1389 2450 haec
1414 2395 1477 2449 ad
1503 2412 1606 2461 me,
1637 2396 1732 2452 sed
1759 2412 1876 2467 qua:
1900 2412 2022 2454 mox

440 2499 769 2560 sequuntur,
799 2504 919 2559 quae
947 2489 1179 2559 virgines
1206 2496 1483 2558 spectant,
1521 2498 1575 2543 et
1613 2504 1730 2558 qua:
1764 2490 1911 2544 illum
1933 2492 2022 2560 qui

439 2592 711 2651 acceptum
738 2581 993 2636 talentum
1024 2580 1260 2646 defodit,
1301 2590 1351 2635 et
1380 2596 1496 2651 quae
1524 2597 1734 2636 servum
1774 2598 2021 2653 nequam.

438 2673 564 2730 Ideo
591 2674 859 2745 lacrymor
882 2715 897 2740 ,
929 2673 1173 2745 cogitans
1208 2689 1273 2729 ex
1319 2683 1511 2745 quanta
1548 2674 1716 2746 gloria
1757 2675 2022 2746 delapsuri

438 2756 604 2821 simus
626 2808 642 2833 ,
672 2783 736 2820 ex
765 2775 1084 2837 quautorum
1130 2780 1224 2835 spe
1255 2766 1515 2819 bonorum
1538 2808 1553 2832 ,
1585 2767 1741 2836 idque
1768 2778 2024 2836 perpetuo

438 2869 490 2912 et
512 2873 759 2927 semper,
812 2873 879 2913 ne
917 2871 1105 2926 parum
1149 2856 1308 2910 studii
1361 2857 1748 2926 impendamus.
1801 2858 1932 2913 Nam
1978 2859 2022 2914 si

441 2950 638 3002 multus
666 2958 810 3003 esset
840 2947 1010 3011 labor,
1046 2947 1091 3001 si
1115 2948 1295 3017 gravis
1323 2948 1432 3011 lex,
1462 2948 1539 3002 sic
1560 2963 1771 3018 quoque
1811 2958 2024 3017 oporte-

440 3045 519 3093 ret
551 3037 683 3094 nihil
726 3052 830 3094 non
861 3052 1041 3108 agere.
1076 3038 1323 3092 Attamen
1352 3038 1593 3108 plerique
1622 3037 1834 3094 desides
1861 3056 2025 3095 excu-

437 3137 696 3184 sationem
715 3128 999 3200 quamdam
1020 3127 1215 3183 habere
1237 3128 1575 3195 viderentur;
1597 3130 1836 3200 frigidam
1850 3140 2020 3199 certe,

437 3220 531 3275 sed
573 3229 749 3276 tamen
795 3220 1104 3277 viderentur
1132 3220 1369 3285 habere;
1401 3230 1786 3291 praeceptorum
1832 3239 2023 3293 nempe

437 3312 824 3380 difficultatem,
848 3312 990 3383 quod
1015 3329 1235 3384 magnus
1262 3314 1331 3369 sit
1356 3313 1527 3379 labor,
1552 3315 1691 3384 quod
1714 3314 2021 3369 diuturnmn

438 3413 648 3474 tempus
673 3445 689 3471 ,
720 3413 774 3458 et
804 3404 1138 3459 intolerabile
1161 3420 1297 3459 onus
1328 3423 1341 3458 :
1375 3420 1521 3460 nunc
1549 3414 1724 3460 autem
1758 3406 1888 3461 nihil
1918 3409 2021 3463 tale

437 3496 730 3552 obtendere
746 3510 1047 3566 possumus,
1061 3496 1202 3567 quod
1225 3505 1403 3551 tamen
1417 3496 1582 3567 magis
1604 3512 1761 3566 quam
1779 3498 2020 3569 gehenna

439 3602 537 3644 nos
558 3576 827 3641 Acorrodet
856 3587 908 3641 in
956 3594 1198 3657 tempore
1238 3586 1360 3651 illo,
1389 3602 1512 3641 cum
1553 3587 1622 3642 ob
1649 3588 2019 3643 brevissimum

441 3682 696 3751 temporis
722 3682 973 3752 spatium,
1003 3690 1057 3736 et
1086 3681 1334 3735 sudorem
1368 3696 1608 3751 parvum,
1641 3697 1859 3753 regnum
1883 3684 2022 3737 ami-

438 3774 667 3829 serimus
695 3782 750 3829 et
770 3773 1053 3829 inell'abilia
1083 3772 1242 3828 bona.
1270 3772 1402 3827 Nam
1427 3783 1481 3828 et
1504 3782 1711 3844 tempus
1732 3774 1893 3829 breve
1918 3785 2019 3841 est,

438 3873 492 3919 ct
522 3864 673 3922 labor
700 3865 975 3931 modicus;
1007 3874 1060 3921 et
1088 3874 1261 3919 tamen
1294 3864 1609 3919 resolvimur
1629 3872 1682 3919 et
1706 3864 2019 3920 decidimus.

441 3954 497 4011 In
526 3965 667 4011 terra
693 3956 935 4011 decertas
955 3997 971 4022 ,
1001 3964 1055 4011 et
1082 3955 1132 4009 in
1160 3956 1306 4009 caelis
1331 3970 1527 4009 corona
1554 3964 1670 4021 est;
1703 3955 1770 4010 ab
1793 3956 2023 4010 homini-

441 4048 538 4103 bus
582 4047 868 4114 cruciaris,
918 4058 972 4102 et
1012 4064 1041 4100 a
1089 4047 1196 4101 Deo
1243 4047 1499 4101 honorem
1550 4047 1775 4116 accipis;
1818 4047 2023 4104 duobus

441 4141 617 4195 curris
642 4139 831 4195 diebus
851 4180 865 4205 ,
897 4146 955 4192 et
973 4138 1038 4191 ad
1063 4137 1257 4192 stecula
1287 4138 1485 4191 infinita
1510 4138 1687 4192 bravia
1713 4138 1941 4209 accipis;
1970 4140 2021 4195 in

441 4243 695 4301 corrupto
736 4244 962 4299 corpore
1005 4229 1143 4283 lucta
1166 4271 1180 4295 ,
1210 4240 1263 4283 et
1305 4229 1357 4283 in
1384 4230 1693 4301 incorrupto
1723 4232 1914 4288 honor.
1948 4236 2025 4290 Ac

443 4334 638 4396 prater
669 4324 784 4379 hzec
815 4323 943 4378 illud
972 4323 1132 4378 etiam
1159 4325 1393 4393 cegitare
1421 4333 1651 4392 oportet,
1684 4325 1891 4381 etiamsi
1916 4342 2023 4381 non

445 4425 661 4488 propter
686 4415 955 4470 Christum
984 4413 1182 4484 aliquid
1216 4414 1319 4484 pati
1348 4414 1545 4469 doloris
1572 4414 1816 4483 velimus,
1841 4426 1896 4470 at
1918 4418 2025 4486 pati

443 4523 544 4568 nos
589 4506 809 4563 omnino
857 4522 1079 4563 necesse
1127 4506 1259 4561 lore.
1310 4506 1493 4577 Neque
1532 4508 1675 4562 enim
1717 4508 1760 4563 si
1807 4520 2026 4579 propter

443 4600 713 4658 Christum
737 4615 842 4655 non
866 4600 1130 4664 moriaris,
1165 4599 1283 4654 ideo
1314 4600 1627 4654 immortalis
1652 4600 1759 4654 eris
1799 4619 1812 4655 :
1853 4617 2025 4673 neque

443 4695 490 4751 si
516 4704 735 4766 propter
760 4692 1027 4750 Christum
1059 4692 1268 4747 divitias
1288 4708 1392 4746 non
1419 4691 1677 4758 cﬂ‘undas,
1708 4693 1823 4748 illas
1852 4702 2023 4750 tecum

443 4789 677 4847 auferes.
710 4791 755 4846 A
785 4798 835 4845 te
866 4790 953 4846 illa
980 4788 1160 4860 exigit,
1190 4804 1307 4859 qua:
1333 4789 1492 4845 etiam
1513 4790 1626 4859 ipso
1651 4806 1755 4845 non
1782 4792 2027 4862 exigente

445 4881 668 4941 daturus
692 4898 751 4938 es
774 4923 790 4949 ,
818 4882 938 4952 quia
969 4880 1207 4936 mortalis
1246 4897 1343 4945 es;
1389 4881 1503 4937 haec
1547 4892 1598 4938 te
1645 4883 1872 4940 libenter
1917 4886 2029 4941 vult

443 4972 641 5041 facere,
700 4988 820 5044 qua:
877 4973 1177 5028 necessario
1225 4972 1459 5028 facturus
1501 4988 1578 5029 es.
1610 4973 1723 5029 Hoc
1758 4976 1928 5030 solum
1972 4987 2029 5031 ut

445 5065 587 5122 adsit
627 5075 806 5136 optat,
854 5074 910 5118 ut
938 5073 1155 5134 propter
1197 5064 1371 5134 ipsum
1394 5063 1496 5123 hoc
1524 5066 1645 5130 ﬁat;
1675 5064 1816 5134 quod
1848 5076 2026 5123 autem

447 5158 563 5220 haec
592 5158 765 5214 omnia
795 5161 1103 5228 contingant
1127 5167 1180 5211 et
1208 5165 1497 5219 transeant.
1528 5171 1592 5212 ex
1617 5166 1817 5212 natura:
1846 5173 2028 5214 neces-

446 5253 603 5309 sitate
625 5251 700 5307 tit.
738 5250 921 5306 Videu'
949 5266 1106 5321 quam
1137 5250 1289 5309 facile
1318 5251 1627 5306 certamen?
1654 5251 1782 5316 Quae
1808 5252 2029 5308 omnino

451 5357 707 5411 passurus
729 5357 788 5399 es
809 5384 823 5407 ,
855 5342 1055 5413 inquit,
1085 5352 1301 5411 prepter
1343 5356 1428 5397 me
1471 5351 1652 5411 patere
1683 5358 1695 5394 :
1726 5341 1827 5401 hoc
1854 5343 2029 5398 solum

451 5437 695 5502 addatur,
737 5446 791 5491 et
834 5436 882 5494 id
928 5450 1026 5506 pro
1064 5434 1258 5494 idonea
1281 5434 1622 5503 obsequentia
1655 5432 1846 5493 habeo.
1878 5435 2028 5502 Quod

452 5530 540 5587 alii
570 5538 904 5587 mutuaturus
926 5542 1113 5584 aurum
1142 5542 1202 5583 es
1226 5569 1243 5593 ,
1265 5526 1393 5585 mihi
1422 5535 1663 5581 mutuare
1687 5541 1808 5581 cum
1841 5528 2027 5596 majori

454 5621 658 5681 [tenore
696 5635 761 5675 ac
784 5621 1068 5676 securitate
1098 5636 1112 5673 :
1142 5618 1285 5691 quod
1310 5633 1503 5691 corpus
1531 5618 1685 5673 alteri
1715 5618 1914 5673 militia:
1950 5620 2030 5673 vis

449 5709 787 5775 adscribere,
827 5726 958 5768 mea:
997 5711 1240 5767 adscribc
1270 5730 1283 5765 :
1315 5726 1434 5765 nam
1483 5709 1690 5772 labores
1733 5719 1850 5765 tuos
1877 5709 2029 5788 longe

445 5797 699 5861 excedam
737 5799 993 5854 mercedis
1022 5800 1400 5867 magnitudine.
1431 5799 1508 5854 Tu
1533 5814 1659 5854 vero
1686 5801 1737 5855 in
1762 5800 1882 5856 aliis
1905 5815 2027 5856 eum

1121 358 1177 414 S.
1216 356 1493 417 JOANNIS
1531 355 2003 415 CHRYSOSTOSII

2128 358 2359 414 LClllEP.
2399 358 2936 422 CONSTANTINOP.

3572 386 3658 442 700

2136 486 2349 543 semper
2377 475 2631 545 praefers,
2662 479 2752 550 qui
2782 479 2935 551 plura
2981 481 3254 553 retribuit,
3298 487 3348 543 in
3384 501 3577 563 mutuo,
3615 502 3660 557 in

2136 566 2434 634 emptione.
2464 569 2514 622 in
2544 570 2728 625 militia
2763 590 2777 626 :
2807 569 3077 629 Christum
3106 577 3275 633 solum
3301 596 3399 638 non
3423 585 3626 645 admittis
3645 635 3659 654 ,

2135 657 2223 723 qui
2270 657 2388 726 plus
2434 668 2488 714 et
2537 660 2789 717 intinities
2826 663 2942 734 plus
2986 666 3186 735 prtcbet
3220 686 3368 740 quam
3394 680 3571 733 czetcri.
3610 683 3663 738 Et

2135 748 2275 816 quod
2313 749 2413 806 hoc
2439 751 2670 807 bellum?
2698 770 2814 824 qua:
2840 756 2956 812 haec
2986 758 3290 817 inimicitia?
3318 764 3561 825 Undenant
3582 775 3661 830 dc-

2137 855 2280 893 tnum
2313 843 2523 897 veniam
2552 856 2605 900 et
2629 848 3028 905 excusationem
3060 851 3278 910 habebis
3297 898 3312 923 ,
3339 874 3451 914 cum
3480 864 3525 916 in
3549 865 3663 923 iisin

2132 930 2327 1028 quibus
2354 930 2598 1028 homines
2636 935 2937 994 hominibus
2965 946 3273 1014 anteponis,
3304 964 3367 1005 ne
3394 951 3543 1008 Deum
3565 960 3662 1028 qui-

2132 1020 2252 1075 dem
2281 1024 2358 1077 vis
2389 1022 2691 1081 hominibus
2718 1035 3077 1101 anteponere?
3100 1035 3205 1091 Cur
3227 1046 3377 1095 terra:
3400 1020 3662 1104 thesaurum

2134 1113 2336 1167 tradis?
2366 1114 2421 1169 In
2450 1118 2690 1173 manibus
2721 1124 2855 1177 meis
2884 1138 3101 1194 repone,
3133 1127 3318 1199 inquit.
3349 1134 3525 1193 Annon
3548 1141 3669 1198 vide-

2133 1212 2219 1255 tur
2259 1204 2349 1259 tibi
2370 1280 2373 1287 ‘
2397 1206 2648 1263 Dominus
2696 1221 2850 1267 terra:
2878 1215 3041 1269 tutior
3078 1233 3198 1274 esse
3226 1237 3376 1290 quant
3406 1230 3565 1283 terra?
3590 1231 3667 1287 llla

2130 1293 2427 1363 depositum
2472 1300 2680 1367 reddit,
2732 1319 2901 1372 neque
2945 1308 3116 1362 reddit
3165 1318 3523 1382 semperzille
3562 1338 3668 1379 vero

2130 1386 2287 1438 etiam
2338 1390 2636 1444 mercedem
2680 1408 2775 1462 pro
2809 1398 3044 1452 custodia
3073 1400 3140 1453 ab
3188 1416 3247 1458 se
3289 1403 3459 1462 habita
3501 1411 3665 1467 reddit.

2136 1476 2299 1532 Valde
2325 1480 2520 1549 quippe
2548 1498 2644 1538 nos
2670 1496 2829 1540 amat.
2864 1487 2986 1543 Ideo
3014 1491 3057 1545 si
3088 1505 3271 1548 mutuo
3292 1496 3412 1552 dare
3440 1502 3663 1568 volueris,

2134 1582 2344 1638 paratus
2370 1582 2452 1627 est
2477 1592 2488 1626 :
2519 1576 2562 1629 si
2591 1578 2857 1634 seminare
2876 1620 2891 1646 ,
2924 1582 3037 1651 ipse
3061 1600 3243 1640 semen
3262 1591 3476 1657 excipit;
3505 1596 3544 1648 si
3565 1598 3669 1653 :edi-

2135 1662 2250 1715 licia
2275 1664 2508 1719 excitare
2530 1708 2543 1730 ,
2573 1676 2626 1721 te
2649 1667 2714 1721 ad
2742 1682 2801 1724 se
2828 1672 3085 1739 pertrabit
3111 1675 3294 1731 dicens
3312 1721 3326 1744 ,
3354 1679 3407 1734 fn
3435 1698 3544 1737 meo
3568 1686 3666 1739 luu-

2130 1754 2198 1807 do
2218 1755 2360 1811 :edes
2389 1768 2659 1815 construe.
2682 1761 2817 1829 Quid
2847 1765 3017 1820 curris
3044 1766 3110 1821 ad
3137 1784 3412 1839 pauperes,
3439 1773 3498 1827 ad
3529 1777 3669 1831 homi-

2133 1861 2224 1901 nes
2252 1847 2659 1905 mendicantes?
2721 1852 2889 1908 Curre
2916 1856 2979 1908 ad
3010 1856 3173 1911 Deum
3201 1902 3214 1924 ,
3246 1862 3334 1930 qui
3361 1878 3453 1932 pro
3479 1868 3669 1924 modicis

2131 1951 2316 2006 magna
2342 1939 2433 1991 tibi
2463 1937 3086 2001 daturnsest‘.Attamen
3129 1947 3160 2001 h
3183 1964 3242 2003 rc
3273 1968 3337 2005 ne
3364 1954 3533 2009 auditu
3568 1960 3667 2026 qni-

2128 2026 2247 2080 dem
2277 2029 2527 2116 ferimus;
2558 2031 2651 2086 sed
2681 2045 2745 2086 eo
2765 2030 3076 2090 festinanter
3101 2041 3387 2110 pergimus,
3410 2046 3489 2097 ubi
3512 2063 3668 2116 pugna:

2126 2121 2274 2175 sunt,
2299 2112 2460 2179 bella,
2492 2113 2613 2168 lites
2653 2117 2832 2169 omnis
2872 2119 3105 2186 generis,
3132 2122 3286 2189 rima,
3314 2112 3668 2195 sycophantiae.

2199 2201 2251 2255 5.
2281 2200 2347 2255 In
2375 2202 2583 2256 Christo
2613 2206 2791 2259 omnia
2813 2208 2962 2263 nobis
2989 2213 3665 2280 suppeditatum—Annon

2129 2293 2292 2363 igitur
2312 2310 2410 2351 nos
2430 2296 2577 2365 juste
2596 2310 2881 2354 aversatur
2906 2312 2958 2356 ct
2980 2303 3287 2375 ulciscitur,
3314 2324 3431 2364 cum
3454 2310 3502 2364 in
3522 2313 3670 2367 omni-

2127 2386 2227 2442 bus
2247 2387 2482 2457 seipsum
2509 2388 2667 2447 nobis
2690 2390 2901 2458 offerat,
2929 2411 3136 2465 uosque
3163 2400 3315 2454 illum
3355 2403 3669 2472 rejiciamus?

2130 2478 2181 2531 Id
2213 2488 2358 2534 certe
2385 2496 2549 2536 nemo
2575 2498 2682 2535 non
2716 2483 2966 2541 fateatur.
3001 2486 3058 2542 Si
3092 2492 3280 2559 enim“
3310 2494 3500 2565 inquit,
3530 2496 3669 2551 deco-

2126 2570 2232 2623 rari
2266 2572 2418 2636 velis,
2454 2574 2638 2644 accipe
2660 2575 2912 2631 decorem
2951 2595 3130 2635 meum
3158 2600 3172 2647 ;
3211 2585 3261 2640 si
3302 2587 3516 2651 armari,
3542 2602 3671 2642 arma

2127 2677 2279 2729 mea;
2309 2664 2354 2717 si
2391 2666 2597 2731 vestiri,
2630 2667 3012 2723 vestimentum
3043 2688 3218 2726 meum
3245 2692 3261 2740 ;
3287 2676 3331 2729 si
3364 2678 3522 2742 vesci,
3546 2692 3674 2731 men-

2124 2770 2239 2809 sam
2271 2772 2485 2825 meam;
2513 2759 2556 2814 si
2595 2761 2693 2813 iter
2728 2760 2927 2829 facere,
2960 2765 3099 2819 viam
3140 2782 3362 2833 meam;
3404 2771 3445 2823 si
3476 2771 3674 2825 haeredi-

2126 2856 2261 2913 tare,
2292 2849 2662 2905 hatreditatem
2700 2868 2873 2908 meam
2903 2873 2918 2923 ;
2947 2857 2990 2910 si
3024 2857 3077 2910 in
3106 2859 3339 2928 patriam
3371 2861 3585 2931 ingredi,
3609 2862 3676 2917 ci-

2070 3006 2079 3017 _
2127 2940 2371 3007 vitatem,
2402 2942 2559 3012 cujus
2588 2959 2688 3014 ego
2713 2961 2834 3001 sum
2864 2948 3059 3003 artifex
3090 2961 3143 3003 et
3164 2952 3420 3006 conditor
3440 2955 3460 2984 ³
3489 2969 3503 3021 ;
3534 2955 3573 3009 si
3595 2954 3676 3009 do-

2125 3047 2269 3086 mum
2302 3034 2434 3090 velis
2463 3035 2750 3101 aedilicare,
2789 3039 2992 3095 aedilica
3022 3042 3073 3095 in
3107 3042 3477 3102 tabernaculis
3508 3047 3629 3103 meis
3658 3064 3672 3102 :

2118 3139 2217 3194 ego
2255 3134 2400 3181 certe
2443 3142 2543 3195 pro
2593 3128 2660 3184 iis
2701 3145 2820 3200 qua:
2869 3130 3069 3188 dedero
3111 3136 3322 3191 nullam
3370 3117 3400 3192 a
3445 3148 3493 3193 te
3540 3154 3665 3192 mer-

2117 3218 2302 3273 cedem
2355 3221 2676 3292 requiram;
2728 3226 2839 3279 imo
2887 3228 2970 3282 vel
3014 3243 3080 3283 ex
3118 3244 3183 3285 eo
3232 3231 3356 3299 ipso
3395 3235 3670 3287 mercedem

2113 3310 2210 3366 tibi
2263 3311 2471 3379 debeo,
2518 3316 2563 3370 si
2614 3318 2749 3373 meis
2793 3320 3054 3376 omnibus
3106 3322 3183 3377 uti
3241 3323 3502 3379 volueris.
3550 3323 3672 3390 sz’d

2111 3406 2238 3465 huic
2277 3406 2589 3467 liberalitati
2635 3427 2734 3480 par
2770 3423 2853 3469 est
2878 3417 2906 3468 .’
2955 3415 3065 3484 Ego
3111 3424 3266 3482 pater
3291 3456 3306 3478 ,
3339 3430 3437 3487 ego
3483 3414 3673 3478 frater.

2124 3502 2223 3557 ego
2250 3503 2495 3559 sponsus,
2522 3505 2622 3561 ego
2655 3493 2865 3559 domus,
2897 3507 2997 3564 ego
3021 3495 3363 3567 alimentum,
3395 3515 3491 3571 ego
3527 3500 3680 3565 restis

2124 3594 2222 3648 ego
2253 3579 2421 3644 radix,
2454 3596 2553 3650 ego
2577 3581 3000 3649 fundamentum,
3031 3601 3130 3657 ego
3154 3588 3414 3659 quidquid
3436 3590 3679 3654 volueris;

2126 3673 2267 3727 nulla
2295 3689 2420 3742 ergo
2436 3689 2494 3728 re
2514 3689 2691 3744 egeas.
2716 3675 2826 3746 Ego
2846 3676 3005 3732 etiam
3029 3679 3121 3733 tibi
3143 3683 3410 3748 serviam;
3434 3685 3546 3739 veni
3565 3684 3686 3738 enim

2125 3763 2442 3828 ministrare,
2476 3780 2581 3820 non
2613 3767 2900 3822 ministrari
2944 3768 3158 3841 (Matth.
3189 3772 3283 3829 20.
3306 3774 3422 3840 28).
3449 3775 3552 3847 Ego
3571 3774 3686 3829 ami-

2125 3870 2241 3921 cus,
2273 3856 2592 3923 membrum,
2638 3866 2814 3927 caput,
2861 3858 3044 3927 frater,
3096 3877 3272 3926 soror,
3323 3876 3504 3933 mater,
3534 3867 3686 3921 omnia

2128 3962 2226 4016 ego
2254 3962 2370 4001 sum
2395 3966 2407 4001 :
2435 3948 2606 4002 solum
2652 3948 2780 4003 mihi
2809 3950 3011 4006 amicus
3039 3964 3173 4008 esto.
3206 3955 3321 4025 Ego
3354 3972 3547 4026 pauper
3584 3971 3689 4026 pro-

2127 4048 2245 4111 pter
2273 4048 2344 4105 te,
2365 4039 2637 4094 mendicus
2666 4051 2879 4111 propter
2906 4052 2977 4109 te,
3013 4044 3064 4098 in
3086 4059 3302 4101 crucem
3330 4058 3479 4103 actus
3501 4057 3690 4118 propter

2129 4140 2199 4198 te,
2232 4130 2283 4184 in
2316 4130 2562 4201 sepulcro
2591 4132 2793 4201 positus
2823 4144 3038 4203 propter
3067 4147 3137 4200 te,
3172 4138 3223 4191 in
3246 4140 3395 4193 Ca-lis
3419 4150 3621 4209 propter
3644 4148 3687 4192 te

2130 4220 2270 4276 Patri
2300 4221 2563 4292 supplico,
2597 4222 2646 4276 in
2672 4233 2809 4277 terra
2837 4233 3056 4294 propter
3081 4238 3132 4280 te
3152 4238 3341 4283 orator
3359 4230 3547 4284 adveni
3571 4227 3689 4298 apud

2129 4312 2359 4367 Patrem.
2389 4310 2576 4366 Omnia
2626 4312 2755 4369 mihi
2800 4322 2854 4369 tu
2884 4330 2962 4381 es,
2997 4314 3179 4383 frater,
3213 4320 3463 4387 coheres,
3491 4323 3688 4384 amicus,

2129 4406 2445 4461 membrum.
2470 4406 2605 4472 Quid
2635 4409 2860 4478 amplius
2885 4408 3191 4475 desideras?
3219 4427 3321 4467 cur
3349 4428 3469 4468 eum
3491 4414 3574 4483 qui
3591 4422 3693 4466 tan-

2129 4508 2237 4553 tum
2262 4506 2313 4553 te
2337 4508 2479 4553 amat
2505 4499 2803 4555 aversaris?
2830 4501 2952 4569 quid
2979 4501 3176 4557 mundo
3202 4502 3332 4559 huic
3360 4503 3693 4558 laboras?cur

2128 4590 2272 4645 dolio
2295 4590 2346 4645 in
2371 4599 2585 4659 pertuso
2615 4590 2825 4645 hauris?
2844 4590 2958 4646 Hoc
2979 4592 3120 4646 enim
3146 4603 3229 4648 est
3256 4609 3356 4663 pro
3376 4593 3613 4664 przesenti
3630 4591 3694 4646 vi.

2129 4691 2177 4735 ta
2225 4682 2487 4736 laborare.
2533 4679 2640 4737 Cur
2667 4682 2841 4751 ignem
2871 4681 3491 4739 verberas'?curaerem
3530 4697 3695 4752 percu-

2131 4773 2232 4827 tis?
2254 4788 2353 4827 cur
2372 4772 2562 4828 frustra
2589 4772 2792 4827 curris?
2814 4774 2999 4827 Annon
3022 4788 3109 4827 ars
3133 4788 3363 4843 quaeque
3386 4774 3539 4829 linem
3560 4787 3694 4827 suum

2131 4862 2323 4920 habet?
2352 4865 2407 4920 ld
2436 4879 2565 4919 Sane
2591 4864 2837 4919 omnibus
2864 4866 3230 4935 conSpicuum.
3262 4866 3500 4922 Ostende
3520 4866 3697 4940 miltict

2133 4967 2188 5011 tu
2217 4957 2486 5012 saecularis
2514 4956 2673 5011 studii
2702 4957 2882 5012 linem.
2911 4957 3015 5012 Sed
3044 4972 3150 5011 non
3181 4968 3374 5027 potes:
3395 4974 3512 5013 nam
3554 4955 3696 5010 Vani-

2132 5059 2208 5101 tas
2234 5049 2530 5114 vanitatem,
2557 5058 2604 5101 et
2633 5048 2802 5102 omnia
2826 5049 3017 5102 vanitas
3045 5046 3239 5118 (Eccle.
3285 5051 3339 5103 1.
3370 5048 3447 5117 1).
3496 5047 3696 5103 Proﬁci-

2133 5153 2345 5194 scamur
2371 5139 2435 5194 ad
2481 5140 2747 5210 sepulcra,
2780 5138 3004 5193 ostende
3044 5139 3171 5193 mihi
3216 5149 3450 5209 patrem,
3495 5136 3696 5193 ostende

2134 5245 2374 5285 uxorem.
2407 5229 2506 5286 Ubi
2547 5238 2627 5285 est
2652 5230 2742 5300 qui
2768 5230 2945 5285 aureis
2984 5231 3215 5287 vestibus
3242 5229 3593 5285 induebatur?
3619 5228 3695 5298 qui

2135 5320 2186 5375 in
2212 5336 2369 5376 curru
2396 5321 2650 5376 sedebat?
2669 5321 2759 5391 qui
2786 5321 3051 5376 exercitus
3073 5303 3324 5384 habebat,
3350 5321 3438 5391 qui
3461 5320 3695 5382 balteum,

2134 5412 2220 5480 qui
2250 5411 2557 5481 praecones?
2584 5410 2673 5482 qui
2706 5411 2842 5466 alios
2871 5410 3161 5478 occidebat,
3195 5411 3333 5467 alios
3363 5411 3416 5466 in
3445 5424 3691 5472 carcerem

2176 5525 2193 5558 ³
2226 5542 2443 5612 Savilius
2464 5543 2751 5614 itt_margine
2766 5546 3098 5614 hanevari‘am
3123 5547 3552 5614 lectionematl’ert
3568 5558 3577 5593 :
3595 5546 3682 5611 ϐδεῖ

2118 5618 2211 5653 non
2237 5605 2404 5676 curris
2417 5606 2481 5653 ad
2508 5605 2666 5676 illuni,
2691 5605 2776 5657 sed
2801 5607 2868 5657 ad
2894 5605 3110 5676 [mutiny
3134 5606 3299 5676 inopes
3317 5608 3412 5676 qui
3422 5622 3511 5676 pro
3526 5605 3681 5671 paruis

2120 5642 2404 5728 ῖλῦλὸνῐέἐῑὲ
2417 5642 2879 5736 ἵεάᾶτιῖίγαεῖςεῑςι
2894 5642 3298 5739 rerum};
3307 5642 3507 5733 great

2182 5730 2202 5794 ἶ
2228 5728 2385 5794 gora!
2411 5765 2425 5789 ’
2444 5742 2582 5794 ⁸³⁸³9³⁵
2603 5742 2695 5794 ⁸9⁰
2719 5744 2828 5794 ⁸³⁸³³⁸
2848 5730 3031 5794 ἐπετίθει
3052 5736 3099 5784 et
3124 5729 3350 5782 conditor
3380 5732 3507 5784 Dens

2182 5789 2203 5821 ι
2228 5765 2828 5859 ὶῖῖϊὰιῖοἷῗέἴεῖὲῗεὲᾜῖ
2848 5765 2970 5847 ἓξὲξ
