4000 6206
300 321 396 377 τοι

298 427 651 501 eonjicieltat?
680 426 770 498 qui
799 421 1150 479 interﬁciebat
1167 433 1302 491 quos
1323 417 1499 483 vellet,
1522 414 1884 484 liberabatque

295 523 364 579 ad
397 520 618 577 nutum?
637 518 775 573 Nihil
796 514 940 571 aliud
971 514 1125 568 video
1152 525 1309 581 quam
1336 523 1479 572 ossa,
1510 521 1742 570 vermes,
1766 519 1886 559 ara-
1919 543 1922 547 .

296 630 463 670 neas:
495 611 674 667 omnia
706 609 793 663 illa
823 617 964 662 terra
994 615 1137 668 sunt,
1161 602 1337 657 omnia
1365 600 1560 665 fabula,
1589 598 1765 655 omnia
1792 611 1887 651 so-

295 705 523 769 mnium,
550 702 759 763 umbra,
783 714 930 753 mera
958 697 1190 752 narratio
1216 704 1271 751 et
1298 695 1498 765 pictura
1519 708 1533 757 ;
1555 692 1662 746 imo
1683 705 1783 745 nec
1804 689 1885 759 pi-

294 805 471 852 ctura.
501 795 769 850 Pieturam
797 791 937 846 enim
962 789 1152 843 saltem
1179 787 1231 841 in
1257 786 1486 856 imagine
1506 783 1772 844 videmus;
1801 780 1888 837 hic

296 904 430 945 vero
473 903 542 943 ne
584 885 800 956 quidem
853 882 1158 953 imaginem.
1193 882 1363 950 Atque
1393 879 1590 933 utinam
1625 877 1710 931 hic
1749 875 1885 929 mala

298 977 747 1037 terminarentur!
775 974 923 1030 Nunc
950 989 1077 1028 vero
1096 972 1287 1036 honor,
1316 970 1542 1036 deliciae,
1564 967 1750 1040 gloria,
1773 982 1890 1021 um-

298 1074 399 1128 bra
430 1078 636 1125 tantum
665 1077 721 1123 et
748 1066 908 1122 verba
934 1073 1089 1119 sunt:
1120 1078 1239 1133 quae
1278 1077 1406 1117 vero
1446 1061 1535 1116 illa
1570 1069 1883 1129 sequuntur,

296 1178 410 1219 non
442 1160 653 1225 utubra,
685 1172 791 1212 non
822 1154 982 1211 verba
1012 1162 1165 1218 sunt;
1210 1151 1302 1207 sed
1344 1159 1578 1214 manent,
1612 1158 1666 1203 et
1707 1148 1888 1201 nobis-

296 1268 424 1308 cum
454 1252 546 1307 illo
575 1248 897 1312 transibunt,
925 1245 1275 1312 omnibusque
1305 1251 1428 1297 nota
1456 1250 1639 1305 erunt;
1665 1240 1888 1309 rapinae,

298 1344 548 1404 avaritia.
576 1339 976 1402 fornicationes,
1001 1335 1278 1398 adulteria,
1307 1342 1360 1388 et
1383 1332 1527 1387 mille
1548 1331 1682 1385 mala
1708 1329 1892 1397 hujus-

299 1437 475 1502 modi,
508 1448 612 1489 non
645 1434 696 1487 in
724 1431 951 1499 imagine
978 1438 1030 1483 et
1057 1429 1106 1481 in
1135 1426 1351 1497 pulvere
1376 1432 1551 1487 erunt,
1579 1421 1673 1476 sed
1694 1421 1889 1489 scripta

299 1530 360 1583 in
391 1527 538 1582 etelis
567 1531 712 1588 sunt,
741 1536 837 1576 seu
857 1519 1021 1581 dicta,
1055 1532 1148 1571 seu
1177 1530 1357 1585 opera.
1384 1514 1589 1579 Quibus
1609 1527 1738 1579 ergo
1760 1525 1891 1564 ocu-

302 1618 373 1672 lis
403 1616 669 1671 Christum
701 1609 1032 1666 videbimus?
1057 1607 1187 1662 Nam
1232 1607 1274 1660 si
1320 1617 1521 1674 patrem
1572 1618 1675 1657 non
1718 1610 1892 1671 potest

302 1711 427 1779 quis
458 1706 699 1775 aspicere
743 1700 843 1756 sibi
869 1700 1116 1754 conscius
1143 1696 1344 1766 peccati
1374 1696 1423 1748 in
1457 1694 1625 1755 illum,
1655 1707 1777 1747 eum
1800 1691 1891 1761 qui

302 1810 456 1870 patre
487 1799 642 1866 longe
670 1794 999 1849 mansuetior
1027 1798 1128 1849 est.
1160 1786 1429 1859 quomodo
1457 1795 1584 1840 tunc
1604 1783 1891 1853 reSpicere,

301 1887 574 1960 quomodo
603 1886 742 1940 l'erre
769 1879 1095 1953 poterimus?
1120 1878 1251 1932 Nam
1282 1875 1532 1931 tribunali
1576 1873 1772 1929 Christi
1797 1871 1894 1926 ad-

304 1982 588 2041 staliimue,
610 1977 956 2043 montiumque
972 1978 1275 2025 accuratum
1299 1967 1398 2021 erit
1425 1979 1669 2020 examen.
1704 1963 1758 2018 Si
1777 1962 1895 2031 quis

305 2086 437 2123 vero
464 2067 702 2123 futurum
725 2066 980 2136 judicium
1010 2077 1112 2115 non
1145 2059 1334 2124 credit,
1366 2056 1616 2126 respiciat
1657 2054 1743 2108 illa
1773 2067 1894 2123 quae

1155 309 1220 365 IN
1258 299 1664 362 LIATTIIEUII
1704 299 1931 357 ηθιίιι.
1976 298 2233 355 LXXVII.
2272 300 2344 355 al.
2386 298 2662 354 LXXVIII.

3465 304 3571 360 70⁸2

1987 412 2074 465 hic
2098 423 2375 483 geruntur,
2405 412 2582 467 videat
2610 428 2704 468 eos
2727 414 2818 483 qui
2846 414 2898 470 in
2925 429 3160 483 carcere,
3191 416 3281 488 qui
3306 417 3361 473 in
3382 420 3571 474 metal-

1987 502 2076 571 lis,
2107 505 2194 575 qui
2226 505 2276 559 in
2305 516 2564 571 stercore,
2612 508 2860 563 respiciat
2909 510 3290 578 dtemoniaeos,
3332 514 3571 581 insanos,

1988 596 2367 653 incurabilibus
2395 600 2592 653 morbis
2622 600 2943 669 laborantes,
2989 620 3107 658 cum
3157 616 3407 675 perpetua
3440 622 3572 676 pau-

1996 694 2205 754 pertate
2225 696 2551 758 pugnantes,
2579 688 2754 742 inedia
2775 699 3019 756 vexatos,
3048 693 3251 760 ingenti
3278 693 3425 747 luctu
3448 709 3574 747 sau—

1996 776 2189 842 ciatos,
2212 780 2477 848 captivos.
2502 778 2688 849 Neque
2708 781 2855 834 enim
2876 781 2951 835 illi
2970 783 3085 836 haec
3110 793 3441 851 paterentur,
3467 786 3571 838 nisi

1989 864 2123 917 alios
2148 864 2237 933 qui
2264 865 2448 920 eadem
2477 881 2780 934 peccavere,
2811 870 2940 925 ultio
2960 879 3015 925 et
3032 874 3348 942 supplicium
3378 890 3571 947 exspe-

1991 966 2179 1010 ctaret.
2209 957 2262 1009 Si
2295 973 2421 1012 vero
2463 961 2640 1013 carteri
2673 960 2803 1015 nihil
2836 963 2921 1018 hic
2952 967 3089 1032 passi
3134 977 3278 1031 sunt,
3330 969 3431 1024 hoc
3478 970 3573 1026 tibi

1992 1049 2198 1119 signum
2220 1065 2340 1104 esse
2368 1051 2546 1116 debet,
2573 1052 2769 1122 aliquid
2792 1055 2931 1110 aliud
2957 1073 3238 1127 superesse
3261 1073 3375 1131 post
3399 1064 3575 1133 profe-

1991 1143 2221 1196 ctionem
2244 1158 2308 1196 ex
2332 1141 2431 1196 hac
2457 1144 2581 1196 vita.
2612 1144 2791 1214 Neque
2811 1149 2950 1201 enim
2980 1151 3085 1216 ille,
3117 1167 3237 1205 cum
3265 1156 3332 1207 sit
3358 1156 3576 1210 univer-

1993 1246 2172 1288 sorum
2203 1233 2363 1297 Deus,
2386 1234 2520 1288 alios
2548 1235 2687 1289 ultus
2712 1248 2879 1302 eSset;
2909 1240 3041 1295 alios
3072 1258 3216 1307 vero,
3256 1247 3343 1314 qui
3386 1246 3573 1303 eadem

1994 1323 2076 1377 vel
2105 1323 2263 1377 etiam
2306 1325 2551 1392 graviora
2580 1338 2793 1395 peccata
2833 1329 3175 1398 admiserant,
3214 1335 3429 1403 impune
3452 1354 3575 1394 esse

1995 1413 2315 1485 reliquisset,
2345 1417 2443 1469 nisi
2474 1419 2740 1487 quoddam
2771 1421 2898 1490 ipsis
2924 1425 3238 1493 supplicium
3276 1428 3343 1481 ibi
3377 1430 3578 1501 irroga-

1999 1513 2147 1559 turus
2175 1516 2339 1560 esset.
2372 1507 2449 1562 Ex
2484 1509 2567 1563 his
2597 1510 2753 1579 igitur
2776 1513 3071 1569 rationibus
3111 1526 3164 1569 et
3191 1519 3449 1589 exemplis
3481 1538 3577 1577 nos

1996 1596 2140 1666 ipsos
2170 1597 2512 1654 humiliemus
2545 1618 2558 1657 :
2605 1612 2658 1656 et
2704 1604 2791 1673 qui
2840 1604 3097 1673 judicium
3130 1624 3234 1663 non
3267 1611 3575 1680 credebant,

1996 1686 2220 1743 credant
2242 1687 2377 1757 jam,
2407 1700 2461 1743 et
2490 1690 2739 1745 meliores
2766 1692 3086 1762 efﬁciantur,
3118 1708 3173 1751 ttt
3202 1715 3322 1753 cum
3363 1700 3577 1772 dignam

2004 1786 2170 1841 regno
2214 1772 2479 1828 caelorum
2525 1774 2691 1830 vitam
2739 1777 3093 1844 duxerimus,
3153 1780 3333 1836 futura
3382 1799 3580 1839 conse-

2000 1880 2236 1933 quamur
2280 1866 2445 1932 bona,
2499 1870 2673 1938 gratia
2731 1880 2785 1926 et
2834 1873 3167 1944 benignitate
3224 1875 3437 1929 Domini
3477 1894 3577 1931 uo-

1999 1957 2097 2010 stri
2124 1954 2251 2011 .lesu
2286 1957 2488 2013 Christi
2511 2000 2526 2024 ,
2575 1960 2663 2015 cui
2700 1963 2869 2032 gloria
2912 1965 2967 2018 in
2994 1967 3195 2020 saecula
3230 1969 3575 2023 sweulorum.

1997 2047 2190 2103 Amen.

2833 2192 3591 2219 _—______

1384 2264 1731 2326 HOMILIA
1775 2259 2095 2321 LXXVII.
2141 2262 2226 2324 al.
2274 2263 2621 2328 LXXVIII.

306 2424 437 2478 Car.
478 2421 569 2477 ει.
624 2436 675 2474 v.
730 2418 820 2477 52.
860 2416 936 2470 Ab
986 2414 1164 2469 arbore
1194 2420 1361 2467 autem
1399 2409 1481 2479 ﬁci
1517 2407 1693 2461 discite
1738 2415 1897 2474 para-

383 2516 584 2577 bolam;
610 2528 721 2565 cum
736 2526 851 2582 10m
872 2523 1041 2563 ramus
1062 2506 1170 2575 ejus
1192 2515 1328 2558 tener
1348 2502 1516 2573 fuerit,
1543 2498 1728 2566 etfolia
1754 2504 1896 2560 nata,

382 2607 522 2662 scitis
548 2605 667 2670 quia
693 2617 851 2672 prope
875 2609 951 2655 est
975 2608 1157 2660 aratas;
1193 2596 1281 2651 35.
1319 2594 1389 2646 ita
1413 2602 1460 2647 et
1488 2607 1592 2656 vos,
1621 2606 1736 2647 cum
1762 2589 1900 2642 vide-

383 2699 494 2753 ritis
515 2697 622 2749 Iure
646 2694 835 2756 omnia,
866 2693 1040 2747 scitote
1063 2688 1180 2759 quia
1202 2701 1359 2756 prope
1379 2694 1449 2741 est
1470 2684 1522 2736 in
1534 2681 1734 2752 januis.

386 2791 440 2845 I.
479 2788 611 2856 Quia
643 2784 797 2850 dixit,
821 2782 1006 2840 Statim
1036 2788 1145 2849 post
1166 2777 1535 2831 tribulationem
1560 2774 1754 2829 dierum
1786 2770 1901 2824 illo—

312 2898 450 2945 rum,
482 2880 581 2951 ipsi
607 2891 737 2933 vero
776 2872 1088 2946 querebant
1126 2879 1245 2940 post
1280 2855 1534 2937 quantum
1563 2863 1818 2933 temporis
1849 2860 1899 2915 id

316 2978 552 3033 futurum
582 2981 745 3037 esset,
768 2968 1017 3038 diemque
1035 2966 1175 3027 scire
1206 2959 1513 3031 cupiebant,
1542 2956 1663 3012 ideo
1692 2955 1781 3011 ille
1804 2969 1901 3009 ex-

315 3067 553 3137 emplum
577 3064 706 3119 (iens
725 3061 899 3126 affert,
918 3057 1206 3115 ostendens
1237 3070 1342 3110 non
1370 3066 1617 3123 magnum
1648 3051 1906 3104 interesse

321 3156 580 3228 temporis
621 3152 875 3225 spatium,
923 3164 1022 3207 nec
1059 3147 1150 3205 diu
1191 3154 1374 3216 postea
1414 3144 1587 3213 ipsum
1621 3148 1906 3195 venturum

319 3264 475 3307 esse:
505 3247 556 3302 id
582 3245 725 3318 quod
755 3258 860 3299 non
892 3241 1052 3299 modo
1084 3254 1177 3310 per
1205 3234 1537 3309 parabolam,
1586 3231 1679 3290 sed
1720 3239 1773 3285 et
1813 3244 1908 3298 per

320 3340 424 3395 alia
454 3338 595 3393 dicta
639 3344 820 3406 postea
852 3328 1132 3402 signiﬁcat,
1166 3338 1223 3383 ut
1251 3341 1371 3383 cum
1420 3324 1525 3378 ait:
1556 3322 1745 3378 Scitote
1789 3320 1908 3382 quia

322 3446 482 3502 prape
502 3428 653 3483 estin
689 3424 888 3497 januis.
934 3421 1068 3482 Hinc
1096 3419 1256 3475 etiam
1286 3416 1442 3471 aliam
1476 3412 1713 3484 praedicit
1739 3410 1911 3481 spiri—

326 3522 523 3577 tnalem
552 3526 811 3581 aestatem,
854 3524 908 3569 et
951 3509 1380 3581 tranquillitatem
1425 3515 1541 3575 post
1587 3503 1745 3571 hujus
1787 3501 1911 3557 vitae

324 3613 520 3668 ﬂuctus
546 3611 633 3668 illa
659 3610 744 3665 die
760 3606 919 3678 justis
934 3604 1189 3667 futuram;
1211 3598 1573 3670 peccatoribus
1590 3603 1771 3649 contra
1795 3600 1913 3661 post

328 3712 570 3758 :estatem
597 3700 829 3756 hiemem
861 3694 1110 3753 indicavit
1132 3701 1336 3762 postea,
1364 3703 1484 3744 cum
1509 3686 1662 3750 dixit,
1698 3683 1799 3738 illis
1818 3680 1915 3737 de-

331 3792 656 3857 liciantihus,
685 3790 824 3846 diem
854 3802 973 3843 esse
1001 3794 1297 3839 venturam.
1331 3780 1515 3850 Neque
1556 3777 1676 3833 ideo
1708 3784 1910 3829 tantum

333 3888 467 3943 licus
495 3882 797 3954 exemplum
829 3880 1023 3951 posuit,
1066 3886 1122 3932 ut
1166 3875 1391 3946 spatium
1423 3870 1681 3941 temporis
1709 3868 1914 3938 εἰειιίιί-

334 3988 511 4043 caret;
539 3976 795 4047 potuisset
819 3972 961 4029 enim
1012 3970 1118 4026 alio
1144 3966 1302 4023 modo
1330 3964 1459 4021 illud
1487 3962 1793 4024 declarare;
1822 3958 1915 4015 sed

336 4080 399 4127 ut
422 4069 543 4125 inde
572 4083 684 4125 rem
712 4065 932 4122 omnino
956 4063 1183 4118 futuram
1220 4057 1581 4113 conﬁrmaret.
1608 4052 1756 4108 Sicut
1773 4050 1916 4105 enim

337 4177 559 4223 necesse
587 4171 669 4217 est
694 4160 795 4213 hoc
816 4156 1054 4218 evenire,
1077 4155 1149 4208 ita
1174 4164 1227 4207 et
1244 4150 1391 4207 illud.
1414 4147 1546 4202 Nam
1567 4146 1652 4200 ubi
1676 4160 1786 4199 rem
1805 4157 1920 4196 om-

338 4258 468 4313 nino
486 4255 722 4310 futuram
750 4250 863 4306 vult
882 4250 1271 4310 demonstrare,
1293 4241 1559 4297 naturales
1575 4236 1921 4295 necessitates

338 4350 394 4405 in
426 4345 660 4403 medium
685 4343 860 4409 affert,
892 4350 996 4395 tam
1030 4339 1163 4407 ipse,
1181 4350 1338 4407 quam
1365 4333 1529 4404 ipsius
1543 4330 1774 4384 imitator
1793 4327 1921 4380 bea-

341 4451 425 4495 ius
453 4436 670 4494 Paulus.
693 4434 893 4490 Idcirco
915 4431 985 4487 de
1006 4426 1395 4486 resurrectione
1421 4424 1644 4493 loquens
1667 4420 1777 4473 ait:
1804 4415 1923 4471 Nisi

333 4545 556 4601 granum
576 4526 813 4597 frumenti
831 4522 1015 4578 cadens
1032 4520 1086 4573 iu
1102 4529 1283 4577 terram
1301 4525 1549 4569 mortuum
1569 4511 1741 4583 fuerit,
1761 4509 1926 4578 ipsum

340 4624 507 4681 solum
530 4629 734 4675 manet:
760 4618 804 4673 si
827 4626 993 4670 autem
1018 4620 1267 4668 mortuum
1284 4608 1455 4680 fuerit,
1475 4604 1687 4659 multum
1706 4602 1926 4672 fructum

342 4714 493 4782 αισι
522 4712 699 4784 (Joan.
726 4708 794 4768 I2
835 4707 927 4769 24.
949 4706 1067 4775 Ἇὸ).
1096 4704 1228 4759 ilinc
1264 4699 1486 4761 edoctus
1516 4695 1704 4753 beatus
1736 4692 1929 4748 Paulus

343 4808 538 4867 eodem
566 4804 730 4859 utitur
752 4798 1021 4869 exemplo,
1048 4792 1260 4867 quando
1284 4788 1575 4847 Corinthiis
1598 4786 1666 4843 de
1691 4798 1930 4841 resurre-

346 4901 529 4961 Ctione
559 4895 822 4967 loquitur:
852 4906 974 4947 nam
1008 4890 1116 4945 ait:
1140 4886 1327 4948 Stulte,
1350 4881 1484 4953 quod
1503 4880 1719 4936 seminat
1735 4894 1835 4931 non
1855 4875 1929 4930 tti-

349 4994 606 5064 riﬁulttr,
638 4988 736 5043 nisi
754 4995 1012 5042 mortuum
1038 4981 1188 5051 fuerit
1223 4978 1299 5050 (l.
1330 4975 1447 5035 Cor.
1734 4968 1933 5027 Deinde

352 5062 423 5137 ne
453 5080 567 5137 cito
599 5087 785 5146 postea
819 5074 1221 5140 interrogarent
1244 5065 1465 5136 quando
1496 5063 1547 5118 id
1583 5062 1824 5115 futurum
1846 5074 1936 5115 es-

356 5180 484 5238 set,
538 5171 592 5225 in
655 5166 978 5226 memoriam
1031 5160 1168 5231 ipsis
1216 5156 1477 5230 pradicta
1531 5160 1795 5217 revocat,
1847 5150 1935 5206 di-

353 5275 519 5318 oens:
548 5258 636 5315 34.
670 5257 829 5310 Amen
874 5252 989 5307 dico
1024 5251 1183 5313 vobis,
1230 5264 1333 5302 non
1377 5245 1647 5317 prateribit
1684 5241 1938 5315 generatio

356 5352 484 5416 nec,
515 5349 672 5404 donec
687 5346 856 5401 omnia
872 5343 979 5399 luet:
993 5341 1139 5413 ﬁant.
1160 5338 1286 5395 Haec
1304 5338 1495 5403 omnia,
1512 5350 1777 5406 quianam,
1794 5349 1940 5403 oua:-

360 5442 455 5499 soi
478 5440 609 5509 Quae
646 5436 1033 5505 Jerosolymam
1074 5431 1403 5502 spectabant,
1434 5426 1592 5491 bella,
1626 5426 1812 5486 fames.
1843 5438 1938 5493 pe-

359 5534 478 5599 stis,
512 5541 667 5588 terra:
698 5536 896 5594 motus,
950 5518 1390 5595 pseudo-Christi,
1417 5513 1938 5590 pseudo-prophetia,

356 5624 703 5697 Evangelium
726 5621 922 5691 ubique
939 5615 1363 5680 disseminatum,
1392 5609 1701 5674 seditiones,
1730 5615 1942 5678 pertur-

360 5722 626 5782 bationes,
674 5725 975 5785 ceteraque
1010 5710 1211 5777 omnia,
1239 5720 1359 5779 qua:
1394 5703 1627 5762 diximus
1674 5713 1843 5772 usque
1870 5699 1936 5755 ad

2004 2407 2119 2475 ejus
2146 2408 2431 2464 adventum
2465 2411 2661 2466 futura.
2694 2413 2972 2481 Quomodo
3006 2417 3166 2486 igitur
3190 2419 3283 2484 ait,
3323 2419 3590 2477 Generatio

1996 2501 2148 2555 hac?
2169 2501 2284 2557 Non
2310 2502 2378 2558 de
2404 2512 2529 2558 tunc
2550 2506 2845 2562 viventibus
2867 2507 3115 2579 loquitur,
3147 2511 3241 2566 sed
3267 2513 3333 2567 de
3363 2531 3587 2583 genera-

2005 2595 2148 2648 tione
2180 2594 2442 2661 ﬁdelium;
2474 2598 2610 2653 solet
2638 2600 2779 2654 enim
2809 2604 3209 2671 generationem
3251 2621 3353 2659 non
3391 2622 3418 2659 a
3449 2616 3587 2661 tent-

2005 2700 2135 2753 pore
2161 2686 2355 2753 solum,
2379 2687 2469 2742 sed
2502 2690 2660 2745 etiam
2693 2706 2722 2744 a
2758 2691 3031 2761 religionis
3053 2704 3104 2749 et
3130 2694 3249 2749 vita:
3273 2697 3473 2753 ratione
3491 2716 3591 2752 an-

2009 2786 2194 2831 notare
2216 2795 2229 2842 ;
2252 2787 2306 2831 ut
2328 2780 2541 2847 quando
2566 2781 2725 2835 dicit:
2755 2781 2879 2836 ch
2897 2793 2969 2837 est
2984 2787 3239 2854 generatio
3264 2791 3593 2855 quwrcntt’uttt

2010 2870 2282 2924 Dominum
2319 2869 2489 2940 (Psal.
2521 2871 2612 2926 25.
2655 2872 2711 2941 6)
2753 2874 2939 2943 :quod
2989 2890 3115 2945 ergo
3157 2890 3313 2946 supra
3362 2879 3592 2943 dicebat,

2012 2962 2221 3032 Oportet
2264 2965 2395 3017 enim
2436 2964 2607 3017 omnia
2645 2965 2788 3033 ﬁeri;
2832 2981 2895 3021 ac
2939 2982 3171 3035 rursum,
3228 2968 3599 3025 Prmdicabitur

2007 3056 2340 3127 Evangeiinm
2359 3075 2376 3112 :
2397 3057 2482 3112 hic
2504 3072 2715 3127 quoque
2744 3057 3008 3131 signiﬁcat
3035 3061 3241 3127 dicens,
3274 3062 3397 3118 llaec
3425 3065 3599 3118 omni-

2017 3164 2085 3201 no
2112 3147 2363 3202 evenient
2411 3150 2610 3214 omnia,
2655 3159 2709 3204 et
2753 3153 3027 3221 generatio
3071 3153 3304 3209 ﬁdelium
3330 3196 3344 3217 ,
3389 3172 3417 3210 a
3448 3157 3593 3212 nullo

2015 3240 2388 3310 praedictorum
2417 3240 2636 3294 discissa
2662 3282 2676 3301 ,
2707 3244 3074 3312 permanebit;
3121 3246 3228 3299 imo
3256 3247 3415 3300 etiam
3442 3246 3597 3301 iero-

2014 3334 2218 3402 solytna
2265 3332 2495 3401 peribit,
2551 3342 2603 3387 et
2652 3332 2959 3389 Judmorum
2988 3351 3173 3406 magna
3224 3352 3345 3409 pars
3394 3340 3597 3395 delebi-

2017 3432 2120 3478 tur.
2149 3423 2294 3478 llanc
2316 3438 2442 3478 vero
2466 3423 2594 3479 nihil
2620 3426 2911 3493 superabit,
2938 3443 3042 3481 non
3068 3428 3253 3498 fames,
3282 3446 3386 3484 non
3413 3433 3597 3502 pestis,

2016 3532 2120 3570 non
2150 3527 2308 3572 terrae
2333 3526 2507 3571 motus
2532 3558 2546 3581 ,
2579 3534 2683 3573 non
2711 3518 2971 3573 bellorum
3011 3521 3456 3590 perturbationes,
3492 3524 3597 3579 non

2016 3609 2430 3680 pseudo-ebriati
2452 3651 2466 3676 ,
2508 3625 2611 3663 non
2641 3611 3143 3682 pseudo-prophetia
3168 3657 3182 3677 ,
3213 3631 3318 3669 non
3349 3614 3601 3685 decepto-

2018 3717 2125 3765 res,
2153 3717 2258 3757 non
2285 3701 2318 3755 ii
2348 3704 2436 3771 qui
2469 3702 2717 3765 tradent,
2749 3719 2853 3758 non
2886 3704 2919 3757 ii
2952 3703 3040 3773 qui
3069 3704 3393 3761 oﬂ'endiculo
3418 3717 3597 3775 erunt,

2021 3809 2124 3847 non
2153 3793 2267 3847 falsi
2309 3792 2500 3847 fratres
2525 3809 2539 3857 ;
2569 3809 2675 3847 non
2702 3792 2820 3847 alia:
2851 3794 3055 3849 similes
3081 3798 3419 3851 tentationes.
3453 3798 3604 3851 Dein-

2020 3886 2087 3942 de
2114 3885 2259 3956 ipsos
2286 3886 2454 3955 magis
2480 3885 2544 3939 ad
2577 3884 2732 3939 iidem
2761 3884 3031 3941 adducens
3060 3888 3133 3941 ait
3166 3905 3178 3940 :
3210 3888 3301 3943 35.
3334 3887 3525 3943 Cirtam
3555 3899 3603 3943 ct

2022 3988 2156 4031 terra
2201 3977 2519 4042 transibunt,
2568 3975 2716 4031 verba
2764 3987 2931 4031 autem
2979 3993 3090 4032 mea
3141 3994 3240 4032 non
3290 3978 3600 4045 transibunt,

2026 4072 2127 4126 hoc
2152 4079 2252 4134 est,
2293 4070 2521 4125 Facilius
2548 4079 2709 4125 estut
2740 4069 2853 4123 haec
2879 4070 2948 4125 ita
2980 4071 3126 4124 ﬁrma
3170 4079 3226 4124 et
3264 4070 3478 4125 immota
3512 4070 3605 4127 de-

2024 4164 2234 4218 leantur
2257 4203 2271 4227 ,
2304 4177 2463 4233 quam
2492 4172 2547 4215 ut
2596 4177 2662 4217 ex
2691 4161 2867 4217 verbis
2911 4162 3046 4217 meis
3075 4161 3346 4233 quidpiam
3376 4162 3607 4217 excidat.

2025 4255 2124 4323 Qui
2154 4268 2280 4308 vero
2324 4252 2671 4315 contradicit,
2703 4253 2879 4306 omnia
2922 4263 3169 4308 accurate
3212 4254 3512 4319 examinet;
3559 4263 3615 4309 et

2026 4367 2147 4406 cum
2176 4365 2295 4405 vera
2323 4364 2442 4403 esse
2473 4348 2733 4403 invenerit
2763 4348 2781 4419 (
2806 4348 3037 4403 inveniet
3067 4349 3208 4402 enim
3238 4348 3373 4403 Ituttd
3406 4347 3611 4421 dubio),

2029 4459 2095 4499 ex
2146 4442 2535 4510 praeteritorum
2580 4450 2773 4495 eventu
2824 4439 3017 4499 futuris
3060 4441 3245 4495 credat
3286 4443 3614 4512 :omniaque

2030 4544 2279 4591 accurate
2305 4534 2571 4589 examinet
2592 4575 2605 4596 ,
2638 4531 2941 4604 videbitque
2969 4549 3149 4588 rerum
3176 4535 3374 4588 exitum
3400 4536 3613 4591 veritati

2033 4629 2327 4705 prophetia!
2370 4628 2526 4683 (idem
2569 4624 2871 4683 facientem.
2901 4626 3175 4681 Elemeuta
3216 4636 3392 4683 autem
3425 4627 3479 4681 in
3507 4643 3620 4683 me-

2034 4723 2124 4779 dio
2155 4722 2366 4792 posuit.
2418 4731 2528 4775 tttm
2560 4728 2617 4775 ut
2663 4719 2995 4790 signiﬁcaret
3042 4719 3176 4775 caelo
3220 4729 3272 4775 et
3303 4729 3442 4775 terra
3476 4733 3616 4791 pra:-

2034 4815 2350 4871 stantiorem
2382 4812 2677 4867 Ecclesiam
2708 4824 2861 4878 esse;
2886 4822 2995 4866 tum
3028 4818 3084 4865 ut
3108 4827 3166 4867 se
3196 4811 3428 4866 universi
3455 4811 3623 4867 Crea-

2039 4920 2205 4964 torem
2258 4906 2585 4963 ostenderet.
2645 4903 2777 4975 Quia
2842 4903 2985 4959 enim
3039 4902 3106 4959 de
3158 4904 3622 4963 consummatione

2038 5000 2328 5067 disseruit,
2352 5014 2469 5070 quae
2492 5012 2579 5052 res
2608 5011 2637 5049 a
2661 4995 2843 5051 multis
2869 5011 2972 5049 non
3000 4993 3255 5060 creditur,
3282 4994 3398 5050 ideo
3428 4996 3619 5050 czelum

2037 5103 2093 5151 et
2116 5104 2312 5151 terram
2336 5093 2385 5146 in
2410 5090 2642 5146 medium
2668 5080 2907 5155 adduxit,
2933 5087 3251 5143 inell‘abilcm
3274 5102 3424 5141 suam
3441 5098 3597 5142 ostett

2040 5187 2173 5242 dens
2196 5184 2510 5259 potentiam,
2541 5192 2595 5238 et
2619 5196 2804 5251 magna
2827 5195 2946 5237 cum
2976 5188 3238 5252 potestate
3257 5195 3315 5236 se
3339 5180 3622 5239 Dominum

2042 5278 2274 5333 universi
2303 5274 2580 5331 declarans
2607 5291 2620 5327 :
2652 5272 2882 5342 hincque
2906 5271 2990 5325 vel
3016 5270 3301 5326 admodum
3330 5269 3623 5325 dubitanti-

2042 5372 2142 5427 bus
2169 5370 2310 5425 dicta
2347 5382 2440 5421 sua
2470 5364 2574 5421 ﬁde
2594 5362 2752 5435 digna
2803 5361 3055 5418 reddens.
3094 5362 3181 5418 36.
3227 5360 3307 5415 De
3351 5361 3432 5415 die
3459 5370 3627 5415 autem

2043 5463 2136 5516 illa
2159 5470 2205 5515 et
2232 5459 2357 5513 liora
2382 5457 2551 5512 nullus
2574 5455 2711 5510 novit
2731 5496 2746 5520 ,
2790 5470 2949 5527 neque
2974 5454 3143 5526 angeli
3174 5453 3435 5520 calorum,
3466 5468 3625 5523 neque

2048 5552 2215 5611 Filius
2242 5552 2259 5583 ⁸
2277 5592 2296 5617 ,
2324 5549 2421 5605 nisi
2445 5546 2586 5605 solus
2610 5546 2783 5604 Pater.
2811 5544 2964 5614 Quod
2993 5560 3119 5616 ergo
3139 5543 3275 5601 dixit
3292 5586 3307 5613 ,
3341 5542 3515 5615 Neque
3533 5561 3619 5599 on-

2112 5705 2131 5737 ί
2155 5700 2353 5762 quidam
2372 5697 2580 5760 habent.
2600 5709 2751 5766 neque
2777 5693 2927 5747 Pilius
2950 5691 3173 5744 horttittis.
