  <div class='ocr_page' id='page_1' title='image "/cluster/home/n/w/nwhite01/storage/ocr_20150623/58/hvd.32044054202999/243.png"; bbox 0 0 4000 6206; ppageno 0'>
   <div class='ocr_carea' id='block_1_1' title="bbox 399 228 504 283">
    <p class='ocr_par' dir='ltr' id='par_1_1' title="bbox 399 228 504 283">
     <span class='ocr_line' id='line_1_1' title="bbox 399 228 504 283; baseline 0.019 -2"><span class='ocrx_word' id='word_1_1' title='bbox 399 228 504 283; x_wconf 77' lang='lat'><strong>705</strong></span> 
     </span>
    </p>
   </div>
   <div class='ocr_carea' id='block_1_2' title="bbox 401 328 1986 415">
    <p class='ocr_par' dir='ltr' id='par_1_2' title="bbox 401 328 1986 415">
     <span class='ocr_line' id='line_1_2' title="bbox 401 328 1986 415; baseline -0.013 -16"><span class='ocrx_word' id='word_1_2' title='bbox 401 345 530 415; x_wconf 87' lang='lat' dir='ltr'><strong>geli,</strong></span> <span class='ocrx_word' id='word_1_3' title='bbox 562 344 803 413; x_wconf 87' lang='lat' dir='ltr'><strong>reprimit</strong></span> <span class='ocrx_word' id='word_1_4' title='bbox 828 357 954 404; x_wconf 87' lang='lat' dir='ltr'><strong>eos,</strong></span> <span class='ocrx_word' id='word_1_5' title='bbox 999 354 1067 396; x_wconf 84' lang='lat' dir='ltr'><strong>ne</strong></span> <span class='ocrx_word' id='word_1_6' title='bbox 1106 337 1316 392; x_wconf 82' lang='lat' dir='ltr'><strong>discere</strong></span> <span class='ocrx_word' id='word_1_7' title='bbox 1358 340 1601 403; x_wconf 53' lang='lat' dir='ltr'><strong>quaerant</strong></span> <span class='ocrx_word' id='word_1_8' title='bbox 1626 328 1677 383; x_wconf 93' lang='lat' dir='ltr'><strong>id</strong></span> <span class='ocrx_word' id='word_1_9' title='bbox 1708 331 1849 399; x_wconf 89' lang='lat' dir='ltr'><strong>quod</strong></span> <span class='ocrx_word' id='word_1_10' title='bbox 1888 340 1986 379; x_wconf 87' lang='lat' dir='ltr'><strong>an-</strong></span> 
     </span>
    </p>
   </div>
   <div class='ocr_carea' id='block_1_3' title="bbox 403 418 1985 504">
    <p class='ocr_par' dir='ltr' id='par_1_3' title="bbox 403 418 1985 504">
     <span class='ocr_line' id='line_1_3' title="bbox 403 418 1985 504; baseline -0.015 -12"><span class='ocrx_word' id='word_1_11' title='bbox 403 438 501 504; x_wconf 72' lang='lat' dir='ltr'><strong>geli</strong></span> <span class='ocrx_word' id='word_1_12' title='bbox 537 437 812 492; x_wconf 79' lang='lat' dir='ltr'><strong>nesciunt;</strong></span> <span class='ocrx_word' id='word_1_13' title='bbox 846 447 966 485; x_wconf 86' lang='lat' dir='ltr'><strong>cum</strong></span> <span class='ocrx_word' id='word_1_14' title='bbox 998 439 1177 483; x_wconf 88' lang='lat' dir='ltr'><strong>autem</strong></span> <span class='ocrx_word' id='word_1_15' title='bbox 1207 427 1342 481; x_wconf 90' lang='lat' dir='ltr'><strong>dicit</strong></span> <span class='ocrx_word' id='word_1_16' title='bbox 1362 466 1378 491; x_wconf 93' lang='lat'><strong>,</strong></span> <span class='ocrx_word' id='word_1_17' title='bbox 1420 422 1598 491; x_wconf 81' lang='lat' dir='ltr'><strong>Neque</strong></span> <span class='ocrx_word' id='word_1_18' title='bbox 1629 418 1826 483; x_wconf 85' lang='lat' dir='ltr'><strong>Filius,</strong></span> <span class='ocrx_word' id='word_1_19' title='bbox 1861 430 1985 485; x_wconf 88' lang='lat' dir='ltr'><strong>pro-</strong></span> 
     </span>
    </p>
   </div>
   <div class='ocr_carea' id='block_1_4' title="bbox 410 514 1984 582">
    <p class='ocr_par' dir='ltr' id='par_1_4' title="bbox 410 514 1984 582">
     <span class='ocr_line' id='line_1_4' title="bbox 410 514 1984 582; baseline -0.011 -5"><span class='ocrx_word' id='word_1_20' title='bbox 410 527 556 579; x_wconf 89' lang='lat' dir='ltr'><strong>hibet</strong></span> <span class='ocrx_word' id='word_1_21' title='bbox 589 537 696 577; x_wconf 92' lang='lat' dir='ltr'><strong>non</strong></span> <span class='ocrx_word' id='word_1_22' title='bbox 726 520 887 576; x_wconf 86' lang='lat' dir='ltr'><strong>modo</strong></span> <span class='ocrx_word' id='word_1_23' title='bbox 936 537 1003 575; x_wconf 85' lang='lat' dir='ltr'><strong>ne</strong></span> <span class='ocrx_word' id='word_1_24' title='bbox 1028 520 1235 574; x_wconf 90' lang='lat' dir='ltr'><strong>discant</strong></span> <span class='ocrx_word' id='word_1_25' title='bbox 1261 559 1276 582; x_wconf 94' lang='lat'><strong>,</strong></span> <span class='ocrx_word' id='word_1_26' title='bbox 1325 516 1417 570; x_wconf 85' lang='lat' dir='ltr'><strong>sed</strong></span> <span class='ocrx_word' id='word_1_27' title='bbox 1443 515 1600 567; x_wconf 83' lang='lat' dir='ltr'><strong>etiam</strong></span> <span class='ocrx_word' id='word_1_28' title='bbox 1629 526 1698 565; x_wconf 84' lang='lat' dir='ltr'><strong>ne</strong></span> <span class='ocrx_word' id='word_1_29' title='bbox 1725 514 1984 578; x_wconf 75' lang='lat' dir='ltr'><strong>qua-rant.</strong></span> 
     </span>
    </p>
   </div>
   <div class='ocr_carea' id='block_1_5' title="bbox 408 602 1994 680">
    <p class='ocr_par' dir='ltr' id='par_1_5' title="bbox 408 602 1994 680">
     <span class='ocr_line' id='line_1_5' title="bbox 408 602 1994 680; baseline -0.01 -11"><span class='ocrx_word' id='word_1_30' title='bbox 408 613 561 680; x_wconf 84' lang='lat' dir='ltr'><strong>Quod</strong></span> <span class='ocrx_word' id='word_1_31' title='bbox 588 615 728 667; x_wconf 89' lang='lat' dir='ltr'><strong>enim</strong></span> <span class='ocrx_word' id='word_1_32' title='bbox 760 613 852 667; x_wconf 89' lang='lat' dir='ltr'><strong>illo</strong></span> <span class='ocrx_word' id='word_1_33' title='bbox 890 613 1070 665; x_wconf 92' lang='lat' dir='ltr'><strong>animo</strong></span> <span class='ocrx_word' id='word_1_34' title='bbox 1094 609 1144 664; x_wconf 91' lang='lat' dir='ltr'><strong>id</strong></span> <span class='ocrx_word' id='word_1_35' title='bbox 1176 609 1407 671; x_wconf 89' lang='lat' dir='ltr'><strong>dixerit,</strong></span> <span class='ocrx_word' id='word_1_36' title='bbox 1438 605 1577 665; x_wconf 84' lang='lat' dir='ltr'><strong>vide,</strong></span> <span class='ocrx_word' id='word_1_37' title='bbox 1605 602 1727 672; x_wconf 93' lang='lat' dir='ltr'><strong>quia</strong></span> <span class='ocrx_word' id='word_1_38' title='bbox 1760 610 1878 671; x_wconf 86' lang='lat' dir='ltr'><strong>post</strong></span> <span class='ocrx_word' id='word_1_39' title='bbox 1907 615 1994 654; x_wconf 85' lang='lat' dir='ltr'><strong>re-</strong></span> 
     </span>
    </p>
   </div>
   <div class='ocr_carea' id='block_1_6' title="bbox 411 691 1993 762">
    <p class='ocr_par' dir='ltr' id='par_1_6' title="bbox 411 691 1993 762">
     <span class='ocr_line' id='line_1_6' title="bbox 411 691 1993 762; baseline -0.011 -2"><span class='ocrx_word' id='word_1_40' title='bbox 411 704 799 760; x_wconf 87' lang='lat' dir='ltr'><strong>surrectionem</strong></span> <span class='ocrx_word' id='word_1_41' title='bbox 851 702 970 756; x_wconf 81' lang='lat' dir='ltr'><strong>illos</strong></span> <span class='ocrx_word' id='word_1_42' title='bbox 1016 701 1337 755; x_wconf 86' lang='lat' dir='ltr'><strong>curiosiores</strong></span> <span class='ocrx_word' id='word_1_43' title='bbox 1379 711 1499 752; x_wconf 85' lang='lat' dir='ltr'><strong>esse</strong></span> <span class='ocrx_word' id='word_1_44' title='bbox 1528 695 1698 759; x_wconf 91' lang='lat' dir='ltr'><strong>vidit,</strong></span> <span class='ocrx_word' id='word_1_45' title='bbox 1726 691 1993 762; x_wconf 86' lang='lat' dir='ltr'><strong>quomodo</strong></span> 
     </span>
    </p>
   </div>
   <div class='ocr_carea' id='block_1_7' title="bbox 408 785 1992 865">
    <p class='ocr_par' dir='ltr' id='par_1_7' title="bbox 408 785 1992 865">
     <span class='ocr_line' id='line_1_7' title="bbox 408 785 1992 865; baseline -0.01 -15"><span class='ocrx_word' id='word_1_46' title='bbox 408 796 742 865; x_wconf 86' lang='lat' dir='ltr'><strong>represserit.</strong></span> <span class='ocrx_word' id='word_1_47' title='bbox 796 794 947 849; x_wconf 86' lang='lat' dir='ltr'><strong>Nunc</strong></span> <span class='ocrx_word' id='word_1_48' title='bbox 988 793 1129 847; x_wconf 91' lang='lat' dir='ltr'><strong>enim</strong></span> <span class='ocrx_word' id='word_1_49' title='bbox 1177 792 1339 844; x_wconf 91' lang='lat' dir='ltr'><strong>multa</strong></span> <span class='ocrx_word' id='word_1_50' title='bbox 1396 790 1782 856; x_wconf 86' lang='lat' dir='ltr'><strong>innumeraque</strong></span> <span class='ocrx_word' id='word_1_51' title='bbox 1839 785 1992 853; x_wconf 82' lang='lat' dir='ltr'><strong>signa</strong></span> 
     </span>
    </p>
   </div>
   <div class='ocr_carea' id='block_1_8' title="bbox 410 879 1996 953">
    <p class='ocr_par' dir='ltr' id='par_1_8' title="bbox 410 879 1996 953">
     <span class='ocr_line' id='line_1_8' title="bbox 410 879 1996 953; baseline -0.011 -11"><span class='ocrx_word' id='word_1_52' title='bbox 410 886 578 953; x_wconf 86' lang='lat' dir='ltr'><strong>dixit;</strong></span> <span class='ocrx_word' id='word_1_53' title='bbox 614 897 739 942; x_wconf 89' lang='lat' dir='ltr'><strong>tunc</strong></span> <span class='ocrx_word' id='word_1_54' title='bbox 782 900 909 940; x_wconf 87' lang='lat' dir='ltr'><strong>vero</strong></span> <span class='ocrx_word' id='word_1_55' title='bbox 949 882 1261 952; x_wconf 69' lang='lat' dir='ltr'><strong>simpliciter</strong></span> <span class='ocrx_word' id='word_1_56' title='bbox 1284 924 1297 944; x_wconf 93' lang='lat'><strong>,</strong></span> <span class='ocrx_word' id='word_1_57' title='bbox 1330 879 1448 933; x_wconf 87' lang='lat' dir='ltr'><strong>Non</strong></span> <span class='ocrx_word' id='word_1_58' title='bbox 1478 889 1549 932; x_wconf 86' lang='lat' dir='ltr'><strong>est</strong></span> <span class='ocrx_word' id='word_1_59' title='bbox 1591 886 1804 930; x_wconf 80' lang='lat' dir='ltr'><strong>vestrum</strong></span> <span class='ocrx_word' id='word_1_60' title='bbox 1852 888 1996 927; x_wconf 87' lang='lat' dir='ltr'><strong>nosse</strong></span> 
     </span>
    </p>
   </div>
   <div class='ocr_carea' id='block_1_9' title="bbox 412 968 1992 1050">
    <p class='ocr_par' dir='ltr' id='par_1_9' title="bbox 412 968 1992 1050">
     <span class='ocr_line' id='line_1_9' title="bbox 412 968 1992 1050; baseline -0.009 -19"><span class='ocrx_word' id='word_1_61' title='bbox 412 988 640 1050; x_wconf 82' lang='lat' dir='ltr'><strong>tempora</strong></span> <span class='ocrx_word' id='word_1_62' title='bbox 668 979 744 1032; x_wconf 90' lang='lat' dir='ltr'><strong>vel</strong></span> <span class='ocrx_word' id='word_1_63' title='bbox 768 988 1017 1030; x_wconf 86' lang='lat' dir='ltr'><strong>momenta</strong></span> <span class='ocrx_word' id='word_1_64' title='bbox 1042 976 1060 1045; x_wconf 96' lang='lat'><strong>(</strong></span> <span class='ocrx_word' id='word_1_65' title='bbox 1084 976 1190 1027; x_wconf 74' lang='lat' dir='ltr'><strong>Act.</strong></span> <span class='ocrx_word' id='word_1_66' title='bbox 1228 976 1275 1027; x_wconf 81' lang='grc' dir='ltr'><strong>Ι.</strong></span> <span class='ocrx_word' id='word_1_67' title='bbox 1305 971 1381 1044; x_wconf 86' lang='grc'><strong>7).</strong></span> <span class='ocrx_word' id='word_1_68' title='bbox 1414 969 1612 1025; x_wconf 77' lang='lat' dir='ltr'><strong>Deinde</strong></span> <span class='ocrx_word' id='word_1_69' title='bbox 1638 985 1703 1022; x_wconf 89' lang='lat' dir='ltr'><strong>ne</strong></span> <span class='ocrx_word' id='word_1_70' title='bbox 1734 968 1992 1030; x_wconf 90' lang='lat' dir='ltr'><strong>dicerent,</strong></span> 
     </span>
    </p>
   </div>
   <div class='ocr_carea' id='block_1_10' title="bbox 410 1056 1996 1138">
    <p class='ocr_par' dir='ltr' id='par_1_10' title="bbox 410 1056 1996 1138">
     <span class='ocr_line' id='line_1_10' title="bbox 410 1056 1996 1138; baseline -0.011 -12"><span class='ocrx_word' id='word_1_71' title='bbox 410 1070 546 1138; x_wconf 91' lang='lat' dir='ltr'><strong>Quia</strong></span> <span class='ocrx_word' id='word_1_72' title='bbox 577 1071 900 1130; x_wconf 84' lang='lat' dir='ltr'><strong>dubitamus,</strong></span> <span class='ocrx_word' id='word_1_73' title='bbox 935 1067 1251 1137; x_wconf 73' lang='lat' dir='ltr'><strong>negligimur</strong></span> <span class='ocrx_word' id='word_1_74' title='bbox 1276 1107 1289 1125; x_wconf 84' lang='lat'><strong>,</strong></span> <span class='ocrx_word' id='word_1_75' title='bbox 1320 1078 1489 1131; x_wconf 88' lang='lat' dir='ltr'><strong>neque</strong></span> <span class='ocrx_word' id='word_1_76' title='bbox 1520 1060 1620 1114; x_wconf 89' lang='lat' dir='ltr'><strong>hac</strong></span> <span class='ocrx_word' id='word_1_77' title='bbox 1645 1074 1704 1114; x_wconf 91' lang='lat' dir='ltr'><strong>re</strong></span> <span class='ocrx_word' id='word_1_78' title='bbox 1733 1056 1876 1124; x_wconf 76' lang='lat' dir='ltr'><strong>digni</strong></span> <span class='ocrx_word' id='word_1_79' title='bbox 1908 1070 1996 1108; x_wconf 90' lang='lat' dir='ltr'><strong>su-</strong></span> 
     </span>
    </p>
   </div>
   <div class='ocr_carea' id='block_1_11' title="bbox 412 1147 1994 1227">
    <p class='ocr_par' dir='ltr' id='par_1_11' title="bbox 412 1147 1994 1227">
     <span class='ocr_line' id='line_1_11' title="bbox 412 1147 1994 1227; baseline -0.008 -14"><span class='ocrx_word' id='word_1_80' title='bbox 412 1160 575 1215; x_wconf 83' lang='lat' dir='ltr'><strong>mus?</strong></span> <span class='ocrx_word' id='word_1_81' title='bbox 600 1161 707 1225; x_wconf 88' lang='lat' dir='ltr'><strong>ait,</strong></span> <span class='ocrx_word' id='word_1_82' title='bbox 743 1160 870 1226; x_wconf 74' lang='grc' dir='ltr'><strong>ρυω</strong></span> <span class='ocrx_word' id='word_1_83' title='bbox 898 1157 1051 1211; x_wconf 85' lang='lat' dir='ltr'><strong>Pater</strong></span> <span class='ocrx_word' id='word_1_84' title='bbox 1075 1156 1239 1227; x_wconf 87' lang='lat' dir='ltr'><strong>posuit</strong></span> <span class='ocrx_word' id='word_1_85' title='bbox 1283 1155 1336 1206; x_wconf 89' lang='lat' dir='ltr'><strong>in</strong></span> <span class='ocrx_word' id='word_1_86' title='bbox 1375 1169 1467 1207; x_wconf 78' lang='lat' dir='ltr'><strong>sua</strong></span> <span class='ocrx_word' id='word_1_87' title='bbox 1498 1158 1759 1221; x_wconf 74' lang='lat' dir='ltr'><strong>potestate.</strong></span> <span class='ocrx_word' id='word_1_88' title='bbox 1795 1147 1994 1214; x_wconf 76' lang='lat' dir='ltr'><strong>Magna:</strong></span> 
     </span>
    </p>
   </div>
   <div class='ocr_carea' id='block_1_12' title="bbox 413 1235 1995 1320">
    <p class='ocr_par' dir='ltr' id='par_1_12' title="bbox 413 1235 1995 1320">
     <span class='ocr_line' id='line_1_12' title="bbox 413 1235 1995 1320; baseline -0.009 -18"><span class='ocrx_word' id='word_1_89' title='bbox 413 1250 611 1320; x_wconf 85' lang='lat' dir='ltr'><strong>quippe</strong></span> <span class='ocrx_word' id='word_1_90' title='bbox 633 1249 732 1319; x_wconf 86' lang='lat' dir='ltr'><strong>ipsi</strong></span> <span class='ocrx_word' id='word_1_91' title='bbox 759 1263 902 1302; x_wconf 67' lang='lat' dir='ltr'><strong>cura:</strong></span> <span class='ocrx_word' id='word_1_92' title='bbox 944 1248 1039 1299; x_wconf 81' lang='lat' dir='ltr'><strong>luit</strong></span> <span class='ocrx_word' id='word_1_93' title='bbox 1066 1247 1182 1299; x_wconf 87' lang='lat' dir='ltr'><strong>illos</strong></span> <span class='ocrx_word' id='word_1_94' title='bbox 1210 1243 1503 1304; x_wconf 85' lang='lat' dir='ltr'><strong>honorare,</strong></span> <span class='ocrx_word' id='word_1_95' title='bbox 1548 1238 1784 1307; x_wconf 91' lang='lat' dir='ltr'><strong>nihilque</strong></span> <span class='ocrx_word' id='word_1_96' title='bbox 1812 1235 1995 1289; x_wconf 91' lang='lat' dir='ltr'><strong>occul-</strong></span> 
     </span>
    </p>
   </div>
   <div class='ocr_carea' id='block_1_13' title="bbox 418 1329 1995 1409">
    <p class='ocr_par' dir='ltr' id='par_1_13' title="bbox 418 1329 1995 1409">
     <span class='ocr_line' id='line_1_13' title="bbox 418 1329 1995 1409; baseline -0.008 -17"><span class='ocrx_word' id='word_1_97' title='bbox 418 1349 535 1394; x_wconf 87' lang='lat' dir='ltr'><strong>tare</strong></span> <span class='ocrx_word' id='word_1_98' title='bbox 564 1340 712 1409; x_wconf 81' lang='lat' dir='ltr'><strong>ipsis.</strong></span> <span class='ocrx_word' id='word_1_99' title='bbox 738 1338 971 1407; x_wconf 83' lang='lat' dir='ltr'><strong>ideoque</strong></span> <span class='ocrx_word' id='word_1_100' title='bbox 1017 1335 1160 1389; x_wconf 81' lang='lat' dir='ltr'><strong>Patri</strong></span> <span class='ocrx_word' id='word_1_101' title='bbox 1205 1333 1329 1386; x_wconf 91' lang='lat' dir='ltr'><strong>illud</strong></span> <span class='ocrx_word' id='word_1_102' title='bbox 1359 1331 1561 1392; x_wconf 80' lang='lat' dir='ltr'><strong>tribuit,</strong></span> <span class='ocrx_word' id='word_1_103' title='bbox 1595 1329 1717 1382; x_wconf 91' lang='lat' dir='ltr'><strong>hinc</strong></span> <span class='ocrx_word' id='word_1_104' title='bbox 1745 1342 1855 1381; x_wconf 89' lang='lat' dir='ltr'><strong>rem</strong></span> <span class='ocrx_word' id='word_1_105' title='bbox 1883 1336 1995 1380; x_wconf 86' lang='lat' dir='ltr'><strong>tre-</strong></span> 
     </span>
    </p>
   </div>
   <div class='ocr_carea' id='block_1_14' title="bbox 416 1419 2000 1494">
    <p class='ocr_par' dir='ltr' id='par_1_14' title="bbox 416 1419 2000 1494">
     <span class='ocr_line' id='line_1_14' title="bbox 416 1419 2000 1494; baseline -0.008 -12"><span class='ocrx_word' id='word_1_106' title='bbox 416 1430 661 1483; x_wconf 82' lang='lat' dir='ltr'><strong>mendam</strong></span> <span class='ocrx_word' id='word_1_107' title='bbox 685 1427 992 1489; x_wconf 85' lang='lat' dir='ltr'><strong>ostendcns,</strong></span> <span class='ocrx_word' id='word_1_108' title='bbox 1018 1424 1411 1494; x_wconf 84' lang='lat' dir='ltr'><strong>prohibensque</strong></span> <span class='ocrx_word' id='word_1_109' title='bbox 1439 1437 1504 1476; x_wconf 91' lang='lat' dir='ltr'><strong>ne</strong></span> <span class='ocrx_word' id='word_1_110' title='bbox 1537 1421 1622 1473; x_wconf 86' lang='lat' dir='ltr'><strong>illa</strong></span> <span class='ocrx_word' id='word_1_111' title='bbox 1650 1420 1716 1473; x_wconf 92' lang='lat' dir='ltr'><strong>de</strong></span> <span class='ocrx_word' id='word_1_112' title='bbox 1743 1435 1801 1472; x_wconf 90' lang='lat' dir='ltr'><strong>re</strong></span> <span class='ocrx_word' id='word_1_113' title='bbox 1829 1419 2000 1471; x_wconf 90' lang='lat' dir='ltr'><strong>inter-</strong></span> 
     </span>
    </p>
   </div>
   <div class='ocr_carea' id='block_1_15' title="bbox 416 1507 1998 1590">
    <p class='ocr_par' dir='ltr' id='par_1_15' title="bbox 416 1507 1998 1590">
     <span class='ocr_line' id='line_1_15' title="bbox 416 1507 1998 1590; baseline -0.008 -16"><span class='ocrx_word' id='word_1_114' title='bbox 416 1529 689 1590; x_wconf 79' lang='lat' dir='ltr'><strong>rogarent.</strong></span> <span class='ocrx_word' id='word_1_115' title='bbox 721 1518 830 1573; x_wconf 84' lang='lat' dir='ltr'><strong>Nisi</strong></span> <span class='ocrx_word' id='word_1_116' title='bbox 857 1522 1000 1572; x_wconf 90' lang='lat' dir='ltr'><strong>enim</strong></span> <span class='ocrx_word' id='word_1_117' title='bbox 1032 1515 1159 1570; x_wconf 88' lang='lat' dir='ltr'><strong>illud</strong></span> <span class='ocrx_word' id='word_1_118' title='bbox 1188 1516 1256 1568; x_wconf 89' lang='lat' dir='ltr'><strong>ita</strong></span> <span class='ocrx_word' id='word_1_119' title='bbox 1285 1517 1386 1577; x_wconf 88' lang='lat' dir='ltr'><strong>sit,</strong></span> <span class='ocrx_word' id='word_1_120' title='bbox 1434 1523 1487 1565; x_wconf 88' lang='lat' dir='ltr'><strong>et</strong></span> <span class='ocrx_word' id='word_1_121' title='bbox 1515 1512 1559 1565; x_wconf 93' lang='lat' dir='ltr'><strong>si</strong></span> <span class='ocrx_word' id='word_1_122' title='bbox 1591 1525 1715 1565; x_wconf 90' lang='lat' dir='ltr'><strong>vere</strong></span> <span class='ocrx_word' id='word_1_123' title='bbox 1743 1509 1909 1562; x_wconf 87' lang='lat' dir='ltr'><strong>Filius</strong></span> <span class='ocrx_word' id='word_1_124' title='bbox 1944 1507 1998 1562; x_wconf 91' lang='lat' dir='ltr'><strong>id</strong></span> 
     </span>
    </p>
   </div>
   <div class='ocr_carea' id='block_1_16' title="bbox 418 1599 2001 1681">
    <p class='ocr_par' dir='ltr' id='par_1_16' title="bbox 418 1599 2001 1681">
     <span class='ocr_line' id='line_1_16' title="bbox 418 1599 2001 1681; baseline -0.008 -17"><span class='ocrx_word' id='word_1_125' title='bbox 418 1612 665 1681; x_wconf 77' lang='lat' dir='ltr'><strong>ignorat,</strong></span> <span class='ocrx_word' id='word_1_126' title='bbox 694 1609 1031 1678; x_wconf 87' lang='lat' dir='ltr'><strong>quandonam</strong></span> <span class='ocrx_word' id='word_1_127' title='bbox 1065 1605 1116 1658; x_wconf 92' lang='lat' dir='ltr'><strong>id</strong></span> <span class='ocrx_word' id='word_1_128' title='bbox 1148 1605 1319 1659; x_wconf 86' lang='lat' dir='ltr'><strong>sciet?</strong></span> <span class='ocrx_word' id='word_1_129' title='bbox 1347 1620 1413 1655; x_wconf 89' lang='lat' dir='ltr'><strong>an</strong></span> <span class='ocrx_word' id='word_1_130' title='bbox 1461 1600 1779 1655; x_wconf 85' lang='lat' dir='ltr'><strong>nobiscum?</strong></span> <span class='ocrx_word' id='word_1_131' title='bbox 1808 1599 2001 1667; x_wconf 79' lang='lat' dir='ltr'><strong>Ecquis</strong></span> 
     </span>
    </p>
   </div>
   <div class='ocr_carea' id='block_1_17' title="bbox 422 1690 1999 1758">
    <p class='ocr_par' dir='ltr' id='par_1_17' title="bbox 422 1690 1999 1758">
     <span class='ocr_line' id='line_1_17' title="bbox 422 1690 1999 1758; baseline -0.008 -4"><span class='ocrx_word' id='word_1_132' title='bbox 422 1701 521 1754; x_wconf 90' lang='lat' dir='ltr'><strong>hoc</strong></span> <span class='ocrx_word' id='word_1_133' title='bbox 551 1699 788 1754; x_wconf 81' lang='lat' dir='ltr'><strong>dixerit?</strong></span> <span class='ocrx_word' id='word_1_134' title='bbox 821 1697 1028 1750; x_wconf 82' lang='lat' dir='ltr'><strong>Patrem</strong></span> <span class='ocrx_word' id='word_1_135' title='bbox 1056 1696 1200 1750; x_wconf 89' lang='lat' dir='ltr'><strong>clare</strong></span> <span class='ocrx_word' id='word_1_136' title='bbox 1226 1696 1402 1758; x_wconf 87' lang='lat' dir='ltr'><strong>novit,</strong></span> <span class='ocrx_word' id='word_1_137' title='bbox 1425 1703 1475 1747; x_wconf 88' lang='lat' dir='ltr'><strong>et</strong></span> <span class='ocrx_word' id='word_1_138' title='bbox 1504 1702 1609 1744; x_wconf 86' lang='lat' dir='ltr'><strong>tam</strong></span> <span class='ocrx_word' id='word_1_139' title='bbox 1639 1690 1813 1754; x_wconf 87' lang='lat' dir='ltr'><strong>clare,</strong></span> <span class='ocrx_word' id='word_1_140' title='bbox 1841 1703 1999 1758; x_wconf 89' lang='lat' dir='ltr'><strong>quam</strong></span> 
     </span>
    </p>
   </div>
   <div class='ocr_carea' id='block_1_18' title="bbox 423 1781 2000 1851">
    <p class='ocr_par' dir='ltr' id='par_1_18' title="bbox 423 1781 2000 1851">
     <span class='ocr_line' id='line_1_18' title="bbox 423 1781 2000 1851; baseline -0.009 -5"><span class='ocrx_word' id='word_1_141' title='bbox 423 1791 582 1846; x_wconf 86' lang='lat' dir='ltr'><strong>Pater</strong></span> <span class='ocrx_word' id='word_1_142' title='bbox 612 1790 758 1844; x_wconf 85' lang='lat' dir='ltr'><strong>novit</strong></span> <span class='ocrx_word' id='word_1_143' title='bbox 784 1787 998 1851; x_wconf 89' lang='lat' dir='ltr'><strong>Filium,</strong></span> <span class='ocrx_word' id='word_1_144' title='bbox 1020 1799 1071 1840; x_wconf 87' lang='lat' dir='ltr'><strong>et</strong></span> <span class='ocrx_word' id='word_1_145' title='bbox 1098 1786 1239 1840; x_wconf 89' lang='lat' dir='ltr'><strong>diem</strong></span> <span class='ocrx_word' id='word_1_146' title='bbox 1268 1786 1410 1838; x_wconf 85' lang='lat' dir='ltr'><strong>illam</strong></span> <span class='ocrx_word' id='word_1_147' title='bbox 1445 1781 1744 1851; x_wconf 76' lang='lat' dir='ltr'><strong>ignorabit?</strong></span> <span class='ocrx_word' id='word_1_148' title='bbox 1772 1781 2000 1834; x_wconf 69' lang='lat' dir='ltr'><strong>Praeter-</strong></span> 
     </span>
    </p>
   </div>
   <div class='ocr_carea' id='block_1_19' title="bbox 420 1866 1999 1949">
    <p class='ocr_par' dir='ltr' id='par_1_19' title="bbox 420 1866 1999 1949">
     <span class='ocr_line' id='line_1_19' title="bbox 420 1866 1999 1949; baseline -0.01 -12"><span class='ocrx_word' id='word_1_149' title='bbox 420 1899 483 1937; x_wconf 89' lang='lat' dir='ltr'><strong>ea</strong></span> <span class='ocrx_word' id='word_1_150' title='bbox 513 1880 736 1949; x_wconf 82' lang='lat' dir='ltr'><strong>Spiritus</strong></span> <span class='ocrx_word' id='word_1_151' title='bbox 779 1879 1040 1947; x_wconf 74' lang='lat' dir='ltr'><strong>investigat</strong></span> <span class='ocrx_word' id='word_1_152' title='bbox 1068 1877 1218 1930; x_wconf 87' lang='lat' dir='ltr'><strong>etiam</strong></span> <span class='ocrx_word' id='word_1_153' title='bbox 1248 1873 1503 1945; x_wconf 78' lang='lat' dir='ltr'><strong>profunda</strong></span> <span class='ocrx_word' id='word_1_154' title='bbox 1531 1871 1627 1925; x_wconf 89' lang='lat' dir='ltr'><strong>Dei</strong></span> <span class='ocrx_word' id='word_1_155' title='bbox 1655 1872 1676 1941; x_wconf 92' lang='lat'><strong>(</strong></span> <span class='ocrx_word' id='word_1_156' title='bbox 1702 1872 1753 1925; x_wconf 77' lang='grc'><strong>1.</strong></span> <span class='ocrx_word' id='word_1_157' title='bbox 1782 1866 1900 1925; x_wconf 86' lang='lat' dir='ltr'><strong>Cor.</strong></span> <span class='ocrx_word' id='word_1_158' title='bbox 1945 1867 1999 1921; x_wconf 73' lang='lat'><strong>9..</strong></span> 
     </span>
    </p>
   </div>
   <div class='ocr_carea' id='block_1_20' title="bbox 428 1960 2003 2043">
    <p class='ocr_par' dir='ltr' id='par_1_20' title="bbox 428 1960 2003 2043">
     <span class='ocr_line' id='line_1_20' title="bbox 428 1960 2003 2043; baseline -0.009 -16"><span class='ocrx_word' id='word_1_159' title='bbox 428 1971 569 2043; x_wconf 73' lang='lat'><strong>10);</strong></span> <span class='ocrx_word' id='word_1_160' title='bbox 605 1971 696 2025; x_wconf 87' lang='lat' dir='ltr'><strong>ille</strong></span> <span class='ocrx_word' id='word_1_161' title='bbox 740 1984 867 2023; x_wconf 88' lang='lat' dir='ltr'><strong>vero</strong></span> <span class='ocrx_word' id='word_1_162' title='bbox 909 1983 976 2023; x_wconf 89' lang='lat' dir='ltr'><strong>ne</strong></span> <span class='ocrx_word' id='word_1_163' title='bbox 1009 1977 1219 2035; x_wconf 88' lang='lat' dir='ltr'><strong>tempus</strong></span> <span class='ocrx_word' id='word_1_164' title='bbox 1262 1966 1475 2034; x_wconf 82' lang='lat' dir='ltr'><strong>quidem</strong></span> <span class='ocrx_word' id='word_1_165' title='bbox 1525 1963 1710 2033; x_wconf 90' lang='lat' dir='ltr'><strong>judicii</strong></span> <span class='ocrx_word' id='word_1_166' title='bbox 1760 1960 2003 2016; x_wconf 87' lang='lat' dir='ltr'><strong>noverit?</strong></span> 
     </span>
    </p>
   </div>
   <div class='ocr_carea' id='block_1_21' title="bbox 421 2053 2001 2129">
    <p class='ocr_par' dir='ltr' id='par_1_21' title="bbox 421 2053 2001 2129">
     <span class='ocr_line' id='line_1_21' title="bbox 421 2053 2001 2129; baseline -0.011 -10"><span class='ocrx_word' id='word_1_167' title='bbox 421 2062 530 2119; x_wconf 87' lang='lat' dir='ltr'><strong>Sed</strong></span> <span class='ocrx_word' id='word_1_168' title='bbox 580 2062 681 2116; x_wconf 85' lang='lat' dir='ltr'><strong>scit</strong></span> <span class='ocrx_word' id='word_1_169' title='bbox 722 2069 776 2114; x_wconf 89' lang='lat' dir='ltr'><strong>et</strong></span> <span class='ocrx_word' id='word_1_170' title='bbox 810 2056 1079 2129; x_wconf 90' lang='lat' dir='ltr'><strong>quomodo</strong></span> <span class='ocrx_word' id='word_1_171' title='bbox 1116 2055 1357 2127; x_wconf 80' lang='lat' dir='ltr'><strong>judicare</strong></span> <span class='ocrx_word' id='word_1_172' title='bbox 1404 2061 1651 2122; x_wconf 79' lang='lat' dir='ltr'><strong>Oporteat</strong></span> <span class='ocrx_word' id='word_1_173' title='bbox 1689 2053 1705 2083; x_wconf 77' lang='grc' dir='ltr'>ί</span> <span class='ocrx_word' id='word_1_174' title='bbox 1737 2060 1790 2105; x_wconf 90' lang='lat' dir='ltr'><strong>et</strong></span> <span class='ocrx_word' id='word_1_175' title='bbox 1810 2065 2001 2104; x_wconf 81' lang='lat' dir='ltr'><strong>arcana</strong></span> 
     </span>
    </p>
   </div>
   <div class='ocr_carea' id='block_1_22' title="bbox 426 2140 2004 2223">
    <p class='ocr_par' dir='ltr' id='par_1_22' title="bbox 426 2140 2004 2223">
     <span class='ocr_line' id='line_1_22' title="bbox 426 2140 2004 2223; baseline -0.009 -16"><span class='ocrx_word' id='word_1_176' title='bbox 426 2151 788 2223; x_wconf 82' lang='lat' dir='ltr'><strong>singulorum;</strong></span> <span class='ocrx_word' id='word_1_177' title='bbox 820 2147 959 2219; x_wconf 90' lang='lat' dir='ltr'><strong>quod</strong></span> <span class='ocrx_word' id='word_1_178' title='bbox 986 2157 1163 2201; x_wconf 88' lang='lat' dir='ltr'><strong>autem</strong></span> <span class='ocrx_word' id='word_1_179' title='bbox 1206 2146 1361 2215; x_wconf 85' lang='lat' dir='ltr'><strong>longe</strong></span> <span class='ocrx_word' id='word_1_180' title='bbox 1394 2143 1616 2198; x_wconf 88' lang='lat' dir='ltr'><strong>inferius</strong></span> <span class='ocrx_word' id='word_1_181' title='bbox 1643 2152 1754 2207; x_wconf 91' lang='lat' dir='ltr'><strong>est,</strong></span> <span class='ocrx_word' id='word_1_182' title='bbox 1787 2140 1837 2195; x_wconf 92' lang='lat' dir='ltr'><strong>id</strong></span> <span class='ocrx_word' id='word_1_183' title='bbox 1864 2141 2004 2210; x_wconf 80' lang='lat' dir='ltr'><strong>igno-</strong></span> 
     </span>
    </p>
   </div>
   <div class='ocr_carea' id='block_1_23' title="bbox 425 2233 2006 2309">
    <p class='ocr_par' dir='ltr' id='par_1_23' title="bbox 425 2233 2006 2309">
     <span class='ocr_line' id='line_1_23' title="bbox 425 2233 2006 2309; baseline -0.01 -9"><span class='ocrx_word' id='word_1_184' title='bbox 425 2255 637 2300; x_wconf 85' lang='lat' dir='ltr'><strong>raturus</strong></span> <span class='ocrx_word' id='word_1_185' title='bbox 679 2241 833 2298; x_wconf 86' lang='lat' dir='ltr'><strong>erat?</strong></span> <span class='ocrx_word' id='word_1_186' title='bbox 878 2238 1192 2309; x_wconf 87' lang='lat' dir='ltr'><strong>Quomodo.</strong></span> <span class='ocrx_word' id='word_1_187' title='bbox 1225 2238 1269 2292; x_wconf 91' lang='lat' dir='ltr'><strong>si</strong></span> <span class='ocrx_word' id='word_1_188' title='bbox 1316 2235 1500 2290; x_wconf 83' lang='lat' dir='ltr'><strong>Omnia</strong></span> <span class='ocrx_word' id='word_1_189' title='bbox 1532 2252 1620 2305; x_wconf 86' lang='lat' dir='ltr'><strong>per</strong></span> <span class='ocrx_word' id='word_1_190' title='bbox 1670 2236 1834 2305; x_wconf 87' lang='lat' dir='ltr'><strong>ipsum</strong></span> <span class='ocrx_word' id='word_1_191' title='bbox 1869 2233 2006 2302; x_wconf 78' lang='lat' dir='ltr'><strong>facta</strong></span> 
     </span>
    </p>
   </div>
   <div class='ocr_carea' id='block_1_24' title="bbox 424 2325 2003 2403">
    <p class='ocr_par' dir='ltr' id='par_1_24' title="bbox 424 2325 2003 2403">
     <span class='ocr_line' id='line_1_24' title="bbox 424 2325 2003 2403; baseline -0.009 -11"><span class='ocrx_word' id='word_1_192' title='bbox 424 2347 577 2403; x_wconf 82' lang='lat' dir='ltr'><strong>sunt,</strong></span> <span class='ocrx_word' id='word_1_193' title='bbox 606 2344 655 2390; x_wconf 87' lang='lat' dir='ltr'><strong>et</strong></span> <span class='ocrx_word' id='word_1_194' title='bbox 682 2336 793 2389; x_wconf 83' lang='lat' dir='ltr'><strong>sine</strong></span> <span class='ocrx_word' id='word_1_195' title='bbox 817 2333 929 2401; x_wconf 87' lang='lat' dir='ltr'><strong>ipso</strong></span> <span class='ocrx_word' id='word_1_196' title='bbox 955 2334 1147 2403; x_wconf 81' lang='lat' dir='ltr'><strong>factum</strong></span> <span class='ocrx_word' id='word_1_197' title='bbox 1170 2338 1245 2384; x_wconf 87' lang='lat' dir='ltr'><strong>est</strong></span> <span class='ocrx_word' id='word_1_198' title='bbox 1289 2329 1420 2383; x_wconf 83' lang='lat' dir='ltr'><strong>nihil</strong></span> <span class='ocrx_word' id='word_1_199' title='bbox 1450 2326 1629 2398; x_wconf 80' lang='lat' dir='ltr'><strong>(Joan.</strong></span> <span class='ocrx_word' id='word_1_200' title='bbox 1675 2327 1725 2381; x_wconf 81' lang='grc' dir='ltr'><strong>ί.</strong></span> <span class='ocrx_word' id='word_1_201' title='bbox 1754 2326 1833 2395; x_wconf 80' lang='grc'><strong>5),</strong></span> <span class='ocrx_word' id='word_1_202' title='bbox 1861 2325 2003 2379; x_wconf 88' lang='lat' dir='ltr'><strong>diem</strong></span> 
     </span>
    </p>
   </div>
   <div class='ocr_carea' id='block_1_25' title="bbox 427 2416 2023 2498">
    <p class='ocr_par' dir='ltr' id='par_1_25' title="bbox 427 2416 2023 2498">
     <span class='ocr_line' id='line_1_25' title="bbox 427 2416 2023 2498; baseline -0.008 -15"><span class='ocrx_word' id='word_1_203' title='bbox 427 2429 571 2483; x_wconf 83' lang='lat' dir='ltr'><strong>illam</strong></span> <span class='ocrx_word' id='word_1_204' title='bbox 605 2425 913 2498; x_wconf 72' lang='lat' dir='ltr'><strong>ignoravit?</strong></span> <span class='ocrx_word' id='word_1_205' title='bbox 942 2422 1071 2477; x_wconf 82' lang='lat' dir='ltr'><strong>Nam</strong></span> <span class='ocrx_word' id='word_1_206' title='bbox 1094 2422 1184 2492; x_wconf 91' lang='lat' dir='ltr'><strong>qui</strong></span> <span class='ocrx_word' id='word_1_207' title='bbox 1215 2420 1407 2475; x_wconf 69' lang='lat' dir='ltr'><strong>smcula</strong></span> <span class='ocrx_word' id='word_1_208' title='bbox 1452 2418 1577 2473; x_wconf 88' lang='lat' dir='ltr'><strong>fecit</strong></span> <span class='ocrx_word' id='word_1_209' title='bbox 1597 2457 1612 2483; x_wconf 93' lang='lat'><strong>,</strong></span> <span class='ocrx_word' id='word_1_210' title='bbox 1641 2432 1771 2471; x_wconf 89' lang='lat' dir='ltr'><strong>sane</strong></span> <span class='ocrx_word' id='word_1_211' title='bbox 1795 2416 1922 2472; x_wconf 88' lang='lat' dir='ltr'><strong>fecit</strong></span> <span class='ocrx_word' id='word_1_212' title='bbox 1952 2425 2023 2470; x_wconf 85' lang='lat' dir='ltr'><strong>et.</strong></span> 
     </span>
    </p>
   </div>
   <div class='ocr_carea' id='block_1_26' title="bbox 426 2507 2007 2589">
    <p class='ocr_par' dir='ltr' id='par_1_26' title="bbox 426 2507 2007 2589">
     <span class='ocr_line' id='line_1_26' title="bbox 426 2507 2007 2589; baseline -0.009 -14"><span class='ocrx_word' id='word_1_213' title='bbox 426 2530 699 2589; x_wconf 87' lang='lat' dir='ltr'><strong>tempora;</strong></span> <span class='ocrx_word' id='word_1_214' title='bbox 750 2518 796 2573; x_wconf 88' lang='lat' dir='ltr'><strong>si</strong></span> <span class='ocrx_word' id='word_1_215' title='bbox 847 2525 1082 2585; x_wconf 88' lang='lat' dir='ltr'><strong>tempora</strong></span> <span class='ocrx_word' id='word_1_216' title='bbox 1108 2554 1124 2579; x_wconf 95' lang='lat'><strong>,</strong></span> <span class='ocrx_word' id='word_1_217' title='bbox 1157 2514 1321 2568; x_wconf 87' lang='lat' dir='ltr'><strong>etiam</strong></span> <span class='ocrx_word' id='word_1_218' title='bbox 1370 2511 1512 2566; x_wconf 91' lang='lat' dir='ltr'><strong>diem</strong></span> <span class='ocrx_word' id='word_1_219' title='bbox 1543 2528 1556 2562; x_wconf 88' lang='lat'><strong>:</strong></span> <span class='ocrx_word' id='word_1_220' title='bbox 1587 2507 1854 2579; x_wconf 88' lang='lat' dir='ltr'><strong>quomodo</strong></span> <span class='ocrx_word' id='word_1_221' title='bbox 1879 2523 2007 2576; x_wconf 80' lang='lat' dir='ltr'><strong>ergo</strong></span> 
     </span>
    </p>
   </div>
   <div class='ocr_carea' id='block_1_27' title="bbox 424 2605 1034 2682">
    <p class='ocr_par' dir='ltr' id='par_1_27' title="bbox 424 2605 1034 2682">
     <span class='ocr_line' id='line_1_27' title="bbox 424 2605 1034 2682; baseline -0.011 -17"><span class='ocrx_word' id='word_1_222' title='bbox 424 2626 586 2682; x_wconf 88' lang='lat' dir='ltr'><strong>quam</strong></span> <span class='ocrx_word' id='word_1_223' title='bbox 636 2609 760 2664; x_wconf 81' lang='lat' dir='ltr'><strong>fecit</strong></span> <span class='ocrx_word' id='word_1_224' title='bbox 788 2605 1034 2678; x_wconf 82' lang='lat' dir='ltr'><strong>ignorat?</strong></span> 
     </span>
    </p>
   </div>
   <div class='ocr_carea' id='block_1_28' title="bbox 494 2692 2001 2767">
    <p class='ocr_par' dir='ltr' id='par_1_28' title="bbox 494 2692 2001 2767">
     <span class='ocr_line' id='line_1_28' title="bbox 494 2692 2001 2767; baseline -0.006 -14"><span class='ocrx_word' id='word_1_225' title='bbox 494 2700 547 2753; x_wconf 72' lang='lat'><strong>2.</strong></span> <span class='ocrx_word' id='word_1_226' title='bbox 581 2700 647 2754; x_wconf 83' lang='lat' dir='ltr'><strong>Et</strong></span> <span class='ocrx_word' id='word_1_227' title='bbox 668 2714 765 2753; x_wconf 90' lang='lat' dir='ltr'><strong>vos</strong></span> <span class='ocrx_word' id='word_1_228' title='bbox 808 2696 1021 2767; x_wconf 88' lang='lat' dir='ltr'><strong>quidem</strong></span> <span class='ocrx_word' id='word_1_229' title='bbox 1057 2694 1172 2763; x_wconf 87' lang='lat' dir='ltr'><strong>ejus</strong></span> <span class='ocrx_word' id='word_1_230' title='bbox 1208 2708 1417 2764; x_wconf 85' lang='lat' dir='ltr'><strong>quoque</strong></span> <span class='ocrx_word' id='word_1_231' title='bbox 1462 2692 1809 2746; x_wconf 83' lang='lat' dir='ltr'><strong>substantiam</strong></span> <span class='ocrx_word' id='word_1_232' title='bbox 1840 2705 2001 2744; x_wconf 77' lang='lat' dir='ltr'><strong>nosse</strong></span> 
     </span>
    </p>
   </div>
   <div class='ocr_carea' id='block_1_29' title="bbox 429 2779 2002 2859">
    <p class='ocr_par' dir='ltr' id='par_1_29' title="bbox 429 2779 2002 2859">
     <span class='ocr_line' id='line_1_29' title="bbox 429 2779 2002 2859; baseline -0.008 -15"><span class='ocrx_word' id='word_1_233' title='bbox 429 2790 605 2845; x_wconf 87' lang='lat' dir='ltr'><strong>dicitis</strong></span> <span class='ocrx_word' id='word_1_234' title='bbox 627 2786 723 2859; x_wconf 90' lang='lat' dir='ltr'><strong>(a),</strong></span> <span class='ocrx_word' id='word_1_235' title='bbox 752 2795 807 2840; x_wconf 90' lang='lat' dir='ltr'><strong>et</strong></span> <span class='ocrx_word' id='word_1_236' title='bbox 833 2787 1019 2840; x_wconf 87' lang='lat' dir='ltr'><strong>Filium</strong></span> <span class='ocrx_word' id='word_1_237' title='bbox 1048 2799 1218 2852; x_wconf 86' lang='lat' dir='ltr'><strong>neque</strong></span> <span class='ocrx_word' id='word_1_238' title='bbox 1242 2782 1383 2836; x_wconf 90' lang='lat' dir='ltr'><strong>diem</strong></span> <span class='ocrx_word' id='word_1_239' title='bbox 1415 2782 1553 2837; x_wconf 91' lang='lat' dir='ltr'><strong>scire</strong></span> <span class='ocrx_word' id='word_1_240' title='bbox 1581 2782 1757 2844; x_wconf 87' lang='lat' dir='ltr'><strong>vultis,</strong></span> <span class='ocrx_word' id='word_1_241' title='bbox 1789 2779 2002 2845; x_wconf 86' lang='lat' dir='ltr'><strong>Filium,</strong></span> 
     </span>
    </p>
   </div>
   <div class='ocr_carea' id='block_1_30' title="bbox 426 2871 2010 2951">
    <p class='ocr_par' dir='ltr' id='par_1_30' title="bbox 426 2871 2010 2951">
     <span class='ocr_line' id='line_1_30' title="bbox 426 2871 2010 2951; baseline -0.004 -21"><span class='ocrx_word' id='word_1_242' title='bbox 426 2882 516 2951; x_wconf 89' lang='lat' dir='ltr'><strong>qui</strong></span> <span class='ocrx_word' id='word_1_243' title='bbox 562 2892 775 2947; x_wconf 85' lang='lat' dir='ltr'><strong>semper</strong></span> <span class='ocrx_word' id='word_1_244' title='bbox 797 2886 880 2931; x_wconf 87' lang='lat' dir='ltr'><strong>est</strong></span> <span class='ocrx_word' id='word_1_245' title='bbox 922 2875 974 2929; x_wconf 90' lang='lat' dir='ltr'><strong>in</strong></span> <span class='ocrx_word' id='word_1_246' title='bbox 1004 2873 1121 2928; x_wconf 89' lang='lat' dir='ltr'><strong>sinu</strong></span> <span class='ocrx_word' id='word_1_247' title='bbox 1154 2873 1323 2926; x_wconf 83' lang='lat' dir='ltr'><strong>Patris</strong></span> <span class='ocrx_word' id='word_1_248' title='bbox 1343 2915 1357 2935; x_wconf 92' lang='lat'><strong>,</strong></span> <span class='ocrx_word' id='word_1_249' title='bbox 1389 2887 1706 2941; x_wconf 88' lang='lat' dir='ltr'><strong>quamquam</strong></span> <span class='ocrx_word' id='word_1_250' title='bbox 1736 2871 1904 2939; x_wconf 87' lang='lat' dir='ltr'><strong>major</strong></span> <span class='ocrx_word' id='word_1_251' title='bbox 1928 2880 2010 2925; x_wconf 90' lang='lat' dir='ltr'><strong>est</strong></span> 
     </span>
    </p>
   </div>
   <div class='ocr_carea' id='block_1_31' title="bbox 428 2960 2006 3037">
    <p class='ocr_par' dir='ltr' id='par_1_31' title="bbox 428 2960 2006 3037">
     <span class='ocr_line' id='line_1_31' title="bbox 428 2960 2006 3037; baseline -0.006 -13"><span class='ocrx_word' id='word_1_252' title='bbox 428 2971 523 3024; x_wconf 90' lang='lat' dir='ltr'><strong>illa</strong></span> <span class='ocrx_word' id='word_1_253' title='bbox 545 2968 838 3037; x_wconf 84' lang='lat' dir='ltr'><strong>substantia</strong></span> <span class='ocrx_word' id='word_1_254' title='bbox 865 2980 1021 3035; x_wconf 91' lang='lat' dir='ltr'><strong>quam</strong></span> <span class='ocrx_word' id='word_1_255' title='bbox 1052 2962 1167 3018; x_wconf 91' lang='lat' dir='ltr'><strong>dies</strong></span> <span class='ocrx_word' id='word_1_256' title='bbox 1187 3004 1200 3026; x_wconf 94' lang='lat'><strong>,</strong></span> <span class='ocrx_word' id='word_1_257' title='bbox 1233 2963 1338 3016; x_wconf 92' lang='lat' dir='ltr'><strong>imo</strong></span> <span class='ocrx_word' id='word_1_258' title='bbox 1367 2961 1617 3015; x_wconf 82' lang='lat' dir='ltr'><strong>infinities</strong></span> <span class='ocrx_word' id='word_1_259' title='bbox 1648 2961 1835 3029; x_wconf 83' lang='lat' dir='ltr'><strong>major.</strong></span> <span class='ocrx_word' id='word_1_260' title='bbox 1861 2960 2006 3026; x_wconf 82' lang='lat' dir='ltr'><strong>Quo—</strong></span> 
     </span>
    </p>
   </div>
   <div class='ocr_carea' id='block_1_32' title="bbox 430 3053 2009 3129">
    <p class='ocr_par' dir='ltr' id='par_1_32' title="bbox 430 3053 2009 3129">
     <span class='ocr_line' id='line_1_32' title="bbox 430 3053 2009 3129; baseline -0.006 -12"><span class='ocrx_word' id='word_1_261' title='bbox 430 3062 590 3117; x_wconf 84' lang='lat' dir='ltr'><strong>modo</strong></span> <span class='ocrx_word' id='word_1_262' title='bbox 616 3059 773 3129; x_wconf 78' lang='lat' dir='ltr'><strong>igitur</strong></span> <span class='ocrx_word' id='word_1_263' title='bbox 794 3057 917 3112; x_wconf 94' lang='lat' dir='ltr'><strong>dum</strong></span> <span class='ocrx_word' id='word_1_264' title='bbox 948 3056 998 3111; x_wconf 94' lang='lat' dir='ltr'><strong>id</strong></span> <span class='ocrx_word' id='word_1_265' title='bbox 1028 3055 1167 3126; x_wconf 90' lang='lat' dir='ltr'><strong>quod</strong></span> <span class='ocrx_word' id='word_1_266' title='bbox 1192 3055 1363 3123; x_wconf 87' lang='lat' dir='ltr'><strong>majus</strong></span> <span class='ocrx_word' id='word_1_267' title='bbox 1382 3063 1463 3108; x_wconf 90' lang='lat' dir='ltr'><strong>est</strong></span> <span class='ocrx_word' id='word_1_268' title='bbox 1495 3054 1643 3108; x_wconf 83' lang='lat' dir='ltr'><strong>vobis</strong></span> <span class='ocrx_word' id='word_1_269' title='bbox 1671 3053 1917 3117; x_wconf 85' lang='lat' dir='ltr'><strong>tribuitis,</strong></span> <span class='ocrx_word' id='word_1_270' title='bbox 1943 3068 2009 3107; x_wconf 90' lang='lat' dir='ltr'><strong>ne</strong></span> 
     </span>
    </p>
   </div>
   <div class='ocr_carea' id='block_1_33' title="bbox 428 3143 2009 3222">
    <p class='ocr_par' dir='ltr' id='par_1_33' title="bbox 428 3143 2009 3222">
     <span class='ocr_line' id='line_1_33' title="bbox 428 3143 2009 3222; baseline -0.007 -15"><span class='ocrx_word' id='word_1_271' title='bbox 428 3153 481 3207; x_wconf 91' lang='lat' dir='ltr'><strong>id</strong></span> <span class='ocrx_word' id='word_1_272' title='bbox 519 3149 735 3222; x_wconf 81' lang='lat' dir='ltr'><strong>quidem</strong></span> <span class='ocrx_word' id='word_1_273' title='bbox 772 3147 913 3219; x_wconf 91' lang='lat' dir='ltr'><strong>quod</strong></span> <span class='ocrx_word' id='word_1_274' title='bbox 958 3148 1132 3201; x_wconf 81' lang='lat' dir='ltr'><strong>minus</strong></span> <span class='ocrx_word' id='word_1_275' title='bbox 1172 3154 1256 3201; x_wconf 88' lang='lat' dir='ltr'><strong>est</strong></span> <span class='ocrx_word' id='word_1_276' title='bbox 1301 3144 1434 3199; x_wconf 86' lang='lat' dir='ltr'><strong>Filio</strong></span> <span class='ocrx_word' id='word_1_277' title='bbox 1461 3144 1751 3199; x_wconf 86' lang='lat' dir='ltr'><strong>conceditis</strong></span> <span class='ocrx_word' id='word_1_278' title='bbox 1776 3186 1789 3207; x_wconf 88' lang='lat'><strong>,</strong></span> <span class='ocrx_word' id='word_1_279' title='bbox 1818 3143 1884 3196; x_wconf 86' lang='lat' dir='ltr'><strong>In</strong></span> <span class='ocrx_word' id='word_1_280' title='bbox 1913 3159 2009 3212; x_wconf 90' lang='lat' dir='ltr'><strong>quo</strong></span> 
     </span>
    </p>
   </div>
   <div class='ocr_carea' id='block_1_34' title="bbox 426 3237 2009 3308">
    <p class='ocr_par' dir='ltr' id='par_1_34' title="bbox 426 3237 2009 3308">
     <span class='ocr_line' id='line_1_34' title="bbox 426 3237 2009 3308; baseline -0.005 -9"><span class='ocrx_word' id='word_1_281' title='bbox 426 3254 542 3300; x_wconf 84' lang='lat' dir='ltr'><strong>sunt</strong></span> <span class='ocrx_word' id='word_1_282' title='bbox 567 3242 847 3297; x_wconf 84' lang='lat' dir='ltr'><strong>absconditi</strong></span> <span class='ocrx_word' id='word_1_283' title='bbox 886 3257 1055 3295; x_wconf 88' lang='lat' dir='ltr'><strong>omnes</strong></span> <span class='ocrx_word' id='word_1_284' title='bbox 1088 3240 1307 3293; x_wconf 75' lang='lat' dir='ltr'><strong>thesauri</strong></span> <span class='ocrx_word' id='word_1_285' title='bbox 1343 3239 1603 3307; x_wconf 72' lang='lat' dir='ltr'><strong>sapientia:</strong></span> <span class='ocrx_word' id='word_1_286' title='bbox 1627 3246 1674 3291; x_wconf 84' lang='lat' dir='ltr'><strong>ct</strong></span> <span class='ocrx_word' id='word_1_287' title='bbox 1714 3237 2009 3308; x_wconf 74' lang='lat' dir='ltr'><strong>cognitionis</strong></span> 
     </span>
    </p>
   </div>
   <div class='ocr_carea' id='block_1_35' title="bbox 429 3331 2013 3407">
    <p class='ocr_par' dir='ltr' id='par_1_35' title="bbox 429 3331 2013 3407">
     <span class='ocr_line' id='line_1_35' title="bbox 429 3331 2013 3407; baseline -0.004 -16"><span class='ocrx_word' id='word_1_288' title='bbox 429 3337 566 3407; x_wconf 83' lang='lat' dir='ltr'><strong>(Col.</strong></span> <span class='ocrx_word' id='word_1_289' title='bbox 593 3336 647 3390; x_wconf 70' lang='lat'><strong>2.</strong></span> <span class='ocrx_word' id='word_1_290' title='bbox 682 3338 734 3403; x_wconf 77' lang='lat'><strong>3)</strong></span> <span class='ocrx_word' id='word_1_291' title='bbox 753 3336 776 3387; x_wconf 74' lang='grc' dir='ltr'><strong>’ἰ</strong></span> <span class='ocrx_word' id='word_1_292' title='bbox 796 3332 901 3389; x_wconf 89' lang='lat' dir='ltr'><strong>Sed</strong></span> <span class='ocrx_word' id='word_1_293' title='bbox 928 3348 1101 3402; x_wconf 89' lang='lat' dir='ltr'><strong>neque</strong></span> <span class='ocrx_word' id='word_1_294' title='bbox 1129 3346 1223 3386; x_wconf 89' lang='lat' dir='ltr'><strong>vos</strong></span> <span class='ocrx_word' id='word_1_295' title='bbox 1250 3331 1398 3387; x_wconf 85' lang='lat' dir='ltr'><strong>scitis</strong></span> <span class='ocrx_word' id='word_1_296' title='bbox 1418 3346 1534 3400; x_wconf 78' lang='lat' dir='ltr'><strong>quae</strong></span> <span class='ocrx_word' id='word_1_297' title='bbox 1558 3331 1628 3385; x_wconf 88' lang='lat' dir='ltr'><strong>sit</strong></span> <span class='ocrx_word' id='word_1_298' title='bbox 1656 3332 1744 3385; x_wconf 89' lang='lat' dir='ltr'><strong>Dei</strong></span> <span class='ocrx_word' id='word_1_299' title='bbox 1767 3331 2013 3384; x_wconf 79' lang='lat' dir='ltr'><strong>substan-</strong></span> 
     </span>
    </p>
   </div>
   <div class='ocr_carea' id='block_1_36' title="bbox 430 3422 2012 3493">
    <p class='ocr_par' dir='ltr' id='par_1_36' title="bbox 430 3422 2012 3493">
     <span class='ocr_line' id='line_1_36' title="bbox 430 3422 2012 3493; baseline -0.003 -10"><span class='ocrx_word' id='word_1_300' title='bbox 430 3431 501 3484; x_wconf 83' lang='lat' dir='ltr'><strong>tia</strong></span> <span class='ocrx_word' id='word_1_301' title='bbox 520 3471 535 3492; x_wconf 86' lang='lat'><strong>,</strong></span> <span class='ocrx_word' id='word_1_302' title='bbox 564 3427 771 3483; x_wconf 88' lang='lat' dir='ltr'><strong>etiamsi</strong></span> <span class='ocrx_word' id='word_1_303' title='bbox 799 3425 993 3481; x_wconf 88' lang='lat' dir='ltr'><strong>millies</strong></span> <span class='ocrx_word' id='word_1_304' title='bbox 1028 3423 1080 3477; x_wconf 88' lang='lat' dir='ltr'><strong>id</strong></span> <span class='ocrx_word' id='word_1_305' title='bbox 1120 3424 1302 3478; x_wconf 87' lang='lat' dir='ltr'><strong>insane</strong></span> <span class='ocrx_word' id='word_1_306' title='bbox 1323 3422 1618 3486; x_wconf 80' lang='lat' dir='ltr'><strong>afﬁrmetis,</strong></span> <span class='ocrx_word' id='word_1_307' title='bbox 1653 3438 1822 3493; x_wconf 90' lang='lat' dir='ltr'><strong>neque</strong></span> <span class='ocrx_word' id='word_1_308' title='bbox 1849 3423 2012 3479; x_wconf 86' lang='lat' dir='ltr'><strong>Filius</strong></span> 
     </span>
    </p>
   </div>
   <div class='ocr_carea' id='block_1_37' title="bbox 430 3513 2011 3589">
    <p class='ocr_par' dir='ltr' id='par_1_37' title="bbox 430 3513 2011 3589">
     <span class='ocr_line' id='line_1_37' title="bbox 430 3513 2011 3589; baseline -0.004 -14"><span class='ocrx_word' id='word_1_309' title='bbox 430 3522 574 3577; x_wconf 89' lang='lat' dir='ltr'><strong>diem</strong></span> <span class='ocrx_word' id='word_1_310' title='bbox 603 3520 831 3589; x_wconf 74' lang='lat' dir='ltr'><strong>ignorat,</strong></span> <span class='ocrx_word' id='word_1_311' title='bbox 859 3516 952 3571; x_wconf 91' lang='lat' dir='ltr'><strong>sed</strong></span> <span class='ocrx_word' id='word_1_312' title='bbox 982 3515 1147 3585; x_wconf 87' lang='lat' dir='ltr'><strong>probe</strong></span> <span class='ocrx_word' id='word_1_313' title='bbox 1176 3514 1321 3569; x_wconf 91' lang='lat' dir='ltr'><strong>novit</strong></span> <span class='ocrx_word' id='word_1_314' title='bbox 1348 3513 1512 3568; x_wconf 84' lang='lat' dir='ltr'><strong>illam.</strong></span> <span class='ocrx_word' id='word_1_315' title='bbox 1538 3513 1661 3569; x_wconf 90' lang='lat' dir='ltr'><strong>Ideo</strong></span> <span class='ocrx_word' id='word_1_316' title='bbox 1686 3529 1806 3569; x_wconf 92' lang='lat' dir='ltr'><strong>cum</strong></span> <span class='ocrx_word' id='word_1_317' title='bbox 1835 3515 2011 3570; x_wconf 87' lang='lat' dir='ltr'><strong>omnia</strong></span> 
     </span>
    </p>
   </div>
   <div class='ocr_carea' id='block_1_38' title="bbox 430 3607 2013 3680">
    <p class='ocr_par' dir='ltr' id='par_1_38' title="bbox 430 3607 2013 3680">
     <span class='ocr_line' id='line_1_38' title="bbox 430 3607 2013 3680; baseline -0.004 -13"><span class='ocrx_word' id='word_1_318' title='bbox 430 3613 671 3676; x_wconf 88' lang='lat' dir='ltr'><strong>dixisset,</strong></span> <span class='ocrx_word' id='word_1_319' title='bbox 704 3619 758 3667; x_wconf 92' lang='lat' dir='ltr'><strong>ct</strong></span> <span class='ocrx_word' id='word_1_320' title='bbox 781 3617 1054 3680; x_wconf 90' lang='lat' dir='ltr'><strong>tempora,</strong></span> <span class='ocrx_word' id='word_1_321' title='bbox 1083 3616 1137 3663; x_wconf 92' lang='lat' dir='ltr'><strong>et</strong></span> <span class='ocrx_word' id='word_1_322' title='bbox 1161 3615 1448 3672; x_wconf 90' lang='lat' dir='ltr'><strong>momenta,</strong></span> <span class='ocrx_word' id='word_1_323' title='bbox 1482 3614 1536 3661; x_wconf 89' lang='lat' dir='ltr'><strong>et</strong></span> <span class='ocrx_word' id='word_1_324' title='bbox 1562 3607 1626 3661; x_wconf 87' lang='lat' dir='ltr'><strong>ad</strong></span> <span class='ocrx_word' id='word_1_325' title='bbox 1660 3608 1800 3676; x_wconf 88' lang='lat' dir='ltr'><strong>ipsas</strong></span> <span class='ocrx_word' id='word_1_326' title='bbox 1823 3607 2013 3677; x_wconf 86' lang='lat' dir='ltr'><strong>januas</strong></span> 
     </span>
    </p>
   </div>
   <div class='ocr_carea' id='block_1_39' title="bbox 430 3695 2007 3771">
    <p class='ocr_par' dir='ltr' id='par_1_39' title="bbox 430 3695 2007 3771">
     <span class='ocr_line' id='line_1_39' title="bbox 430 3695 2007 3771; baseline -0.005 -12"><span class='ocrx_word' id='word_1_327' title='bbox 430 3703 670 3759; x_wconf 72' lang='lat' dir='ltr'><strong>duxisset</strong></span> <span class='ocrx_word' id='word_1_328' title='bbox 702 3701 860 3771; x_wconf 88' lang='lat' dir='ltr'><strong>(nam</strong></span> <span class='ocrx_word' id='word_1_329' title='bbox 888 3700 962 3754; x_wconf 90' lang='lat' dir='ltr'><strong>ait</strong></span> <span class='ocrx_word' id='word_1_330' title='bbox 987 3739 1006 3767; x_wconf 93' lang='lat'><strong>,</strong></span> <span class='ocrx_word' id='word_1_331' title='bbox 1036 3697 1203 3768; x_wconf 82' lang='lat' dir='ltr'><strong>Prope</strong></span> <span class='ocrx_word' id='word_1_332' title='bbox 1223 3706 1296 3752; x_wconf 84' lang='lat' dir='ltr'><strong>est</strong></span> <span class='ocrx_word' id='word_1_333' title='bbox 1318 3699 1370 3751; x_wconf 88' lang='lat' dir='ltr'><strong>in</strong></span> <span class='ocrx_word' id='word_1_334' title='bbox 1384 3695 1594 3769; x_wconf 84' lang='lat' dir='ltr'><strong>januis)</strong></span> <span class='ocrx_word' id='word_1_335' title='bbox 1614 3740 1630 3763; x_wconf 94' lang='lat'><strong>,</strong></span> <span class='ocrx_word' id='word_1_336' title='bbox 1659 3696 1800 3751; x_wconf 86' lang='lat' dir='ltr'><strong>diem</strong></span> <span class='ocrx_word' id='word_1_337' title='bbox 1828 3698 2007 3752; x_wconf 89' lang='lat' dir='ltr'><strong>tacuit.</strong></span> 
     </span>
    </p>
   </div>
   <div class='ocr_carea' id='block_1_40' title="bbox 432 3787 2014 3857">
    <p class='ocr_par' dir='ltr' id='par_1_40' title="bbox 432 3787 2014 3857">
     <span class='ocr_line' id='line_1_40' title="bbox 432 3787 2014 3857; baseline -0.005 -8"><span class='ocrx_word' id='word_1_338' title='bbox 432 3794 564 3850; x_wconf 82' lang='lat' dir='ltr'><strong>Nam</strong></span> <span class='ocrx_word' id='word_1_339' title='bbox 590 3794 633 3848; x_wconf 89' lang='lat' dir='ltr'><strong>si</strong></span> <span class='ocrx_word' id='word_1_340' title='bbox 658 3792 799 3848; x_wconf 92' lang='lat' dir='ltr'><strong>diem</strong></span> <span class='ocrx_word' id='word_1_341' title='bbox 828 3801 882 3847; x_wconf 91' lang='lat' dir='ltr'><strong>et</strong></span> <span class='ocrx_word' id='word_1_342' title='bbox 908 3789 1094 3845; x_wconf 88' lang='lat' dir='ltr'><strong>horam</strong></span> <span class='ocrx_word' id='word_1_343' title='bbox 1121 3803 1353 3857; x_wconf 70' lang='lat' dir='ltr'><strong>qumras,</strong></span> <span class='ocrx_word' id='word_1_344' title='bbox 1388 3804 1492 3841; x_wconf 89' lang='lat' dir='ltr'><strong>non</strong></span> <span class='ocrx_word' id='word_1_345' title='bbox 1527 3787 1712 3842; x_wconf 88' lang='lat' dir='ltr'><strong>audies</strong></span> <span class='ocrx_word' id='word_1_346' title='bbox 1734 3804 1765 3841; x_wconf 91' lang='lat' dir='ltr'><strong>a</strong></span> <span class='ocrx_word' id='word_1_347' title='bbox 1796 3804 1902 3851; x_wconf 90' lang='lat' dir='ltr'><strong>me,</strong></span> <span class='ocrx_word' id='word_1_348' title='bbox 1935 3788 2014 3842; x_wconf 91' lang='lat' dir='ltr'><strong>in-</strong></span> 
     </span>
    </p>
   </div>
   <div class='ocr_carea' id='block_1_41' title="bbox 431 3879 2012 3956">
    <p class='ocr_par' dir='ltr' id='par_1_41' title="bbox 431 3879 2012 3956">
     <span class='ocr_line' id='line_1_41' title="bbox 431 3879 2012 3956; baseline -0.001 -21"><span class='ocrx_word' id='word_1_349' title='bbox 431 3886 586 3956; x_wconf 87' lang='lat' dir='ltr'><strong>quit;</strong></span> <span class='ocrx_word' id='word_1_350' title='bbox 617 3885 698 3938; x_wconf 91' lang='lat' dir='ltr'><strong>sin</strong></span> <span class='ocrx_word' id='word_1_351' title='bbox 731 3891 967 3951; x_wconf 85' lang='lat' dir='ltr'><strong>tempora</strong></span> <span class='ocrx_word' id='word_1_352' title='bbox 993 3888 1049 3935; x_wconf 91' lang='lat' dir='ltr'><strong>et</strong></span> <span class='ocrx_word' id='word_1_353' title='bbox 1084 3879 1228 3933; x_wconf 86' lang='lat' dir='ltr'><strong>initia</strong></span> <span class='ocrx_word' id='word_1_354' title='bbox 1254 3919 1270 3945; x_wconf 95' lang='lat'><strong>,</strong></span> <span class='ocrx_word' id='word_1_355' title='bbox 1304 3879 1433 3932; x_wconf 90' lang='lat' dir='ltr'><strong>nihil</strong></span> <span class='ocrx_word' id='word_1_356' title='bbox 1457 3879 1645 3933; x_wconf 88' lang='lat' dir='ltr'><strong>celabo</strong></span> <span class='ocrx_word' id='word_1_357' title='bbox 1669 3919 1684 3942; x_wconf 92' lang='lat'><strong>,</strong></span> <span class='ocrx_word' id='word_1_358' title='bbox 1714 3879 1808 3933; x_wconf 89' lang='lat' dir='ltr'><strong>sed</strong></span> <span class='ocrx_word' id='word_1_359' title='bbox 1836 3879 2012 3933; x_wconf 87' lang='lat' dir='ltr'><strong>omnia</strong></span> 
     </span>
    </p>
   </div>
   <div class='ocr_carea' id='block_1_42' title="bbox 433 3972 2011 4043">
    <p class='ocr_par' dir='ltr' id='par_1_42' title="bbox 433 3972 2011 4043">
     <span class='ocr_line' id='line_1_42' title="bbox 433 3972 2011 4043; baseline -0.003 -10"><span class='ocrx_word' id='word_1_360' title='bbox 433 3979 527 4033; x_wconf 90' lang='lat' dir='ltr'><strong>tibi</strong></span> <span class='ocrx_word' id='word_1_361' title='bbox 573 3983 819 4031; x_wconf 86' lang='lat' dir='ltr'><strong>accurate</strong></span> <span class='ocrx_word' id='word_1_362' title='bbox 855 3973 1049 4028; x_wconf 88' lang='lat' dir='ltr'><strong>dicam.</strong></span> <span class='ocrx_word' id='word_1_363' title='bbox 1087 3972 1239 4037; x_wconf 85' lang='lat' dir='ltr'><strong>Quod</strong></span> <span class='ocrx_word' id='word_1_364' title='bbox 1291 3972 1433 4026; x_wconf 89' lang='lat' dir='ltr'><strong>enim</strong></span> <span class='ocrx_word' id='word_1_365' title='bbox 1474 3988 1581 4027; x_wconf 90' lang='lat' dir='ltr'><strong>non</strong></span> <span class='ocrx_word' id='word_1_366' title='bbox 1625 3972 1862 4041; x_wconf 76' lang='lat' dir='ltr'><strong>ignorem</strong></span> <span class='ocrx_word' id='word_1_367' title='bbox 1902 3973 2011 4043; x_wconf 89' lang='lat' dir='ltr'><strong>jam</strong></span> 
     </span>
    </p>
   </div>
   <div class='ocr_carea' id='block_1_43' title="bbox 434 4064 2015 4130">
    <p class='ocr_par' dir='ltr' id='par_1_43' title="bbox 434 4064 2015 4130">
     <span class='ocr_line' id='line_1_43' title="bbox 434 4064 2015 4130; baseline -0.003 -6"><span class='ocrx_word' id='word_1_368' title='bbox 434 4067 617 4124; x_wconf 90' lang='lat' dir='ltr'><strong>multis</strong></span> <span class='ocrx_word' id='word_1_369' title='bbox 639 4065 870 4130; x_wconf 85' lang='lat' dir='ltr'><strong>ostendi,</strong></span> <span class='ocrx_word' id='word_1_370' title='bbox 896 4064 1063 4130; x_wconf 78' lang='lat' dir='ltr'><strong>Spatia</strong></span> <span class='ocrx_word' id='word_1_371' title='bbox 1091 4072 1388 4130; x_wconf 89' lang='lat' dir='ltr'><strong>temporum</strong></span> <span class='ocrx_word' id='word_1_372' title='bbox 1419 4071 1471 4115; x_wconf 91' lang='lat' dir='ltr'><strong>et</strong></span> <span class='ocrx_word' id='word_1_373' title='bbox 1491 4077 1610 4130; x_wconf 63' lang='lat' dir='ltr'><strong>quae</strong></span> <span class='ocrx_word' id='word_1_374' title='bbox 1638 4072 1863 4117; x_wconf 86' lang='lat' dir='ltr'><strong>ventura</strong></span> <span class='ocrx_word' id='word_1_375' title='bbox 1889 4075 2015 4120; x_wconf 90' lang='lat' dir='ltr'><strong>sunt</strong></span> 
     </span>
    </p>
   </div>
   <div class='ocr_carea' id='block_1_44' title="bbox 432 4152 2015 4221">
    <p class='ocr_par' dir='ltr' id='par_1_44' title="bbox 432 4152 2015 4221">
     <span class='ocr_line' id='line_1_44' title="bbox 432 4152 2015 4221; baseline 0.001 -12"><span class='ocrx_word' id='word_1_376' title='bbox 432 4157 612 4211; x_wconf 85' lang='lat' dir='ltr'><strong>omnia</strong></span> <span class='ocrx_word' id='word_1_377' title='bbox 642 4154 749 4208; x_wconf 93' lang='lat' dir='ltr'><strong>dixi</strong></span> <span class='ocrx_word' id='word_1_378' title='bbox 776 4194 790 4219; x_wconf 96' lang='lat'><strong>,</strong></span> <span class='ocrx_word' id='word_1_379' title='bbox 814 4154 1079 4221; x_wconf 88' lang='lat' dir='ltr'><strong>etiamque</strong></span> <span class='ocrx_word' id='word_1_380' title='bbox 1116 4159 1371 4219; x_wconf 88' lang='lat' dir='ltr'><strong>quantum</strong></span> <span class='ocrx_word' id='word_1_381' title='bbox 1414 4152 1484 4207; x_wconf 86' lang='lat' dir='ltr'><strong>sit</strong></span> <span class='ocrx_word' id='word_1_382' title='bbox 1523 4153 1788 4208; x_wconf 90' lang='lat' dir='ltr'><strong>interstitii</strong></span> <span class='ocrx_word' id='word_1_383' title='bbox 1816 4156 1883 4209; x_wconf 87' lang='lat' dir='ltr'><strong>ab</strong></span> <span class='ocrx_word' id='word_1_384' title='bbox 1914 4155 2015 4211; x_wconf 90' lang='lat' dir='ltr'><strong>hoc</strong></span> 
     </span>
    </p>
   </div>
   <div class='ocr_carea' id='block_1_45' title="bbox 434 4241 2015 4315">
    <p class='ocr_par' dir='ltr' id='par_1_45' title="bbox 434 4241 2015 4315">
     <span class='ocr_line' id='line_1_45' title="bbox 434 4241 2015 4315; baseline 0 -14"><span class='ocrx_word' id='word_1_385' title='bbox 434 4258 676 4315; x_wconf 88' lang='lat' dir='ltr'><strong>tempore</strong></span> <span class='ocrx_word' id='word_1_386' title='bbox 701 4257 866 4313; x_wconf 90' lang='lat' dir='ltr'><strong>usque</strong></span> <span class='ocrx_word' id='word_1_387' title='bbox 885 4241 951 4297; x_wconf 88' lang='lat' dir='ltr'><strong>ad</strong></span> <span class='ocrx_word' id='word_1_388' title='bbox 972 4241 1112 4297; x_wconf 89' lang='lat' dir='ltr'><strong>diem</strong></span> <span class='ocrx_word' id='word_1_389' title='bbox 1137 4241 1304 4296; x_wconf 86' lang='lat' dir='ltr'><strong>illam.</strong></span> <span class='ocrx_word' id='word_1_390' title='bbox 1325 4242 1435 4297; x_wconf 90' lang='lat' dir='ltr'><strong>lloc</strong></span> <span class='ocrx_word' id='word_1_391' title='bbox 1452 4243 1592 4297; x_wconf 85' lang='lat' dir='ltr'><strong>enim</strong></span> <span class='ocrx_word' id='word_1_392' title='bbox 1617 4244 1863 4312; x_wconf 87' lang='lat' dir='ltr'><strong>parabola</strong></span> <span class='ocrx_word' id='word_1_393' title='bbox 1885 4246 2015 4301; x_wconf 85' lang='lat' dir='ltr'><strong>licus</strong></span> 
     </span>
    </p>
   </div>
   <div class='ocr_carea' id='block_1_46' title="bbox 433 4332 2014 4405">
    <p class='ocr_par' dir='ltr' id='par_1_46' title="bbox 433 4332 2014 4405">
     <span class='ocr_line' id='line_1_46' title="bbox 433 4332 2014 4405; baseline -0.001 -13"><span class='ocrx_word' id='word_1_394' title='bbox 433 4334 741 4399; x_wconf 86' lang='lat' dir='ltr'><strong>declaravit,</strong></span> <span class='ocrx_word' id='word_1_395' title='bbox 770 4341 825 4388; x_wconf 92' lang='lat' dir='ltr'><strong>et</strong></span> <span class='ocrx_word' id='word_1_396' title='bbox 855 4348 1019 4401; x_wconf 86' lang='lat' dir='ltr'><strong>usque</strong></span> <span class='ocrx_word' id='word_1_397' title='bbox 1046 4332 1111 4385; x_wconf 88' lang='lat' dir='ltr'><strong>ad</strong></span> <span class='ocrx_word' id='word_1_398' title='bbox 1145 4333 1254 4400; x_wconf 84' lang='lat' dir='ltr'><strong>ipsa</strong></span> <span class='ocrx_word' id='word_1_399' title='bbox 1284 4332 1463 4387; x_wconf 87' lang='lat' dir='ltr'><strong>limina</strong></span> <span class='ocrx_word' id='word_1_400' title='bbox 1488 4342 1539 4387; x_wconf 87' lang='lat' dir='ltr'><strong>te</strong></span> <span class='ocrx_word' id='word_1_401' title='bbox 1566 4333 1780 4399; x_wconf 83' lang='lat' dir='ltr'><strong>adduxi;</strong></span> <span class='ocrx_word' id='word_1_402' title='bbox 1810 4336 1946 4405; x_wconf 91' lang='lat' dir='ltr'><strong>quod</strong></span> <span class='ocrx_word' id='word_1_403' title='bbox 1970 4338 2014 4391; x_wconf 90' lang='lat' dir='ltr'><strong>si</strong></span> 
     </span>
    </p>
   </div>
   <div class='ocr_carea' id='block_1_47' title="bbox 427 4422 2013 4498">
    <p class='ocr_par' dir='ltr' id='par_1_47' title="bbox 427 4422 2013 4498">
     <span class='ocr_line' id='line_1_47' title="bbox 427 4422 2013 4498; baseline -0.001 -17"><span class='ocrx_word' id='word_1_404' title='bbox 427 4429 620 4498; x_wconf 85' lang='lat' dir='ltr'><strong>januas</strong></span> <span class='ocrx_word' id='word_1_405' title='bbox 649 4440 752 4478; x_wconf 86' lang='lat' dir='ltr'><strong>non</strong></span> <span class='ocrx_word' id='word_1_406' title='bbox 778 4423 871 4479; x_wconf 89' lang='lat' dir='ltr'><strong>tibi</strong></span> <span class='ocrx_word' id='word_1_407' title='bbox 895 4424 1097 4491; x_wconf 88' lang='lat' dir='ltr'><strong>aperui,</strong></span> <span class='ocrx_word' id='word_1_408' title='bbox 1117 4422 1218 4477; x_wconf 86' lang='lat' dir='ltr'><strong>hoc</strong></span> <span class='ocrx_word' id='word_1_409' title='bbox 1238 4438 1445 4493; x_wconf 83' lang='lat' dir='ltr'><strong>quoque</strong></span> <span class='ocrx_word' id='word_1_410' title='bbox 1472 4423 1538 4477; x_wconf 90' lang='lat' dir='ltr'><strong>ad</strong></span> <span class='ocrx_word' id='word_1_411' title='bbox 1568 4424 1847 4479; x_wconf 87' lang='lat' dir='ltr'><strong>utilitatem</strong></span> <span class='ocrx_word' id='word_1_412' title='bbox 1872 4436 2013 4480; x_wconf 90' lang='lat' dir='ltr'><strong>tuam</strong></span> 
     </span>
    </p>
   </div>
   <div class='ocr_carea' id='block_1_48' title="bbox 440 4514 2014 4585">
    <p class='ocr_par' dir='ltr' id='par_1_48' title="bbox 440 4514 2014 4585">
     <span class='ocr_line' id='line_1_48' title="bbox 440 4514 2014 4585; baseline -0.001 -11"><span class='ocrx_word' id='word_1_413' title='bbox 440 4519 595 4574; x_wconf 75' lang='lat' dir='ltr'><strong>facio.</strong></span> <span class='ocrx_word' id='word_1_414' title='bbox 619 4516 690 4573; x_wconf 89' lang='lat' dir='ltr'><strong>Ut</strong></span> <span class='ocrx_word' id='word_1_415' title='bbox 712 4532 841 4570; x_wconf 88' lang='lat' dir='ltr'><strong>vero</strong></span> <span class='ocrx_word' id='word_1_416' title='bbox 862 4515 1075 4569; x_wconf 86' lang='lat' dir='ltr'><strong>aliunde</strong></span> <span class='ocrx_word' id='word_1_417' title='bbox 1098 4514 1293 4577; x_wconf 86' lang='lat' dir='ltr'><strong>discas,</strong></span> <span class='ocrx_word' id='word_1_418' title='bbox 1319 4529 1423 4568; x_wconf 92' lang='lat' dir='ltr'><strong>non</strong></span> <span class='ocrx_word' id='word_1_419' title='bbox 1451 4530 1515 4569; x_wconf 85' lang='lat' dir='ltr'><strong>ex</strong></span> <span class='ocrx_word' id='word_1_420' title='bbox 1550 4517 1842 4585; x_wconf 80' lang='lat' dir='ltr'><strong>ignorantia</strong></span> <span class='ocrx_word' id='word_1_421' title='bbox 1874 4517 2014 4573; x_wconf 89' lang='lat' dir='ltr'><strong>illius</strong></span> 
     </span>
    </p>
   </div>
   <div class='ocr_carea' id='block_1_49' title="bbox 427 4605 2013 4681">
    <p class='ocr_par' dir='ltr' id='par_1_49' title="bbox 427 4605 2013 4681">
     <span class='ocr_line' id='line_1_49' title="bbox 427 4605 2013 4681; baseline -0.003 -14"><span class='ocrx_word' id='word_1_422' title='bbox 427 4627 554 4667; x_wconf 85' lang='lat' dir='ltr'><strong>esse</strong></span> <span class='ocrx_word' id='word_1_423' title='bbox 584 4608 724 4681; x_wconf 88' lang='lat' dir='ltr'><strong>quod</strong></span> <span class='ocrx_word' id='word_1_424' title='bbox 752 4608 925 4674; x_wconf 87' lang='lat' dir='ltr'><strong>sileat,</strong></span> <span class='ocrx_word' id='word_1_425' title='bbox 950 4605 1068 4660; x_wconf 83' lang='lat' dir='ltr'><strong>vide</strong></span> <span class='ocrx_word' id='word_1_426' title='bbox 1092 4605 1359 4675; x_wconf 91' lang='lat' dir='ltr'><strong>quomodo</strong></span> <span class='ocrx_word' id='word_1_427' title='bbox 1384 4620 1504 4659; x_wconf 90' lang='lat' dir='ltr'><strong>cum</strong></span> <span class='ocrx_word' id='word_1_428' title='bbox 1531 4606 1846 4676; x_wconf 88' lang='lat' dir='ltr'><strong>supradictis</strong></span> <span class='ocrx_word' id='word_1_429' title='bbox 1872 4607 2013 4663; x_wconf 91' lang='lat' dir='ltr'><strong>aliud</strong></span> 
     </span>
    </p>
   </div>
   <div class='ocr_carea' id='block_1_50' title="bbox 432 4696 2016 4769">
    <p class='ocr_par' dir='ltr' id='par_1_50' title="bbox 432 4696 2016 4769">
     <span class='ocr_line' id='line_1_50' title="bbox 432 4696 2016 4769; baseline 0.002 -18"><span class='ocrx_word' id='word_1_430' title='bbox 432 4715 645 4769; x_wconf 85' lang='lat' dir='ltr'><strong>quoque</strong></span> <span class='ocrx_word' id='word_1_431' title='bbox 673 4699 878 4768; x_wconf 82' lang='lat' dir='ltr'><strong>signum</strong></span> <span class='ocrx_word' id='word_1_432' title='bbox 905 4696 1138 4764; x_wconf 88' lang='lat' dir='ltr'><strong>adjiciat.</strong></span> <span class='ocrx_word' id='word_1_433' title='bbox 1162 4696 1250 4751; x_wconf 80' lang='lat'><strong>58.</strong></span> <span class='ocrx_word' id='word_1_434' title='bbox 1286 4696 1429 4750; x_wconf 88' lang='lat' dir='ltr'><strong>Sicut</strong></span> <span class='ocrx_word' id='word_1_435' title='bbox 1455 4705 1621 4750; x_wconf 88' lang='lat' dir='ltr'><strong>autem</strong></span> <span class='ocrx_word' id='word_1_436' title='bbox 1659 4707 1799 4752; x_wconf 86' lang='lat' dir='ltr'><strong>erant</strong></span> <span class='ocrx_word' id='word_1_437' title='bbox 1829 4700 1880 4753; x_wconf 90' lang='lat' dir='ltr'><strong>in</strong></span> <span class='ocrx_word' id='word_1_438' title='bbox 1908 4700 2016 4754; x_wconf 89' lang='lat' dir='ltr'><strong>die-</strong></span> 
     </span>
    </p>
   </div>
   <div class='ocr_carea' id='block_1_51' title="bbox 432 4784 2016 4861">
    <p class='ocr_par' dir='ltr' id='par_1_51' title="bbox 432 4784 2016 4861">
     <span class='ocr_line' id='line_1_51' title="bbox 432 4784 2016 4861; baseline 0.001 -18"><span class='ocrx_word' id='word_1_439' title='bbox 432 4789 524 4843; x_wconf 88' lang='lat' dir='ltr'><strong>bus</strong></span> <span class='ocrx_word' id='word_1_440' title='bbox 565 4788 677 4843; x_wconf 88' lang='lat' dir='ltr'><strong>Noe</strong></span> <span class='ocrx_word' id='word_1_441' title='bbox 723 4788 1035 4842; x_wconf 73' lang='lat' dir='ltr'><strong>comedentes</strong></span> <span class='ocrx_word' id='word_1_442' title='bbox 1089 4794 1136 4839; x_wconf 88' lang='lat' dir='ltr'><strong>et</strong></span> <span class='ocrx_word' id='word_1_443' title='bbox 1189 4784 1405 4840; x_wconf 88' lang='lat' dir='ltr'><strong>bibentes</strong></span> <span class='ocrx_word' id='word_1_444' title='bbox 1430 4828 1443 4849; x_wconf 90' lang='lat'><strong>,</strong></span> <span class='ocrx_word' id='word_1_445' title='bbox 1471 4786 1716 4846; x_wconf 80' lang='lat' dir='ltr'><strong>nubentes</strong></span> <span class='ocrx_word' id='word_1_446' title='bbox 1753 4798 1799 4842; x_wconf 87' lang='lat' dir='ltr'><strong>et</strong></span> <span class='ocrx_word' id='word_1_447' title='bbox 1836 4791 2016 4861; x_wconf 88' lang='lat' dir='ltr'><strong>nuptui</strong></span> 
     </span>
    </p>
   </div>
   <div class='ocr_carea' id='block_1_52' title="bbox 433 4876 2015 4948">
    <p class='ocr_par' dir='ltr' id='par_1_52' title="bbox 433 4876 2015 4948">
     <span class='ocr_line' id='line_1_52' title="bbox 433 4876 2015 4948; baseline 0 -15"><span class='ocrx_word' id='word_1_448' title='bbox 433 4881 717 4942; x_wconf 85' lang='lat' dir='ltr'><strong>tradentes,</strong></span> <span class='ocrx_word' id='word_1_449' title='bbox 749 4894 905 4948; x_wconf 87' lang='lat' dir='ltr'><strong>usque</strong></span> <span class='ocrx_word' id='word_1_450' title='bbox 931 4876 999 4931; x_wconf 89' lang='lat' dir='ltr'><strong>ad</strong></span> <span class='ocrx_word' id='word_1_451' title='bbox 1027 4876 1157 4929; x_wconf 82' lang='lat' dir='ltr'><strong>diem</strong></span> <span class='ocrx_word' id='word_1_452' title='bbox 1180 4914 1199 4942; x_wconf 89' lang='lat'><strong>,</strong></span> <span class='ocrx_word' id='word_1_453' title='bbox 1218 4891 1316 4946; x_wconf 85' lang='lat' dir='ltr'><strong>qua</strong></span> <span class='ocrx_word' id='word_1_454' title='bbox 1345 4877 1595 4946; x_wconf 88' lang='lat' dir='ltr'><strong>ingressus</strong></span> <span class='ocrx_word' id='word_1_455' title='bbox 1614 4887 1686 4931; x_wconf 87' lang='lat' dir='ltr'><strong>est</strong></span> <span class='ocrx_word' id='word_1_456' title='bbox 1716 4878 1828 4932; x_wconf 87' lang='lat' dir='ltr'><strong>Noe</strong></span> <span class='ocrx_word' id='word_1_457' title='bbox 1851 4881 1902 4933; x_wconf 89' lang='lat' dir='ltr'><strong>in</strong></span> <span class='ocrx_word' id='word_1_458' title='bbox 1931 4898 2015 4933; x_wconf 88' lang='lat' dir='ltr'><strong>ar-</strong></span> 
     </span>
    </p>
   </div>
   <div class='ocr_carea' id='block_1_53' title="bbox 434 4967 2014 5039">
    <p class='ocr_par' dir='ltr' id='par_1_53' title="bbox 434 4967 2014 5039">
     <span class='ocr_line' id='line_1_53' title="bbox 434 4967 2014 5039; baseline -0.001 -13"><span class='ocrx_word' id='word_1_459' title='bbox 434 4988 546 5026; x_wconf 87' lang='lat' dir='ltr'><strong>cam</strong></span> <span class='ocrx_word' id='word_1_460' title='bbox 564 5011 584 5039; x_wconf 88' lang='lat'><strong>,</strong></span> <span class='ocrx_word' id='word_1_461' title='bbox 604 4970 693 5026; x_wconf 78' lang='lat'><strong>39.</strong></span> <span class='ocrx_word' id='word_1_462' title='bbox 727 4977 771 5023; x_wconf 86' lang='lat' dir='ltr'><strong>et</strong></span> <span class='ocrx_word' id='word_1_463' title='bbox 797 4985 897 5023; x_wconf 90' lang='lat' dir='ltr'><strong>non</strong></span> <span class='ocrx_word' id='word_1_464' title='bbox 925 4976 1259 5039; x_wconf 84' lang='lat' dir='ltr'><strong>cognoverunt</strong></span> <span class='ocrx_word' id='word_1_465' title='bbox 1279 5009 1295 5031; x_wconf 94' lang='lat'><strong>,</strong></span> <span class='ocrx_word' id='word_1_466' title='bbox 1322 4967 1480 5021; x_wconf 88' lang='lat' dir='ltr'><strong>donec</strong></span> <span class='ocrx_word' id='word_1_467' title='bbox 1500 4969 1629 5020; x_wconf 86' lang='lat' dir='ltr'><strong>venit</strong></span> <span class='ocrx_word' id='word_1_468' title='bbox 1660 4968 1900 5023; x_wconf 84' lang='lat' dir='ltr'><strong>diluvium</strong></span> <span class='ocrx_word' id='word_1_469' title='bbox 1921 5013 1934 5035; x_wconf 92' lang='lat'><strong>,</strong></span> <span class='ocrx_word' id='word_1_470' title='bbox 1965 4982 2014 5025; x_wconf 90' lang='lat' dir='ltr'><strong>et</strong></span> 
     </span>
    </p>
   </div>
   <div class='ocr_carea' id='block_1_54' title="bbox 431 5056 2013 5117">
    <p class='ocr_par' dir='ltr' id='par_1_54' title="bbox 431 5056 2013 5117">
     <span class='ocr_line' id='line_1_54' title="bbox 431 5056 2013 5117; baseline 0.001 -2"><span class='ocrx_word' id='word_1_471' title='bbox 431 5062 636 5117; x_wconf 84' lang='lat' dir='ltr'><strong>abstulit</strong></span> <span class='ocrx_word' id='word_1_472' title='bbox 664 5059 965 5114; x_wconf 85' lang='lat' dir='ltr'><strong>omnes:sic</strong></span> <span class='ocrx_word' id='word_1_473' title='bbox 1001 5059 1093 5113; x_wconf 84' lang='lat' dir='ltr'><strong>erit</strong></span> <span class='ocrx_word' id='word_1_474' title='bbox 1135 5066 1179 5112; x_wconf 88' lang='lat' dir='ltr'><strong>et</strong></span> <span class='ocrx_word' id='word_1_475' title='bbox 1215 5058 1455 5111; x_wconf 76' lang='lat' dir='ltr'><strong>adventus</strong></span> <span class='ocrx_word' id='word_1_476' title='bbox 1484 5056 1612 5112; x_wconf 85' lang='lat' dir='ltr'><strong>Filii</strong></span> <span class='ocrx_word' id='word_1_477' title='bbox 1648 5061 1885 5115; x_wconf 78' lang='lat' dir='ltr'><strong>hominis.</strong></span> <span class='ocrx_word' id='word_1_478' title='bbox 1921 5061 2013 5116; x_wconf 85' lang='lat' dir='ltr'><strong>His</strong></span> 
     </span>
    </p>
   </div>
   <div class='ocr_carea' id='block_1_55' title="bbox 432 5152 2011 5222">
    <p class='ocr_par' dir='ltr' id='par_1_55' title="bbox 432 5152 2011 5222">
     <span class='ocr_line' id='line_1_55' title="bbox 432 5152 2011 5222; baseline -0.001 -12"><span class='ocrx_word' id='word_1_479' title='bbox 432 5166 595 5221; x_wconf 83' lang='lat' dir='ltr'><strong>porro</strong></span> <span class='ocrx_word' id='word_1_480' title='bbox 617 5152 907 5208; x_wconf 88' lang='lat' dir='ltr'><strong>declaravit</strong></span> <span class='ocrx_word' id='word_1_481' title='bbox 929 5168 987 5207; x_wconf 88' lang='lat' dir='ltr'><strong>se</strong></span> <span class='ocrx_word' id='word_1_482' title='bbox 1008 5159 1225 5222; x_wconf 91' lang='lat' dir='ltr'><strong>repente</strong></span> <span class='ocrx_word' id='word_1_483' title='bbox 1241 5160 1295 5207; x_wconf 92' lang='lat' dir='ltr'><strong>et</strong></span> <span class='ocrx_word' id='word_1_484' title='bbox 1319 5165 1423 5205; x_wconf 92' lang='lat' dir='ltr'><strong>non</strong></span> <span class='ocrx_word' id='word_1_485' title='bbox 1441 5160 1799 5221; x_wconf 85' lang='lat' dir='ltr'><strong>exspectatum</strong></span> <span class='ocrx_word' id='word_1_486' title='bbox 1820 5165 2011 5208; x_wconf 90' lang='lat' dir='ltr'><strong>ventu-</strong></span> 
     </span>
    </p>
   </div>
   <div class='ocr_carea' id='block_1_56' title="bbox 431 5242 2014 5311">
    <p class='ocr_par' dir='ltr' id='par_1_56' title="bbox 431 5242 2014 5311">
     <span class='ocr_line' id='line_1_56' title="bbox 431 5242 2014 5311; baseline -0.001 -9"><span class='ocrx_word' id='word_1_487' title='bbox 431 5261 554 5303; x_wconf 90' lang='lat' dir='ltr'><strong>rum</strong></span> <span class='ocrx_word' id='word_1_488' title='bbox 580 5259 697 5301; x_wconf 77' lang='lat' dir='ltr'><strong>esse</strong></span> <span class='ocrx_word' id='word_1_489' title='bbox 720 5286 736 5311; x_wconf 95' lang='lat'><strong>,</strong></span> <span class='ocrx_word' id='word_1_490' title='bbox 767 5242 892 5299; x_wconf 91' lang='lat' dir='ltr'><strong>dum</strong></span> <span class='ocrx_word' id='word_1_491' title='bbox 921 5244 1069 5298; x_wconf 92' lang='lat' dir='ltr'><strong>multi</strong></span> <span class='ocrx_word' id='word_1_492' title='bbox 1105 5243 1156 5297; x_wconf 92' lang='lat' dir='ltr'><strong>in</strong></span> <span class='ocrx_word' id='word_1_493' title='bbox 1181 5243 1387 5299; x_wconf 89' lang='lat' dir='ltr'><strong>deliciis</strong></span> <span class='ocrx_word' id='word_1_494' title='bbox 1416 5252 1593 5299; x_wconf 92' lang='lat' dir='ltr'><strong>erunt.</strong></span> <span class='ocrx_word' id='word_1_495' title='bbox 1620 5242 1771 5310; x_wconf 89' lang='lat' dir='ltr'><strong>Quod</strong></span> <span class='ocrx_word' id='word_1_496' title='bbox 1802 5255 1853 5300; x_wconf 89' lang='lat' dir='ltr'><strong>et</strong></span> <span class='ocrx_word' id='word_1_497' title='bbox 1878 5246 2014 5300; x_wconf 86' lang='lat' dir='ltr'><strong>Pau-</strong></span> 
     </span>
    </p>
   </div>
   <div class='ocr_carea' id='block_1_57' title="bbox 501 5419 1560 5485">
    <p class='ocr_par' dir='ltr' id='par_1_57' title="bbox 501 5419 1560 5485">
     <span class='ocr_line' id='line_1_57' title="bbox 501 5419 1560 5485; baseline 0 -13"><span class='ocrx_word' id='word_1_498' title='bbox 501 5424 519 5485; x_wconf 54' lang='grc' dir='ltr'><strong>ε</strong></span> <span class='ocrx_word' id='word_1_499' title='bbox 546 5430 690 5481; x_wconf 83' lang='lat' dir='ltr'><strong>Unus,</strong></span> <span class='ocrx_word' id='word_1_500' title='bbox 714 5427 760 5485; x_wconf 82' lang='lat' dir='ltr'><strong>et</strong></span> <span class='ocrx_word' id='word_1_501' title='bbox 782 5420 1015 5485; x_wconf 76' lang='lat' dir='ltr'><strong>qttmnodo</strong></span> <span class='ocrx_word' id='word_1_502' title='bbox 1037 5419 1310 5485; x_wconf 73' lang='lat' dir='ltr'><strong>dijudicare</strong></span> <span class='ocrx_word' id='word_1_503' title='bbox 1332 5426 1560 5485; x_wconf 81' lang='lat' dir='ltr'><strong>oporteat.</strong></span> 
     </span>
    </p>
   </div>
   <div class='ocr_carea' id='block_1_58' title="bbox 498 5481 2009 5546">
    <p class='ocr_par' dir='ltr' id='par_1_58' title="bbox 498 5481 2009 5546">
     <span class='ocr_line' id='line_1_58' title="bbox 498 5481 2009 5546; baseline 0.001 -13"><span class='ocrx_word' id='word_1_504' title='bbox 498 5484 572 5546; x_wconf 89' lang='lat' dir='ltr'><strong>(a)</strong></span> <span class='ocrx_word' id='word_1_505' title='bbox 595 5487 680 5546; x_wconf 79' lang='lat' dir='ltr'><strong>Hic</strong></span> <span class='ocrx_word' id='word_1_506' title='bbox 698 5481 936 5546; x_wconf 74' lang='lat' dir='ltr'><strong>disputat,</strong></span> <span class='ocrx_word' id='word_1_507' title='bbox 961 5490 1015 5546; x_wconf 84' lang='lat' dir='ltr'><strong>ut</strong></span> <span class='ocrx_word' id='word_1_508' title='bbox 1033 5481 1101 5546; x_wconf 75' lang='lat' dir='ltr'><strong>et</strong></span> <span class='ocrx_word' id='word_1_509' title='bbox 1139 5481 1251 5531; x_wconf 80' lang='lat' dir='ltr'><strong>alibi</strong></span> <span class='ocrx_word' id='word_1_510' title='bbox 1289 5481 1493 5546; x_wconf 70' lang='lat' dir='ltr'><strong>paSsim,</strong></span> <span class='ocrx_word' id='word_1_511' title='bbox 1529 5489 1695 5546; x_wconf 73' lang='lat' dir='ltr'><strong>contra</strong></span> <span class='ocrx_word' id='word_1_512' title='bbox 1732 5483 2009 5546; x_wconf 72' lang='lat' dir='ltr'><strong>Anomaaos,</strong></span> 
     </span>
    </p>
   </div>
   <div class='ocr_carea' id='block_1_59' title="bbox 435 5543 2013 5607">
    <p class='ocr_par' dir='ltr' id='par_1_59' title="bbox 435 5543 2013 5607">
     <span class='ocr_line' id='line_1_59' title="bbox 435 5543 2013 5607; baseline 0.003 -15"><span class='ocrx_word' id='word_1_513' title='bbox 435 5558 519 5607; x_wconf 80' lang='lat' dir='ltr'><strong>qui</strong></span> <span class='ocrx_word' id='word_1_514' title='bbox 543 5543 849 5607; x_wconf 60' lang='lat' dir='ltr'><strong>dicebaut&#39;se</strong></span> <span class='ocrx_word' id='word_1_515' title='bbox 873 5543 1080 5607; x_wconf 86' lang='lat' dir='ltr'><strong>perinde</strong></span> <span class='ocrx_word' id='word_1_516' title='bbox 1097 5556 1238 5594; x_wconf 77' lang='lat' dir='ltr'><strong>nosse</strong></span> <span class='ocrx_word' id='word_1_517' title='bbox 1254 5543 1567 5593; x_wconf 81' lang='lat' dir='ltr'><strong>substantiam</strong></span> <span class='ocrx_word' id='word_1_518' title='bbox 1583 5543 1695 5605; x_wconf 83' lang='lat' dir='ltr'><strong>Dei,</strong></span> <span class='ocrx_word' id='word_1_519' title='bbox 1716 5550 1863 5606; x_wconf 84' lang='lat' dir='ltr'><strong>atque</strong></span> <span class='ocrx_word' id='word_1_520' title='bbox 1873 5543 2013 5598; x_wconf 76' lang='lat' dir='ltr'><strong>Deus</strong></span> 
     </span>
    </p>
   </div>
   <div class='ocr_carea' id='block_1_60' title="bbox 436 5604 925 5669">
    <p class='ocr_par' dir='ltr' id='par_1_60' title="bbox 436 5604 925 5669">
     <span class='ocr_line' id='line_1_60' title="bbox 436 5604 925 5669; baseline 0.002 -15"><span class='ocrx_word' id='word_1_521' title='bbox 436 5604 543 5669; x_wconf 78' lang='lat' dir='ltr'><strong>ipse</strong></span> <span class='ocrx_word' id='word_1_522' title='bbox 560 5604 691 5656; x_wconf 80' lang='lat' dir='ltr'><strong>illam</strong></span> <span class='ocrx_word' id='word_1_523' title='bbox 706 5604 925 5657; x_wconf 73' lang='lat' dir='ltr'><strong>noverat.</strong></span> 
     </span>
    </p>
   </div>
   <div class='ocr_carea' id='block_1_61' title="bbox 1197 206 3008 277">
    <p class='ocr_par' dir='ltr' id='par_1_61' title="bbox 1197 206 3008 277">
     <span class='ocr_line' id='line_1_61' title="bbox 1197 206 3008 277; baseline -0.007 -1"><span class='ocrx_word' id='word_1_524' title='bbox 1197 221 1251 277; x_wconf 92' lang='lat' dir='ltr'><strong>S.</strong></span> <span class='ocrx_word' id='word_1_525' title='bbox 1292 215 1569 275; x_wconf 72' lang='lat' dir='ltr'><strong>JOANNIS</strong></span> <span class='ocrx_word' id='word_1_526' title='bbox 1603 206 2078 271; x_wconf 66' lang='lat' dir='ltr'><strong>CHRYSOSTONI</strong></span> <span class='ocrx_word' id='word_1_527' title='bbox 2117 208 2433 266; x_wconf 77' lang='lat' dir='ltr'><strong>ARCIIIEP.</strong></span> <span class='ocrx_word' id='word_1_528' title='bbox 2474 210 3008 267; x_wconf 80' lang='lat' dir='ltr'><strong>CONSTANTINOP.</strong></span> 
     </span>
    </p>
   </div>
   <div class='ocr_carea' id='block_1_62' title="bbox 3585 213 3691 269">
    <p class='ocr_par' dir='ltr' id='par_1_62' title="bbox 3585 213 3691 269">
     <span class='ocr_line' id='line_1_62' title="bbox 3585 213 3691 269; baseline 0 0"><span class='ocrx_word' id='word_1_529' title='bbox 3585 213 3691 269; x_wconf 68' lang='grc' dir='ltr'>τω</span> 
     </span>
    </p>
   </div>
   <div class='ocr_carea' id='block_1_63' title="bbox 2097 321 3679 394">
    <p class='ocr_par' dir='ltr' id='par_1_63' title="bbox 2097 321 3679 394">
     <span class='ocr_line' id='line_1_63' title="bbox 2097 321 3679 394; baseline 0 -17"><span class='ocrx_word' id='word_1_530' title='bbox 2097 322 2177 379; x_wconf 84' lang='lat' dir='ltr'><strong>ius</strong></span> <span class='ocrx_word' id='word_1_531' title='bbox 2213 324 2291 380; x_wconf 89' lang='lat' dir='ltr'><strong>sic</strong></span> <span class='ocrx_word' id='word_1_532' title='bbox 2331 324 2613 394; x_wconf 86' lang='lat' dir='ltr'><strong>descripsit</strong></span> <span class='ocrx_word' id='word_1_533' title='bbox 2639 340 2657 378; x_wconf 90' lang='lat'><strong><em>:</em></strong></span> <span class='ocrx_word' id='word_1_534' title='bbox 2687 321 2811 378; x_wconf 71' lang='lat' dir='ltr'><strong>Cum</strong></span> <span class='ocrx_word' id='word_1_535' title='bbox 2850 340 3024 393; x_wconf 84' lang='lat' dir='ltr'><strong>pacem</strong></span> <span class='ocrx_word' id='word_1_536' title='bbox 3053 324 3226 377; x_wconf 84' lang='lat' dir='ltr'><strong>dicunt</strong></span> <span class='ocrx_word' id='word_1_537' title='bbox 3250 332 3297 377; x_wconf 84' lang='lat' dir='ltr'><strong>et</strong></span> <span class='ocrx_word' id='word_1_538' title='bbox 3323 324 3679 389; x_wconf 75' lang='lat' dir='ltr'><strong>securitatem,</strong></span> 
     </span>
    </p>
   </div>
   <div class='ocr_carea' id='block_1_64' title="bbox 2100 417 3687 490">
    <p class='ocr_par' dir='ltr' id='par_1_64' title="bbox 2100 417 3687 490">
     <span class='ocr_line' id='line_1_64' title="bbox 2100 417 3687 490; baseline -0.002 -16"><span class='ocrx_word' id='word_1_539' title='bbox 2100 431 2217 474; x_wconf 84' lang='lat' dir='ltr'><strong>tunc</strong></span> <span class='ocrx_word' id='word_1_540' title='bbox 2245 420 2532 490; x_wconf 82' lang='lat' dir='ltr'><strong>repentinus</strong></span> <span class='ocrx_word' id='word_1_541' title='bbox 2550 420 2705 473; x_wconf 80' lang='lat' dir='ltr'><strong>instat</strong></span> <span class='ocrx_word' id='word_1_542' title='bbox 2730 421 2957 473; x_wconf 84' lang='lat' dir='ltr'><strong>interitus</strong></span> <span class='ocrx_word' id='word_1_543' title='bbox 2978 421 3056 487; x_wconf 83' lang='lat' dir='ltr'><strong>(l.</strong></span> <span class='ocrx_word' id='word_1_544' title='bbox 3085 417 3261 473; x_wconf 82' lang='lat' dir='ltr'><strong>Thess.</strong></span> <span class='ocrx_word' id='word_1_545' title='bbox 3283 419 3317 474; x_wconf 86' lang='lat'><strong>5</strong></span> <span class='ocrx_word' id='word_1_546' title='bbox 3366 418 3457 487; x_wconf 76' lang='lat'><strong>31)</strong></span> <span class='ocrx_word' id='word_1_547' title='bbox 3482 435 3497 481; x_wconf 90' lang='lat'><strong>;</strong></span> <span class='ocrx_word' id='word_1_548' title='bbox 3525 433 3687 487; x_wconf 87' lang='lat' dir='ltr'><strong>quam</strong></span> 
     </span>
    </p>
   </div>
   <div class='ocr_carea' id='block_1_65' title="bbox 2098 508 3689 578">
    <p class='ocr_par' dir='ltr' id='par_1_65' title="bbox 2098 508 3689 578">
     <span class='ocr_line' id='line_1_65' title="bbox 2098 508 3689 578; baseline -0.003 -14"><span class='ocrx_word' id='word_1_549' title='bbox 2098 510 2518 578; x_wconf 84' lang='lat' dir='ltr'><strong>inexspectatum</strong></span> <span class='ocrx_word' id='word_1_550' title='bbox 2546 509 2821 564; x_wconf 74' lang='lat' dir='ltr'><strong>declamas</strong></span> <span class='ocrx_word' id='word_1_551' title='bbox 2845 508 3058 563; x_wconf 90' lang='lat' dir='ltr'><strong>dicebat</strong></span> <span class='ocrx_word' id='word_1_552' title='bbox 3082 528 3095 561; x_wconf 92' lang='lat'>:</span> <span class='ocrx_word' id='word_1_553' title='bbox 3121 509 3264 562; x_wconf 85' lang='lat' dir='ltr'><strong>Sicut</strong></span> <span class='ocrx_word' id='word_1_554' title='bbox 3294 509 3442 561; x_wconf 85' lang='lat' dir='ltr'><strong>dolor</strong></span> <span class='ocrx_word' id='word_1_555' title='bbox 3467 511 3518 560; x_wconf 84' lang='lat' dir='ltr'><strong>in</strong></span> <span class='ocrx_word' id='word_1_556' title='bbox 3546 516 3689 560; x_wconf 83' lang='lat' dir='ltr'><strong>utero</strong></span> 
     </span>
    </p>
   </div>
   <div class='ocr_carea' id='block_1_66' title="bbox 2099 601 3685 672">
    <p class='ocr_par' dir='ltr' id='par_1_66' title="bbox 2099 601 3685 672">
     <span class='ocr_line' id='line_1_66' title="bbox 2099 601 3685 672; baseline -0.002 -17"><span class='ocrx_word' id='word_1_557' title='bbox 2099 602 2319 655; x_wconf 80' lang='lat' dir='ltr'><strong>habenti.</strong></span> <span class='ocrx_word' id='word_1_558' title='bbox 2347 601 2628 670; x_wconf 91' lang='lat' dir='ltr'><strong>Quomodo</strong></span> <span class='ocrx_word' id='word_1_559' title='bbox 2656 617 2783 672; x_wconf 76' lang='lat' dir='ltr'><strong>ergo</strong></span> <span class='ocrx_word' id='word_1_560' title='bbox 2808 602 2977 663; x_wconf 87' lang='lat' dir='ltr'><strong>dicit,</strong></span> <span class='ocrx_word' id='word_1_561' title='bbox 3011 601 3132 654; x_wconf 90' lang='lat' dir='ltr'><strong>Post</strong></span> <span class='ocrx_word' id='word_1_562' title='bbox 3160 602 3537 655; x_wconf 73' lang='lat' dir='ltr'><strong>tribulationem</strong></span> <span class='ocrx_word' id='word_1_563' title='bbox 3575 602 3685 652; x_wconf 82' lang='lat' dir='ltr'><strong>die-</strong></span> 
     </span>
    </p>
   </div>
   <div class='ocr_carea' id='block_1_67' title="bbox 2098 692 3683 763">
    <p class='ocr_par' dir='ltr' id='par_1_67' title="bbox 2098 692 3683 763">
     <span class='ocr_line' id='line_1_67' title="bbox 2098 692 3683 763; baseline 0.001 -17"><span class='ocrx_word' id='word_1_564' title='bbox 2098 710 2211 747; x_wconf 87' lang='lat' dir='ltr'><strong>rum</strong></span> <span class='ocrx_word' id='word_1_565' title='bbox 2238 694 2440 746; x_wconf 79' lang='lat' dir='ltr'><strong>illorum</strong></span> <span class='ocrx_word' id='word_1_566' title='bbox 2472 692 2685 763; x_wconf 79' lang='lat' dir='ltr'><strong>(Matth.</strong></span> <span class='ocrx_word' id='word_1_567' title='bbox 2708 693 2801 748; x_wconf 69' lang='grc'><strong>24.</strong></span> <span class='ocrx_word' id='word_1_568' title='bbox 2820 692 2956 762; x_wconf 67' lang='lat'><strong>‘29)?</strong></span> <span class='ocrx_word' id='word_1_569' title='bbox 2986 693 3112 745; x_wconf 64' lang='lat' dir='ltr'><strong>Nam</strong></span> <span class='ocrx_word' id='word_1_570' title='bbox 3148 693 3191 746; x_wconf 92' lang='lat' dir='ltr'><strong>si</strong></span> <span class='ocrx_word' id='word_1_571' title='bbox 3220 692 3447 759; x_wconf 69' lang='lat' dir='ltr'><strong>delicitc,</strong></span> <span class='ocrx_word' id='word_1_572' title='bbox 3478 703 3531 747; x_wconf 90' lang='lat' dir='ltr'><strong>et</strong></span> <span class='ocrx_word' id='word_1_573' title='bbox 3562 709 3683 762; x_wconf 86' lang='lat' dir='ltr'><strong>pax.</strong></span> 
     </span>
    </p>
   </div>
   <div class='ocr_carea' id='block_1_68' title="bbox 2097 782 3677 851">
    <p class='ocr_par' dir='ltr' id='par_1_68' title="bbox 2097 782 3677 851">
     <span class='ocr_line' id='line_1_68' title="bbox 2097 782 3677 851; baseline -0.001 -14"><span class='ocrx_word' id='word_1_574' title='bbox 2097 794 2153 837; x_wconf 91' lang='lat' dir='ltr'><strong>et</strong></span> <span class='ocrx_word' id='word_1_575' title='bbox 2176 784 2452 847; x_wconf 79' lang='lat' dir='ltr'><strong>securitas,</strong></span> <span class='ocrx_word' id='word_1_576' title='bbox 2482 793 2538 836; x_wconf 92' lang='lat' dir='ltr'><strong>ut</strong></span> <span class='ocrx_word' id='word_1_577' title='bbox 2566 783 2695 837; x_wconf 91' lang='lat' dir='ltr'><strong>dicit</strong></span> <span class='ocrx_word' id='word_1_578' title='bbox 2722 783 2937 847; x_wconf 83' lang='lat' dir='ltr'><strong>Paulus,</strong></span> <span class='ocrx_word' id='word_1_579' title='bbox 2965 784 3234 851; x_wconf 90' lang='lat' dir='ltr'><strong>quomodo</strong></span> <span class='ocrx_word' id='word_1_580' title='bbox 3264 782 3411 845; x_wconf 89' lang='lat' dir='ltr'><strong>dicit,</strong></span> <span class='ocrx_word' id='word_1_581' title='bbox 3444 782 3571 837; x_wconf 83' lang='lat' dir='ltr'><strong>Post</strong></span> <span class='ocrx_word' id='word_1_582' title='bbox 3594 786 3677 836; x_wconf 89' lang='lat' dir='ltr'><strong>tri-</strong></span> 
     </span>
    </p>
   </div>
   <div class='ocr_carea' id='block_1_69' title="bbox 2099 866 3687 936">
    <p class='ocr_par' dir='ltr' id='par_1_69' title="bbox 2099 866 3687 936">
     <span class='ocr_line' id='line_1_69' title="bbox 2099 866 3687 936; baseline 0.001 -16"><span class='ocrx_word' id='word_1_583' title='bbox 2099 867 2404 921; x_wconf 84' lang='lat' dir='ltr'><strong>bulationem</strong></span> <span class='ocrx_word' id='word_1_584' title='bbox 2433 868 2627 921; x_wconf 85' lang='lat' dir='ltr'><strong>dierum</strong></span> <span class='ocrx_word' id='word_1_585' title='bbox 2652 868 2894 921; x_wconf 84' lang='lat' dir='ltr'><strong>illorum?</strong></span> <span class='ocrx_word' id='word_1_586' title='bbox 2919 866 2973 922; x_wconf 90' lang='lat' dir='ltr'><strong>Si</strong></span> <span class='ocrx_word' id='word_1_587' title='bbox 3003 868 3211 921; x_wconf 73' lang='lat' dir='ltr'><strong>delicim</strong></span> <span class='ocrx_word' id='word_1_588' title='bbox 3234 908 3249 933; x_wconf 94' lang='lat'><strong>,</strong></span> <span class='ocrx_word' id='word_1_589' title='bbox 3276 869 3545 936; x_wconf 89' lang='lat' dir='ltr'><strong>quomodo</strong></span> <span class='ocrx_word' id='word_1_590' title='bbox 3590 872 3687 923; x_wconf 88' lang='lat' dir='ltr'><strong>tri-</strong></span> 
     </span>
    </p>
   </div>
   <div class='ocr_carea' id='block_1_70' title="bbox 2100 957 3693 1026">
    <p class='ocr_par' dir='ltr' id='par_1_70' title="bbox 2100 957 3693 1026">
     <span class='ocr_line' id='line_1_70' title="bbox 2100 957 3693 1026; baseline 0.001 -14"><span class='ocrx_word' id='word_1_591' title='bbox 2100 957 2340 1012; x_wconf 80' lang='lat' dir='ltr'><strong>bulatio?</strong></span> <span class='ocrx_word' id='word_1_592' title='bbox 2373 957 2583 1011; x_wconf 60' lang='lat' dir='ltr'><strong>Deliciae</strong></span> <span class='ocrx_word' id='word_1_593' title='bbox 2608 968 2664 1011; x_wconf 88' lang='lat' dir='ltr'><strong>et</strong></span> <span class='ocrx_word' id='word_1_594' title='bbox 2690 974 2789 1026; x_wconf 90' lang='lat' dir='ltr'><strong>pax</strong></span> <span class='ocrx_word' id='word_1_595' title='bbox 2819 967 2939 1012; x_wconf 91' lang='lat' dir='ltr'><strong>sunt</strong></span> <span class='ocrx_word' id='word_1_596' title='bbox 2967 958 3030 1011; x_wconf 90' lang='lat' dir='ltr'><strong>iis</strong></span> <span class='ocrx_word' id='word_1_597' title='bbox 3058 958 3146 1026; x_wconf 92' lang='lat' dir='ltr'><strong>qni</strong></span> <span class='ocrx_word' id='word_1_598' title='bbox 3190 959 3339 1012; x_wconf 90' lang='lat' dir='ltr'><strong>nullo</strong></span> <span class='ocrx_word' id='word_1_599' title='bbox 3374 974 3534 1013; x_wconf 88' lang='lat' dir='ltr'><strong>sensu</strong></span> <span class='ocrx_word' id='word_1_600' title='bbox 3563 970 3693 1014; x_wconf 87' lang='lat' dir='ltr'><strong>sunt</strong></span> 
     </span>
    </p>
   </div>
   <div class='ocr_carea' id='block_1_71' title="bbox 2099 1048 3687 1119">
    <p class='ocr_par' dir='ltr' id='par_1_71' title="bbox 2099 1048 3687 1119">
     <span class='ocr_line' id='line_1_71' title="bbox 2099 1048 3687 1119; baseline 0.002 -17"><span class='ocrx_word' id='word_1_601' title='bbox 2099 1048 2295 1102; x_wconf 75' lang='lat' dir='ltr'><strong>affecti.</strong></span> <span class='ocrx_word' id='word_1_602' title='bbox 2325 1048 2611 1118; x_wconf 78' lang='lat' dir='ltr'><strong>Propterea</strong></span> <span class='ocrx_word' id='word_1_603' title='bbox 2644 1063 2749 1102; x_wconf 91' lang='lat' dir='ltr'><strong>non</strong></span> <span class='ocrx_word' id='word_1_604' title='bbox 2774 1048 2907 1102; x_wconf 86' lang='lat' dir='ltr'><strong>dixit</strong></span> <span class='ocrx_word' id='word_1_605' title='bbox 2932 1090 2945 1112; x_wconf 94' lang='lat'><strong>,</strong></span> <span class='ocrx_word' id='word_1_606' title='bbox 2975 1049 3200 1116; x_wconf 90' lang='lat' dir='ltr'><strong>Quando</strong></span> <span class='ocrx_word' id='word_1_607' title='bbox 3245 1063 3347 1119; x_wconf 80' lang='lat' dir='ltr'><strong>pax</strong></span> <span class='ocrx_word' id='word_1_608' title='bbox 3386 1050 3527 1116; x_wconf 89' lang='lat' dir='ltr'><strong>erit,</strong></span> <span class='ocrx_word' id='word_1_609' title='bbox 3553 1051 3650 1105; x_wconf 82' lang='lat' dir='ltr'><strong>sed</strong></span> <span class='ocrx_word' id='word_1_610' title='bbox 3671 1093 3687 1116; x_wconf 93' lang='lat'><strong>,</strong></span> 
     </span>
    </p>
   </div>
   <div class='ocr_carea' id='block_1_72' title="bbox 2105 1139 3691 1208">
    <p class='ocr_par' dir='ltr' id='par_1_72' title="bbox 2105 1139 3691 1208">
     <span class='ocr_line' id='line_1_72' title="bbox 2105 1139 3691 1208; baseline 0.004 -17"><span class='ocrx_word' id='word_1_611' title='bbox 2105 1139 2321 1205; x_wconf 84' lang='lat' dir='ltr'><strong>Quando</strong></span> <span class='ocrx_word' id='word_1_612' title='bbox 2361 1155 2533 1208; x_wconf 85' lang='lat' dir='ltr'><strong>pacem</strong></span> <span class='ocrx_word' id='word_1_613' title='bbox 2558 1148 2602 1193; x_wconf 93' lang='lat' dir='ltr'><strong>el</strong></span> <span class='ocrx_word' id='word_1_614' title='bbox 2627 1149 2944 1193; x_wconf 78' lang='lat' dir='ltr'><strong>securitatem</strong></span> <span class='ocrx_word' id='word_1_615' title='bbox 2976 1141 3162 1203; x_wconf 86' lang='lat' dir='ltr'><strong>dicent,</strong></span> <span class='ocrx_word' id='word_1_616' title='bbox 3192 1141 3537 1197; x_wconf 82' lang='lat' dir='ltr'><strong>stoliditatem</strong></span> <span class='ocrx_word' id='word_1_617' title='bbox 3571 1143 3691 1198; x_wconf 85' lang='lat' dir='ltr'><strong>illo-</strong></span> 
     </span>
    </p>
   </div>
   <div class='ocr_carea' id='block_1_73' title="bbox 2101 1228 3692 1302">
    <p class='ocr_par' dir='ltr' id='par_1_73' title="bbox 2101 1228 3692 1302">
     <span class='ocr_line' id='line_1_73' title="bbox 2101 1228 3692 1302; baseline 0.003 -19"><span class='ocrx_word' id='word_1_618' title='bbox 2101 1245 2219 1283; x_wconf 88' lang='lat' dir='ltr'><strong>rum</strong></span> <span class='ocrx_word' id='word_1_619' title='bbox 2250 1228 2571 1294; x_wconf 89' lang='lat' dir='ltr'><strong>ostendens;</strong></span> <span class='ocrx_word' id='word_1_620' title='bbox 2596 1230 2733 1283; x_wconf 82' lang='lat' dir='ltr'><strong>sicut</strong></span> <span class='ocrx_word' id='word_1_621' title='bbox 2764 1230 2838 1283; x_wconf 93' lang='lat' dir='ltr'><strong>illi</strong></span> <span class='ocrx_word' id='word_1_622' title='bbox 2868 1231 2920 1284; x_wconf 94' lang='lat' dir='ltr'><strong>in</strong></span> <span class='ocrx_word' id='word_1_623' title='bbox 2949 1241 3189 1300; x_wconf 87' lang='lat' dir='ltr'><strong>tempore</strong></span> <span class='ocrx_word' id='word_1_624' title='bbox 3208 1230 3342 1292; x_wconf 84' lang='lat' dir='ltr'><strong>Noe.</strong></span> <span class='ocrx_word' id='word_1_625' title='bbox 3375 1233 3463 1302; x_wconf 91' lang='lat' dir='ltr'><strong>qui</strong></span> <span class='ocrx_word' id='word_1_626' title='bbox 3491 1234 3543 1287; x_wconf 92' lang='lat' dir='ltr'><strong>in</strong></span> <span class='ocrx_word' id='word_1_627' title='bbox 3572 1243 3692 1287; x_wconf 83' lang='lat' dir='ltr'><strong>tan-</strong></span> 
     </span>
    </p>
   </div>
   <div class='ocr_carea' id='block_1_74' title="bbox 2105 1319 3684 1389">
    <p class='ocr_par' dir='ltr' id='par_1_74' title="bbox 2105 1319 3684 1389">
     <span class='ocr_line' id='line_1_74' title="bbox 2105 1319 3684 1389; baseline 0.003 -16"><span class='ocrx_word' id='word_1_628' title='bbox 2105 1320 2171 1374; x_wconf 92' lang='lat' dir='ltr'><strong>tis</strong></span> <span class='ocrx_word' id='word_1_629' title='bbox 2198 1319 2370 1382; x_wconf 89' lang='lat' dir='ltr'><strong>malis,</strong></span> <span class='ocrx_word' id='word_1_630' title='bbox 2401 1319 2604 1373; x_wconf 86' lang='lat' dir='ltr'><strong>deliciis</strong></span> <span class='ocrx_word' id='word_1_631' title='bbox 2631 1334 2848 1389; x_wconf 79' lang='lat' dir='ltr'><strong>operam</strong></span> <span class='ocrx_word' id='word_1_632' title='bbox 2881 1320 3072 1373; x_wconf 84' lang='lat' dir='ltr'><strong>dabant</strong></span> <span class='ocrx_word' id='word_1_633' title='bbox 3104 1332 3192 1375; x_wconf 86' lang='lat' dir='ltr'><strong>:at</strong></span> <span class='ocrx_word' id='word_1_634' title='bbox 3220 1338 3325 1376; x_wconf 90' lang='lat' dir='ltr'><strong>non</strong></span> <span class='ocrx_word' id='word_1_635' title='bbox 3355 1323 3479 1376; x_wconf 90' lang='lat' dir='ltr'><strong>item</strong></span> <span class='ocrx_word' id='word_1_636' title='bbox 3508 1323 3639 1387; x_wconf 82' lang='lat' dir='ltr'><strong>justi</strong></span> <span class='ocrx_word' id='word_1_637' title='bbox 3670 1366 3684 1389; x_wconf 96' lang='lat'><strong>,</strong></span> 
     </span>
    </p>
   </div>
   <div class='ocr_carea' id='block_1_75' title="bbox 2103 1411 3686 1483">
    <p class='ocr_par' dir='ltr' id='par_1_75' title="bbox 2103 1411 3686 1483">
     <span class='ocr_line' id='line_1_75' title="bbox 2103 1411 3686 1483; baseline 0.001 -19"><span class='ocrx_word' id='word_1_638' title='bbox 2103 1411 2192 1479; x_wconf 90' lang='lat' dir='ltr'><strong>qui</strong></span> <span class='ocrx_word' id='word_1_639' title='bbox 2236 1411 2287 1464; x_wconf 91' lang='lat' dir='ltr'><strong>in</strong></span> <span class='ocrx_word' id='word_1_640' title='bbox 2331 1412 2584 1464; x_wconf 54' lang='lat' dir='ltr'><strong>aerumnis</strong></span> <span class='ocrx_word' id='word_1_641' title='bbox 2613 1420 2670 1464; x_wconf 89' lang='lat' dir='ltr'><strong>et</strong></span> <span class='ocrx_word' id='word_1_642' title='bbox 2700 1426 2931 1465; x_wconf 67' lang='lat' dir='ltr'><strong>maerore</strong></span> <span class='ocrx_word' id='word_1_643' title='bbox 2956 1412 3324 1466; x_wconf 85' lang='lat' dir='ltr'><strong>versabantur.</strong></span> <span class='ocrx_word' id='word_1_644' title='bbox 3359 1412 3493 1468; x_wconf 88' lang='lat' dir='ltr'><strong>Hinc</strong></span> <span class='ocrx_word' id='word_1_645' title='bbox 3523 1414 3686 1483; x_wconf 78' lang='lat' dir='ltr'><strong>signi-</strong></span> 
     </span>
    </p>
   </div>
   <div class='ocr_carea' id='block_1_76' title="bbox 2106 1502 3688 1575">
    <p class='ocr_par' dir='ltr' id='par_1_76' title="bbox 2106 1502 3688 1575">
     <span class='ocr_line' id='line_1_76' title="bbox 2106 1502 3688 1575; baseline 0.003 -20"><span class='ocrx_word' id='word_1_646' title='bbox 2106 1503 2311 1568; x_wconf 86' lang='lat' dir='ltr'><strong>licatur,</strong></span> <span class='ocrx_word' id='word_1_647' title='bbox 2337 1502 2655 1557; x_wconf 90' lang='lat' dir='ltr'><strong>adveniente</strong></span> <span class='ocrx_word' id='word_1_648' title='bbox 2682 1504 3033 1568; x_wconf 79' lang='lat' dir='ltr'><strong>Antichristo,</strong></span> <span class='ocrx_word' id='word_1_649' title='bbox 3062 1504 3274 1573; x_wconf 84' lang='lat' dir='ltr'><strong>iniquos</strong></span> <span class='ocrx_word' id='word_1_650' title='bbox 3304 1514 3357 1558; x_wconf 87' lang='lat' dir='ltr'><strong>et</strong></span> <span class='ocrx_word' id='word_1_651' title='bbox 3381 1520 3476 1560; x_wconf 89' lang='lat' dir='ltr'><strong>eos</strong></span> <span class='ocrx_word' id='word_1_652' title='bbox 3504 1506 3593 1575; x_wconf 88' lang='lat' dir='ltr'><strong>qui</strong></span> <span class='ocrx_word' id='word_1_653' title='bbox 3621 1506 3688 1561; x_wconf 90' lang='lat' dir='ltr'><strong>de</strong></span> 
     </span>
    </p>
   </div>
   <div class='ocr_carea' id='block_1_77' title="bbox 2104 1593 3689 1664">
    <p class='ocr_par' dir='ltr' id='par_1_77' title="bbox 2104 1593 3689 1664">
     <span class='ocr_line' id='line_1_77' title="bbox 2104 1593 3689 1664; baseline 0.002 -17"><span class='ocrx_word' id='word_1_654' title='bbox 2104 1594 2277 1648; x_wconf 90' lang='lat' dir='ltr'><strong>salute</strong></span> <span class='ocrx_word' id='word_1_655' title='bbox 2304 1607 2399 1647; x_wconf 91' lang='lat' dir='ltr'><strong>sua</strong></span> <span class='ocrx_word' id='word_1_656' title='bbox 2425 1593 2803 1662; x_wconf 88' lang='lat' dir='ltr'><strong>desperabunt,</strong></span> <span class='ocrx_word' id='word_1_657' title='bbox 2835 1594 3075 1663; x_wconf 88' lang='lat' dir='ltr'><strong>turpibus</strong></span> <span class='ocrx_word' id='word_1_658' title='bbox 3101 1594 3458 1664; x_wconf 86' lang='lat' dir='ltr'><strong>voluptatibus</strong></span> <span class='ocrx_word' id='word_1_659' title='bbox 3489 1611 3547 1650; x_wconf 87' lang='lat' dir='ltr'><strong>se</strong></span> <span class='ocrx_word' id='word_1_660' title='bbox 3571 1612 3689 1650; x_wconf 85' lang='lat' dir='ltr'><strong>am-</strong></span> 
     </span>
    </p>
   </div>
   <div class='ocr_carea' id='block_1_78' title="bbox 2107 1682 3686 1753">
    <p class='ocr_par' dir='ltr' id='par_1_78' title="bbox 2107 1682 3686 1753">
     <span class='ocr_line' id='line_1_78' title="bbox 2107 1682 3686 1753; baseline 0.002 -17"><span class='ocrx_word' id='word_1_661' title='bbox 2107 1682 2243 1752; x_wconf 89' lang='lat' dir='ltr'><strong>plius</strong></span> <span class='ocrx_word' id='word_1_662' title='bbox 2269 1682 2540 1737; x_wconf 88' lang='lat' dir='ltr'><strong>dedituros</strong></span> <span class='ocrx_word' id='word_1_663' title='bbox 2570 1696 2712 1738; x_wconf 89' lang='lat' dir='ltr'><strong>esse.</strong></span> <span class='ocrx_word' id='word_1_664' title='bbox 2742 1682 2782 1735; x_wconf 85' lang='grc' dir='ltr'>Τ</span> <span class='ocrx_word' id='word_1_665' title='bbox 2786 1698 2891 1738; x_wconf 92' lang='lat' dir='ltr'><strong>unc</strong></span> <span class='ocrx_word' id='word_1_666' title='bbox 2921 1683 3201 1753; x_wconf 80' lang='lat' dir='ltr'><strong>ingluvies,</strong></span> <span class='ocrx_word' id='word_1_667' title='bbox 3228 1686 3649 1739; x_wconf 76' lang='lat' dir='ltr'><strong>comessationes</strong></span> <span class='ocrx_word' id='word_1_668' title='bbox 3669 1728 3686 1751; x_wconf 93' lang='lat'><strong>,</strong></span> 
     </span>
    </p>
   </div>
   <div class='ocr_carea' id='block_1_79' title="bbox 2105 1775 3685 1847">
    <p class='ocr_par' dir='ltr' id='par_1_79' title="bbox 2105 1775 3685 1847">
     <span class='ocr_line' id='line_1_79' title="bbox 2105 1775 3685 1847; baseline 0.002 -18"><span class='ocrx_word' id='word_1_669' title='bbox 2105 1775 2420 1829; x_wconf 87' lang='lat' dir='ltr'><strong>ebrietates.</strong></span> <span class='ocrx_word' id='word_1_670' title='bbox 2469 1775 2804 1845; x_wconf 85' lang='lat' dir='ltr'><strong>Quapropter</strong></span> <span class='ocrx_word' id='word_1_671' title='bbox 2855 1776 3100 1844; x_wconf 81' lang='lat' dir='ltr'><strong>exeuiplo</strong></span> <span class='ocrx_word' id='word_1_672' title='bbox 3150 1777 3314 1830; x_wconf 90' lang='lat' dir='ltr'><strong>utitur</strong></span> <span class='ocrx_word' id='word_1_673' title='bbox 3352 1780 3685 1847; x_wconf 81' lang='lat' dir='ltr'><strong>congruenti.</strong></span> 
     </span>
    </p>
   </div>
   <div class='ocr_carea' id='block_1_80' title="bbox 2105 1863 3685 1934">
    <p class='ocr_par' dir='ltr' id='par_1_80' title="bbox 2105 1863 3685 1934">
     <span class='ocr_line' id='line_1_80' title="bbox 2105 1863 3685 1934; baseline 0.003 -17"><span class='ocrx_word' id='word_1_674' title='bbox 2105 1863 2236 1917; x_wconf 83' lang='lat' dir='ltr'><strong>Nam</strong></span> <span class='ocrx_word' id='word_1_675' title='bbox 2263 1864 2707 1934; x_wconf 88' lang='lat' dir='ltr'><strong>quemadmodum</strong></span> <span class='ocrx_word' id='word_1_676' title='bbox 2727 1880 2850 1919; x_wconf 86' lang='lat' dir='ltr'><strong>cum</strong></span> <span class='ocrx_word' id='word_1_677' title='bbox 2870 1880 2990 1919; x_wconf 87' lang='lat' dir='ltr'><strong>arca</strong></span> <span class='ocrx_word' id='word_1_678' title='bbox 3018 1865 3185 1930; x_wconf 83' lang='lat' dir='ltr'><strong>ﬁeret,</strong></span> <span class='ocrx_word' id='word_1_679' title='bbox 3223 1882 3327 1920; x_wconf 92' lang='lat' dir='ltr'><strong>non</strong></span> <span class='ocrx_word' id='word_1_680' title='bbox 3360 1868 3652 1923; x_wconf 84' lang='lat' dir='ltr'><strong>credebant</strong></span> <span class='ocrx_word' id='word_1_681' title='bbox 3671 1912 3685 1933; x_wconf 89' lang='lat'><strong>,</strong></span> 
     </span>
    </p>
   </div>
   <div class='ocr_carea' id='block_1_81' title="bbox 2107 1955 3686 2027">
    <p class='ocr_par' dir='ltr' id='par_1_81' title="bbox 2107 1955 3686 2027">
     <span class='ocr_line' id='line_1_81' title="bbox 2107 1955 3686 2027; baseline 0.003 -18"><span class='ocrx_word' id='word_1_682' title='bbox 2107 1956 2317 2026; x_wconf 88' lang='lat' dir='ltr'><strong>inquit,</strong></span> <span class='ocrx_word' id='word_1_683' title='bbox 2350 1955 2444 2011; x_wconf 91' lang='lat' dir='ltr'><strong>sed</strong></span> <span class='ocrx_word' id='word_1_684' title='bbox 2493 1956 2617 2010; x_wconf 91' lang='lat' dir='ltr'><strong>licet</strong></span> <span class='ocrx_word' id='word_1_685' title='bbox 2661 1970 2783 2010; x_wconf 91' lang='lat' dir='ltr'><strong>area</strong></span> <span class='ocrx_word' id='word_1_686' title='bbox 2833 1956 2885 2010; x_wconf 94' lang='lat' dir='ltr'><strong>in</strong></span> <span class='ocrx_word' id='word_1_687' title='bbox 2915 1956 3090 2011; x_wconf 90' lang='lat' dir='ltr'><strong>medio</strong></span> <span class='ocrx_word' id='word_1_688' title='bbox 3134 1958 3299 2027; x_wconf 84' lang='lat' dir='ltr'><strong>posita</strong></span> <span class='ocrx_word' id='word_1_689' title='bbox 3333 1957 3505 2012; x_wconf 86' lang='lat' dir='ltr'><strong>futura</strong></span> <span class='ocrx_word' id='word_1_690' title='bbox 3546 1963 3686 2014; x_wconf 80' lang='lat' dir='ltr'><strong>mala</strong></span> 
     </span>
    </p>
   </div>
   <div class='ocr_carea' id='block_1_82' title="bbox 2109 2047 3687 2120">
    <p class='ocr_par' dir='ltr' id='par_1_82' title="bbox 2109 2047 3687 2120">
     <span class='ocr_line' id='line_1_82' title="bbox 2109 2047 3687 2120; baseline 0.003 -19"><span class='ocrx_word' id='word_1_691' title='bbox 2109 2050 2482 2118; x_wconf 62' lang='lat' dir='ltr'><strong>prwnuntiarct</strong></span> <span class='ocrx_word' id='word_1_692' title='bbox 2508 2090 2521 2111; x_wconf 91' lang='lat'><strong>,</strong></span> <span class='ocrx_word' id='word_1_693' title='bbox 2559 2048 2632 2101; x_wconf 91' lang='lat' dir='ltr'><strong>illi</strong></span> <span class='ocrx_word' id='word_1_694' title='bbox 2662 2047 2901 2104; x_wconf 88' lang='lat' dir='ltr'><strong>videntes</strong></span> <span class='ocrx_word' id='word_1_695' title='bbox 2937 2065 3054 2103; x_wconf 87' lang='lat' dir='ltr'><strong>eam</strong></span> <span class='ocrx_word' id='word_1_696' title='bbox 3085 2091 3100 2114; x_wconf 93' lang='lat'><strong>,</strong></span> <span class='ocrx_word' id='word_1_697' title='bbox 3143 2052 3212 2104; x_wconf 90' lang='lat' dir='ltr'><strong>ita</strong></span> <span class='ocrx_word' id='word_1_698' title='bbox 3259 2052 3646 2107; x_wconf 77' lang='lat' dir='ltr'><strong>deliciabantur</strong></span> <span class='ocrx_word' id='word_1_699' title='bbox 3670 2096 3687 2120; x_wconf 90' lang='lat'><strong>,</strong></span> 
     </span>
    </p>
   </div>
   <div class='ocr_carea' id='block_1_83' title="bbox 2106 2138 3691 2209">
    <p class='ocr_par' dir='ltr' id='par_1_83' title="bbox 2106 2138 3691 2209">
     <span class='ocr_line' id='line_1_83' title="bbox 2106 2138 3691 2209; baseline 0.003 -16"><span class='ocrx_word' id='word_1_700' title='bbox 2106 2140 2256 2209; x_wconf 88' lang='lat' dir='ltr'><strong>quasi</strong></span> <span class='ocrx_word' id='word_1_701' title='bbox 2289 2139 2420 2193; x_wconf 85' lang='lat' dir='ltr'><strong>nihil</strong></span> <span class='ocrx_word' id='word_1_702' title='bbox 2452 2141 2573 2194; x_wconf 86' lang='lat' dir='ltr'><strong>mali</strong></span> <span class='ocrx_word' id='word_1_703' title='bbox 2603 2138 2835 2194; x_wconf 87' lang='lat' dir='ltr'><strong>futurum</strong></span> <span class='ocrx_word' id='word_1_704' title='bbox 2864 2151 3005 2195; x_wconf 89' lang='lat' dir='ltr'><strong>esset</strong></span> <span class='ocrx_word' id='word_1_705' title='bbox 3030 2161 3042 2194; x_wconf 90' lang='lat'>:</span> <span class='ocrx_word' id='word_1_706' title='bbox 3068 2142 3146 2197; x_wconf 92' lang='lat' dir='ltr'><strong>sic</strong></span> <span class='ocrx_word' id='word_1_707' title='bbox 3174 2153 3227 2198; x_wconf 91' lang='lat' dir='ltr'><strong>et</strong></span> <span class='ocrx_word' id='word_1_708' title='bbox 3252 2158 3392 2197; x_wconf 90' lang='lat' dir='ltr'><strong>nunc</strong></span> <span class='ocrx_word' id='word_1_709' title='bbox 3419 2145 3691 2199; x_wconf 82' lang='lat' dir='ltr'><strong>Antichri-</strong></span> 
     </span>
    </p>
   </div>
   <div class='ocr_carea' id='block_1_84' title="bbox 2108 2228 3687 2308">
    <p class='ocr_par' dir='ltr' id='par_1_84' title="bbox 2108 2228 3687 2308">
     <span class='ocr_line' id='line_1_84' title="bbox 2108 2228 3687 2308; baseline 0.006 -23"><span class='ocrx_word' id='word_1_710' title='bbox 2108 2241 2221 2287; x_wconf 89' lang='lat' dir='ltr'><strong>stus</strong></span> <span class='ocrx_word' id='word_1_711' title='bbox 2248 2234 2551 2303; x_wconf 81' lang='lat' dir='ltr'><strong>apparebit,</strong></span> <span class='ocrx_word' id='word_1_712' title='bbox 2582 2243 2699 2303; x_wconf 90' lang='lat' dir='ltr'><strong>post</strong></span> <span class='ocrx_word' id='word_1_713' title='bbox 2726 2250 2882 2303; x_wconf 89' lang='lat' dir='ltr'><strong>quem</strong></span> <span class='ocrx_word' id='word_1_714' title='bbox 2907 2236 3294 2291; x_wconf 90' lang='lat' dir='ltr'><strong>consummatio</strong></span> <span class='ocrx_word' id='word_1_715' title='bbox 3313 2279 3325 2297; x_wconf 90' lang='lat'><strong>.</strong></span> <span class='ocrx_word' id='word_1_716' title='bbox 3354 2247 3410 2291; x_wconf 91' lang='lat' dir='ltr'><strong>et</strong></span> <span class='ocrx_word' id='word_1_717' title='bbox 3436 2228 3605 2308; x_wconf 61' lang='lat' dir='ltr'><strong>poene</strong></span> <span class='ocrx_word' id='word_1_718' title='bbox 3634 2241 3687 2295; x_wconf 92' lang='lat' dir='ltr'><strong>in</strong></span> 
     </span>
    </p>
   </div>
   <div class='ocr_carea' id='block_1_85' title="bbox 2107 2325 3687 2397">
    <p class='ocr_par' dir='ltr' id='par_1_85' title="bbox 2107 2325 3687 2397">
     <span class='ocr_line' id='line_1_85' title="bbox 2107 2325 3687 2397; baseline 0.004 -18"><span class='ocrx_word' id='word_1_719' title='bbox 2107 2327 2565 2380; x_wconf 68' lang='lat' dir='ltr'><strong>consummatione</strong></span> <span class='ocrx_word' id='word_1_720' title='bbox 2620 2325 2849 2390; x_wconf 76' lang='lat' dir='ltr'><strong>futurze,</strong></span> <span class='ocrx_word' id='word_1_721' title='bbox 2901 2327 3156 2397; x_wconf 87' lang='lat' dir='ltr'><strong>supplicia</strong></span> <span class='ocrx_word' id='word_1_722' title='bbox 3203 2328 3551 2385; x_wconf 86' lang='lat' dir='ltr'><strong>intoleranda.</strong></span> <span class='ocrx_word' id='word_1_723' title='bbox 3606 2331 3687 2386; x_wconf 84' lang='lat' dir='ltr'><strong>Illi</strong></span> 
     </span>
    </p>
   </div>
   <div class='ocr_carea' id='block_1_86' title="bbox 2110 2420 3688 2490">
    <p class='ocr_par' dir='ltr' id='par_1_86' title="bbox 2110 2420 3688 2490">
     <span class='ocr_line' id='line_1_86' title="bbox 2110 2420 3688 2490; baseline 0.002 -18"><span class='ocrx_word' id='word_1_724' title='bbox 2110 2434 2268 2483; x_wconf 84' lang='lat' dir='ltr'><strong>vero,</strong></span> <span class='ocrx_word' id='word_1_725' title='bbox 2292 2420 2379 2489; x_wconf 91' lang='lat' dir='ltr'><strong>qui</strong></span> <span class='ocrx_word' id='word_1_726' title='bbox 2419 2420 2669 2488; x_wconf 64' lang='lat' dir='ltr'><strong>nequitiac</strong></span> <span class='ocrx_word' id='word_1_727' title='bbox 2710 2420 2967 2475; x_wconf 88' lang='lat' dir='ltr'><strong>ebrietate</strong></span> <span class='ocrx_word' id='word_1_728' title='bbox 3003 2423 3143 2490; x_wconf 88' lang='lat' dir='ltr'><strong>capti</strong></span> <span class='ocrx_word' id='word_1_729' title='bbox 3173 2432 3328 2475; x_wconf 88' lang='lat' dir='ltr'><strong>erunt</strong></span> <span class='ocrx_word' id='word_1_730' title='bbox 3349 2463 3364 2483; x_wconf 88' lang='lat'>.</span> <span class='ocrx_word' id='word_1_731' title='bbox 3394 2438 3460 2477; x_wconf 88' lang='lat' dir='ltr'><strong>ne</strong></span> <span class='ocrx_word' id='word_1_732' title='bbox 3485 2435 3688 2477; x_wconf 88' lang='lat' dir='ltr'><strong>metum</strong></span> 
     </span>
    </p>
   </div>
   <div class='ocr_carea' id='block_1_87' title="bbox 2108 2511 3692 2580">
    <p class='ocr_par' dir='ltr' id='par_1_87' title="bbox 2108 2511 3692 2580">
     <span class='ocr_line' id='line_1_87' title="bbox 2108 2511 3692 2580; baseline 0.002 -16"><span class='ocrx_word' id='word_1_733' title='bbox 2108 2511 2322 2580; x_wconf 88' lang='lat' dir='ltr'><strong>quidem</strong></span> <span class='ocrx_word' id='word_1_734' title='bbox 2364 2511 2661 2566; x_wconf 89' lang='lat' dir='ltr'><strong>futurorum</strong></span> <span class='ocrx_word' id='word_1_735' title='bbox 2710 2512 2959 2566; x_wconf 87' lang='lat' dir='ltr'><strong>sentient.</strong></span> <span class='ocrx_word' id='word_1_736' title='bbox 2989 2512 3112 2567; x_wconf 89' lang='lat' dir='ltr'><strong>Ideo</strong></span> <span class='ocrx_word' id='word_1_737' title='bbox 3155 2514 3228 2566; x_wconf 90' lang='lat' dir='ltr'><strong>ait</strong></span> <span class='ocrx_word' id='word_1_738' title='bbox 3263 2512 3489 2568; x_wconf 83' lang='lat' dir='ltr'><strong>Paulus:</strong></span> <span class='ocrx_word' id='word_1_739' title='bbox 3524 2514 3692 2567; x_wconf 72' lang='lat' dir='ltr'><strong>Veluti</strong></span> 
     </span>
    </p>
   </div>
   <div class='ocr_carea' id='block_1_88' title="bbox 2110 2600 3689 2675">
    <p class='ocr_par' dir='ltr' id='par_1_88' title="bbox 2110 2600 3689 2675">
     <span class='ocr_line' id='line_1_88' title="bbox 2110 2600 3689 2675; baseline 0.003 -21"><span class='ocrx_word' id='word_1_740' title='bbox 2110 2602 2255 2655; x_wconf 83' lang='lat' dir='ltr'><strong>dolor</strong></span> <span class='ocrx_word' id='word_1_741' title='bbox 2278 2603 2329 2655; x_wconf 86' lang='lat' dir='ltr'><strong>in</strong></span> <span class='ocrx_word' id='word_1_742' title='bbox 2356 2612 2497 2655; x_wconf 80' lang='lat' dir='ltr'><strong>utero</strong></span> <span class='ocrx_word' id='word_1_743' title='bbox 2524 2603 2723 2656; x_wconf 81' lang='lat' dir='ltr'><strong>habenti</strong></span> <span class='ocrx_word' id='word_1_744' title='bbox 2746 2600 2821 2675; x_wconf 86' lang='grc' dir='ltr'><strong>(Ι.</strong></span> <span class='ocrx_word' id='word_1_745' title='bbox 2845 2602 3022 2657; x_wconf 84' lang='lat' dir='ltr'><strong>Thess.</strong></span> <span class='ocrx_word' id='word_1_746' title='bbox 3039 2605 3092 2659; x_wconf 85' lang='lat'><strong>5.</strong></span> <span class='ocrx_word' id='word_1_747' title='bbox 3110 2604 3190 2675; x_wconf 78' lang='lat'><strong>5),</strong></span> <span class='ocrx_word' id='word_1_748' title='bbox 3209 2605 3285 2657; x_wconf 91' lang='lat' dir='ltr'><strong>sic</strong></span> <span class='ocrx_word' id='word_1_749' title='bbox 3303 2604 3407 2658; x_wconf 87' lang='lat' dir='ltr'><strong>illis</strong></span> <span class='ocrx_word' id='word_1_750' title='bbox 3430 2605 3689 2659; x_wconf 84' lang='lat' dir='ltr'><strong>terribilia</strong></span> 
     </span>
    </p>
   </div>
   <div class='ocr_carea' id='block_1_89' title="bbox 2111 2694 3689 2752">
    <p class='ocr_par' dir='ltr' id='par_1_89' title="bbox 2111 2694 3689 2752">
     <span class='ocr_line' id='line_1_89' title="bbox 2111 2694 3689 2752; baseline 0.001 -3"><span class='ocrx_word' id='word_1_751' title='bbox 2111 2703 2163 2749; x_wconf 90' lang='lat' dir='ltr'><strong>et</strong></span> <span class='ocrx_word' id='word_1_752' title='bbox 2190 2694 2520 2749; x_wconf 85' lang='lat' dir='ltr'><strong>intoleranda</strong></span> <span class='ocrx_word' id='word_1_753' title='bbox 2546 2694 2790 2750; x_wconf 87' lang='lat' dir='ltr'><strong>aderunt.</strong></span> <span class='ocrx_word' id='word_1_754' title='bbox 2817 2696 2925 2750; x_wconf 91' lang='lat' dir='ltr'><strong>Cur</strong></span> <span class='ocrx_word' id='word_1_755' title='bbox 2946 2704 3122 2751; x_wconf 88' lang='lat' dir='ltr'><strong>autem</strong></span> <span class='ocrx_word' id='word_1_756' title='bbox 3151 2694 3503 2752; x_wconf 89' lang='lat' dir='ltr'><strong>Sodomorum</strong></span> <span class='ocrx_word' id='word_1_757' title='bbox 3547 2698 3689 2752; x_wconf 86' lang='lat' dir='ltr'><strong>mala</strong></span> 
     </span>
    </p>
   </div>
   <div class='ocr_carea' id='block_1_90' title="bbox 2112 2784 3689 2860">
    <p class='ocr_par' dir='ltr' id='par_1_90' title="bbox 2112 2784 3689 2860">
     <span class='ocr_line' id='line_1_90' title="bbox 2112 2784 3689 2860; baseline 0.004 -21"><span class='ocrx_word' id='word_1_758' title='bbox 2112 2801 2217 2839; x_wconf 89' lang='lat' dir='ltr'><strong>non</strong></span> <span class='ocrx_word' id='word_1_759' title='bbox 2243 2785 2413 2839; x_wconf 73' lang='lat' dir='ltr'><strong>dixit?</strong></span> <span class='ocrx_word' id='word_1_760' title='bbox 2437 2784 2747 2841; x_wconf 88' lang='lat' dir='ltr'><strong>Universale</strong></span> <span class='ocrx_word' id='word_1_761' title='bbox 2776 2787 2988 2841; x_wconf 90' lang='lat' dir='ltr'><strong>volebat</strong></span> <span class='ocrx_word' id='word_1_762' title='bbox 3015 2788 3318 2859; x_wconf 84' lang='lat' dir='ltr'><strong>exemplum</strong></span> <span class='ocrx_word' id='word_1_763' title='bbox 3348 2804 3651 2860; x_wconf 87' lang='lat' dir='ltr'><strong>proponere</strong></span> <span class='ocrx_word' id='word_1_764' title='bbox 3672 2833 3689 2851; x_wconf 89' lang='lat'><strong>,</strong></span> 
     </span>
    </p>
   </div>
   <div class='ocr_carea' id='block_1_91' title="bbox 2111 2877 3689 2947">
    <p class='ocr_par' dir='ltr' id='par_1_91' title="bbox 2111 2877 3689 2947">
     <span class='ocr_line' id='line_1_91' title="bbox 2111 2877 3689 2947; baseline 0.004 -18"><span class='ocrx_word' id='word_1_765' title='bbox 2111 2877 2252 2946; x_wconf 84' lang='lat' dir='ltr'><strong>quod</strong></span> <span class='ocrx_word' id='word_1_766' title='bbox 2299 2887 2576 2947; x_wconf 89' lang='lat' dir='ltr'><strong>postquam</strong></span> <span class='ocrx_word' id='word_1_767' title='bbox 2624 2878 2932 2947; x_wconf 74' lang='lat' dir='ltr'><strong>przedictum</strong></span> <span class='ocrx_word' id='word_1_768' title='bbox 2976 2878 3149 2935; x_wconf 82' lang='lat' dir='ltr'><strong>fuerat</strong></span> <span class='ocrx_word' id='word_1_769' title='bbox 3190 2896 3297 2935; x_wconf 86' lang='lat' dir='ltr'><strong>non</strong></span> <span class='ocrx_word' id='word_1_770' title='bbox 3344 2881 3689 2937; x_wconf 86' lang='lat' dir='ltr'><strong>credebatur.</strong></span> 
     </span>
    </p>
   </div>
   <div class='ocr_carea' id='block_1_92' title="bbox 2114 2966 3695 3041">
    <p class='ocr_par' dir='ltr' id='par_1_92' title="bbox 2114 2966 3695 3041">
     <span class='ocr_line' id='line_1_92' title="bbox 2114 2966 3695 3041; baseline 0.004 -21"><span class='ocrx_word' id='word_1_771' title='bbox 2114 2966 2315 3022; x_wconf 89' lang='lat' dir='ltr'><strong>Idcirco</strong></span> <span class='ocrx_word' id='word_1_772' title='bbox 2335 2968 2457 3038; x_wconf 90' lang='lat' dir='ltr'><strong>quia</strong></span> <span class='ocrx_word' id='word_1_773' title='bbox 2484 2969 2721 3039; x_wconf 87' lang='lat' dir='ltr'><strong>plerique</strong></span> <span class='ocrx_word' id='word_1_774' title='bbox 2742 2971 2918 3023; x_wconf 82' lang='lat' dir='ltr'><strong>futura</strong></span> <span class='ocrx_word' id='word_1_775' title='bbox 2947 2986 3050 3025; x_wconf 94' lang='lat' dir='ltr'><strong>non</strong></span> <span class='ocrx_word' id='word_1_776' title='bbox 3079 2971 3320 3038; x_wconf 88' lang='lat' dir='ltr'><strong>credunt,</strong></span> <span class='ocrx_word' id='word_1_777' title='bbox 3353 2988 3416 3025; x_wconf 88' lang='lat' dir='ltr'><strong>ex</strong></span> <span class='ocrx_word' id='word_1_778' title='bbox 3454 2974 3695 3041; x_wconf 69' lang='lat' dir='ltr'><strong>prmeri-</strong></span> 
     </span>
    </p>
   </div>
   <div class='ocr_carea' id='block_1_93' title="bbox 2114 3058 3688 3132">
    <p class='ocr_par' dir='ltr' id='par_1_93' title="bbox 2114 3058 3688 3132">
     <span class='ocr_line' id='line_1_93' title="bbox 2114 3058 3688 3132; baseline 0.003 -20"><span class='ocrx_word' id='word_1_779' title='bbox 2114 3059 2181 3113; x_wconf 91' lang='lat' dir='ltr'><strong>tis</strong></span> <span class='ocrx_word' id='word_1_780' title='bbox 2220 3060 2330 3127; x_wconf 88' lang='lat' dir='ltr'><strong>ipsa</strong></span> <span class='ocrx_word' id='word_1_781' title='bbox 2372 3058 2681 3125; x_wconf 75' lang='lat' dir='ltr'><strong>confirmat,</strong></span> <span class='ocrx_word' id='word_1_782' title='bbox 2706 3061 3046 3131; x_wconf 89' lang='lat' dir='ltr'><strong>animumque</strong></span> <span class='ocrx_word' id='word_1_783' title='bbox 3087 3063 3317 3132; x_wconf 88' lang='lat' dir='ltr'><strong>ipsorum</strong></span> <span class='ocrx_word' id='word_1_784' title='bbox 3364 3075 3688 3122; x_wconf 80' lang='lat' dir='ltr'><strong>commovet.</strong></span> 
     </span>
    </p>
   </div>
   <div class='ocr_carea' id='block_1_94' title="bbox 2113 3149 3691 3225">
    <p class='ocr_par' dir='ltr' id='par_1_94' title="bbox 2113 3149 3691 3225">
     <span class='ocr_line' id='line_1_94' title="bbox 2113 3149 3691 3225; baseline 0.004 -22"><span class='ocrx_word' id='word_1_785' title='bbox 2113 3149 2191 3203; x_wconf 86' lang='lat' dir='ltr'><strong>Ad</strong></span> <span class='ocrx_word' id='word_1_786' title='bbox 2233 3151 2346 3205; x_wconf 63' lang='lat' dir='ltr'><strong>haec</strong></span> <span class='ocrx_word' id='word_1_787' title='bbox 2380 3150 2505 3205; x_wconf 92' lang='lat' dir='ltr'><strong>illud</strong></span> <span class='ocrx_word' id='word_1_788' title='bbox 2532 3152 2691 3207; x_wconf 87' lang='lat' dir='ltr'><strong>etiam</strong></span> <span class='ocrx_word' id='word_1_789' title='bbox 2733 3152 3027 3207; x_wconf 90' lang='lat' dir='ltr'><strong>ostenditur</strong></span> <span class='ocrx_word' id='word_1_790' title='bbox 3056 3172 3069 3209; x_wconf 87' lang='lat'><strong>:</strong></span> <span class='ocrx_word' id='word_1_791' title='bbox 3098 3154 3266 3223; x_wconf 90' lang='lat' dir='ltr'><strong>ipsum</strong></span> <span class='ocrx_word' id='word_1_792' title='bbox 3297 3171 3487 3225; x_wconf 88' lang='lat' dir='ltr'><strong>nempe</strong></span> <span class='ocrx_word' id='word_1_793' title='bbox 3516 3156 3691 3225; x_wconf 85' lang='lat' dir='ltr'><strong>priora</strong></span> 
     </span>
    </p>
   </div>
   <div class='ocr_carea' id='block_1_95' title="bbox 2113 3241 3689 3317">
    <p class='ocr_par' dir='ltr' id='par_1_95' title="bbox 2113 3241 3689 3317">
     <span class='ocr_line' id='line_1_95' title="bbox 2113 3241 3689 3317; baseline 0.005 -22"><span class='ocrx_word' id='word_1_794' title='bbox 2113 3258 2326 3312; x_wconf 79' lang='lat' dir='ltr'><strong>quoque</strong></span> <span class='ocrx_word' id='word_1_795' title='bbox 2378 3241 2570 3299; x_wconf 86' lang='lat' dir='ltr'><strong>fecisse</strong></span> <span class='ocrx_word' id='word_1_796' title='bbox 2593 3245 2632 3297; x_wconf 75' lang='grc' dir='ltr'><strong>ί.</strong></span> <span class='ocrx_word' id='word_1_797' title='bbox 2661 3245 2786 3299; x_wconf 89' lang='lat' dir='ltr'><strong>Post</strong></span> <span class='ocrx_word' id='word_1_798' title='bbox 2825 3243 2939 3299; x_wconf 64' lang='lat' dir='ltr'><strong>haec</strong></span> <span class='ocrx_word' id='word_1_799' title='bbox 2982 3246 3123 3301; x_wconf 88' lang='lat' dir='ltr'><strong>aliud</strong></span> <span class='ocrx_word' id='word_1_800' title='bbox 3162 3247 3366 3317; x_wconf 83' lang='lat' dir='ltr'><strong>signum</strong></span> <span class='ocrx_word' id='word_1_801' title='bbox 3414 3249 3689 3315; x_wconf 88' lang='lat' dir='ltr'><strong>ostendit,</strong></span> 
     </span>
    </p>
   </div>
   <div class='ocr_carea' id='block_1_96' title="bbox 2111 3333 3692 3409">
    <p class='ocr_par' dir='ltr' id='par_1_96' title="bbox 2111 3333 3692 3409">
     <span class='ocr_line' id='line_1_96' title="bbox 2111 3333 3692 3409; baseline 0.007 -25"><span class='ocrx_word' id='word_1_802' title='bbox 2111 3334 2302 3401; x_wconf 86' lang='lat' dir='ltr'><strong>quibus</strong></span> <span class='ocrx_word' id='word_1_803' title='bbox 2330 3333 2575 3387; x_wconf 89' lang='lat' dir='ltr'><strong>omnibus</strong></span> <span class='ocrx_word' id='word_1_804' title='bbox 2604 3334 2768 3405; x_wconf 82' lang='lat' dir='ltr'><strong>signis</strong></span> <span class='ocrx_word' id='word_1_805' title='bbox 2804 3335 3054 3404; x_wconf 88' lang='lat' dir='ltr'><strong>probatur</strong></span> <span class='ocrx_word' id='word_1_806' title='bbox 3077 3336 3247 3406; x_wconf 91' lang='lat' dir='ltr'><strong>ipsum</strong></span> <span class='ocrx_word' id='word_1_807' title='bbox 3279 3353 3381 3392; x_wconf 93' lang='lat' dir='ltr'><strong>non</strong></span> <span class='ocrx_word' id='word_1_808' title='bbox 3415 3340 3692 3409; x_wconf 82' lang='lat' dir='ltr'><strong>ignorasse</strong></span> 
     </span>
    </p>
   </div>
   <div class='ocr_carea' id='block_1_97' title="bbox 2114 3424 3692 3498">
    <p class='ocr_par' dir='ltr' id='par_1_97' title="bbox 2114 3424 3692 3498">
     <span class='ocr_line' id='line_1_97' title="bbox 2114 3424 3692 3498; baseline 0.006 -20"><span class='ocrx_word' id='word_1_809' title='bbox 2114 3424 2253 3478; x_wconf 90' lang='lat' dir='ltr'><strong>diem</strong></span> <span class='ocrx_word' id='word_1_810' title='bbox 2274 3426 2433 3479; x_wconf 83' lang='lat' dir='ltr'><strong>illam.</strong></span> <span class='ocrx_word' id='word_1_811' title='bbox 2450 3425 2600 3491; x_wconf 92' lang='lat' dir='ltr'><strong>Quod</strong></span> <span class='ocrx_word' id='word_1_812' title='bbox 2621 3438 2793 3482; x_wconf 89' lang='lat' dir='ltr'><strong>autem</strong></span> <span class='ocrx_word' id='word_1_813' title='bbox 2812 3438 2894 3483; x_wconf 90' lang='lat' dir='ltr'><strong>est</strong></span> <span class='ocrx_word' id='word_1_814' title='bbox 2912 3428 3153 3498; x_wconf 83' lang='lat' dir='ltr'><strong>signum?</strong></span> <span class='ocrx_word' id='word_1_815' title='bbox 3170 3431 3255 3484; x_wconf 72' lang='lat'><strong>40.</strong></span> <span class='ocrx_word' id='word_1_816' title='bbox 3279 3430 3418 3485; x_wconf 87' lang='lat' dir='ltr'><strong>Tunc</strong></span> <span class='ocrx_word' id='word_1_817' title='bbox 3434 3433 3535 3486; x_wconf 88' lang='lat' dir='ltr'><strong>duo</strong></span> <span class='ocrx_word' id='word_1_818' title='bbox 3550 3443 3692 3487; x_wconf 70' lang='lat' dir='ltr'><strong>eram</strong></span> 
     </span>
    </p>
   </div>
   <div class='ocr_carea' id='block_1_98' title="bbox 2114 3517 3693 3591">
    <p class='ocr_par' dir='ltr' id='par_1_98' title="bbox 2114 3517 3693 3591">
     <span class='ocr_line' id='line_1_98' title="bbox 2114 3517 3693 3591; baseline 0.007 -23"><span class='ocrx_word' id='word_1_819' title='bbox 2114 3517 2167 3569; x_wconf 91' lang='lat' dir='ltr'><strong>in</strong></span> <span class='ocrx_word' id='word_1_820' title='bbox 2193 3533 2315 3587; x_wconf 88' lang='lat' dir='ltr'><strong>agro</strong></span> <span class='ocrx_word' id='word_1_821' title='bbox 2336 3558 2349 3577; x_wconf 86' lang='lat'><strong>,</strong></span> <span class='ocrx_word' id='word_1_822' title='bbox 2380 3533 2509 3571; x_wconf 87' lang='lat' dir='ltr'><strong>unus</strong></span> <span class='ocrx_word' id='word_1_823' title='bbox 2536 3529 2846 3584; x_wconf 87' lang='lat' dir='ltr'><strong>assuntetur,</strong></span> <span class='ocrx_word' id='word_1_824' title='bbox 2872 3530 2917 3573; x_wconf 87' lang='lat' dir='ltr'><strong>et</strong></span> <span class='ocrx_word' id='word_1_825' title='bbox 2941 3520 3069 3573; x_wconf 83' lang='lat' dir='ltr'><strong>alter</strong></span> <span class='ocrx_word' id='word_1_826' title='bbox 3094 3522 3397 3591; x_wconf 85' lang='lat' dir='ltr'><strong>relinquetur</strong></span> <span class='ocrx_word' id='word_1_827' title='bbox 3419 3539 3439 3576; x_wconf 92' lang='lat'><strong><em>:</em></strong></span> <span class='ocrx_word' id='word_1_828' title='bbox 3460 3524 3547 3577; x_wconf 74' lang='grc'><strong>41.</strong></span> <span class='ocrx_word' id='word_1_829' title='bbox 3579 3527 3693 3579; x_wconf 74' lang='lat' dir='ltr'><strong>duc</strong></span> 
     </span>
    </p>
   </div>
   <div class='ocr_carea' id='block_1_99' title="bbox 2114 3609 3686 3685">
    <p class='ocr_par' dir='ltr' id='par_1_99' title="bbox 2114 3609 3686 3685">
     <span class='ocr_line' id='line_1_99' title="bbox 2114 3609 3686 3685; baseline 0.005 -24"><span class='ocrx_word' id='word_1_830' title='bbox 2114 3612 2354 3663; x_wconf 86' lang='lat' dir='ltr'><strong>molentcs</strong></span> <span class='ocrx_word' id='word_1_831' title='bbox 2394 3610 2445 3663; x_wconf 86' lang='lat' dir='ltr'><strong>in</strong></span> <span class='ocrx_word' id='word_1_832' title='bbox 2480 3609 2644 3675; x_wconf 84' lang='lat' dir='ltr'><strong>mola,</strong></span> <span class='ocrx_word' id='word_1_833' title='bbox 2678 3628 2779 3665; x_wconf 86' lang='lat' dir='ltr'><strong>una</strong></span> <span class='ocrx_word' id='word_1_834' title='bbox 2806 3622 3117 3679; x_wconf 85' lang='lat' dir='ltr'><strong>assumetur,</strong></span> <span class='ocrx_word' id='word_1_835' title='bbox 3147 3623 3192 3667; x_wconf 89' lang='lat' dir='ltr'><strong>et</strong></span> <span class='ocrx_word' id='word_1_836' title='bbox 3231 3631 3335 3668; x_wconf 84' lang='lat' dir='ltr'><strong>una</strong></span> <span class='ocrx_word' id='word_1_837' title='bbox 3363 3616 3686 3685; x_wconf 83' lang='lat' dir='ltr'><strong>relinquetur.</strong></span> 
     </span>
    </p>
   </div>
   <div class='ocr_carea' id='block_1_100' title="bbox 2115 3702 3691 3774">
    <p class='ocr_par' dir='ltr' id='par_1_100' title="bbox 2115 3702 3691 3774">
     <span class='ocr_line' id='line_1_100' title="bbox 2115 3702 3691 3774; baseline 0.004 -17"><span class='ocrx_word' id='word_1_838' title='bbox 2115 3702 2204 3757; x_wconf 70' lang='grc'><strong>42.</strong></span> <span class='ocrx_word' id='word_1_839' title='bbox 2247 3702 2457 3774; x_wconf 84' lang='lat' dir='ltr'><strong>Vigilate</strong></span> <span class='ocrx_word' id='word_1_840' title='bbox 2480 3720 2617 3774; x_wconf 89' lang='lat' dir='ltr'><strong>ergo,</strong></span> <span class='ocrx_word' id='word_1_841' title='bbox 2640 3705 2756 3773; x_wconf 85' lang='lat' dir='ltr'><strong>quia</strong></span> <span class='ocrx_word' id='word_1_842' title='bbox 2782 3705 2979 3758; x_wconf 87' lang='lat' dir='ltr'><strong>nescitis</strong></span> <span class='ocrx_word' id='word_1_843' title='bbox 3000 3721 3099 3772; x_wconf 90' lang='lat' dir='ltr'><strong>qua</strong></span> <span class='ocrx_word' id='word_1_844' title='bbox 3118 3706 3242 3760; x_wconf 88' lang='lat' dir='ltr'><strong>hora</strong></span> <span class='ocrx_word' id='word_1_845' title='bbox 3272 3705 3517 3762; x_wconf 87' lang='lat' dir='ltr'><strong>Dominus</strong></span> <span class='ocrx_word' id='word_1_846' title='bbox 3537 3720 3691 3764; x_wconf 79' lang='lat' dir='ltr'><strong>vester</strong></span> 
     </span>
    </p>
   </div>
   <div class='ocr_carea' id='block_1_101' title="bbox 2116 3796 3689 3869">
    <p class='ocr_par' dir='ltr' id='par_1_101' title="bbox 2116 3796 3689 3869">
     <span class='ocr_line' id='line_1_101' title="bbox 2116 3796 3689 3869; baseline 0.005 -20"><span class='ocrx_word' id='word_1_847' title='bbox 2116 3804 2348 3850; x_wconf 78' lang='lat' dir='ltr'><strong>venturus</strong></span> <span class='ocrx_word' id='word_1_848' title='bbox 2376 3798 2456 3849; x_wconf 85' lang='lat' dir='ltr'><strong>sit.</strong></span> <span class='ocrx_word' id='word_1_849' title='bbox 2500 3796 2623 3850; x_wconf 80' lang='lat' dir='ltr'><strong>lianc</strong></span> <span class='ocrx_word' id='word_1_850' title='bbox 2659 3797 2833 3850; x_wconf 88' lang='lat' dir='ltr'><strong>omnia</strong></span> <span class='ocrx_word' id='word_1_851' title='bbox 2863 3807 3176 3867; x_wconf 78' lang='lat' dir='ltr'><strong>argumento</strong></span> <span class='ocrx_word' id='word_1_852' title='bbox 3209 3806 3333 3854; x_wconf 91' lang='lat' dir='ltr'><strong>sunt</strong></span> <span class='ocrx_word' id='word_1_853' title='bbox 3374 3801 3546 3869; x_wconf 87' lang='lat' dir='ltr'><strong>ipsum</strong></span> <span class='ocrx_word' id='word_1_854' title='bbox 3589 3818 3689 3857; x_wconf 90' lang='lat' dir='ltr'><strong>non</strong></span> 
     </span>
    </p>
   </div>
   <div class='ocr_carea' id='block_1_102' title="bbox 2120 3888 3686 3962">
    <p class='ocr_par' dir='ltr' id='par_1_102' title="bbox 2120 3888 3686 3962">
     <span class='ocr_line' id='line_1_102' title="bbox 2120 3888 3686 3962; baseline 0.005 -22"><span class='ocrx_word' id='word_1_855' title='bbox 2120 3888 2364 3957; x_wconf 85' lang='lat' dir='ltr'><strong>ignorare</strong></span> <span class='ocrx_word' id='word_1_856' title='bbox 2387 3931 2403 3952; x_wconf 85' lang='lat'><strong>,</strong></span> <span class='ocrx_word' id='word_1_857' title='bbox 2442 3888 2835 3960; x_wconf 87' lang='lat' dir='ltr'><strong>discipulosque</strong></span> <span class='ocrx_word' id='word_1_858' title='bbox 2877 3890 2945 3945; x_wconf 89' lang='lat' dir='ltr'><strong>ab</strong></span> <span class='ocrx_word' id='word_1_859' title='bbox 2982 3892 3358 3962; x_wconf 76' lang='lat' dir='ltr'><strong>interrogando</strong></span> <span class='ocrx_word' id='word_1_860' title='bbox 3396 3893 3686 3950; x_wconf 82' lang='lat' dir='ltr'><strong>deterrere.</strong></span> 
     </span>
    </p>
   </div>
   <div class='ocr_carea' id='block_1_103' title="bbox 2119 3978 3686 4055">
    <p class='ocr_par' dir='ltr' id='par_1_103' title="bbox 2119 3978 3686 4055">
     <span class='ocr_line' id='line_1_103' title="bbox 2119 3978 3686 4055; baseline 0.004 -23"><span class='ocrx_word' id='word_1_861' title='bbox 2119 3978 2241 4035; x_wconf 88' lang='lat' dir='ltr'><strong>Ideo</strong></span> <span class='ocrx_word' id='word_1_862' title='bbox 2270 3981 2401 4034; x_wconf 78' lang='lat' dir='ltr'><strong>dixit</strong></span> <span class='ocrx_word' id='word_1_863' title='bbox 2439 3991 2493 4036; x_wconf 92' lang='lat' dir='ltr'><strong>et</strong></span> <span class='ocrx_word' id='word_1_864' title='bbox 2530 3981 2643 4036; x_wconf 87' lang='lat' dir='ltr'><strong>dies</strong></span> <span class='ocrx_word' id='word_1_865' title='bbox 2670 3981 2801 4047; x_wconf 89' lang='lat' dir='ltr'><strong>Noe,</strong></span> <span class='ocrx_word' id='word_1_866' title='bbox 2832 3993 2906 4048; x_wconf 85' lang='lat' dir='ltr'><strong>et,</strong></span> <span class='ocrx_word' id='word_1_867' title='bbox 2934 3980 3053 4037; x_wconf 86' lang='lat' dir='ltr'><strong>Duo</strong></span> <span class='ocrx_word' id='word_1_868' title='bbox 3080 3984 3133 4037; x_wconf 89' lang='lat' dir='ltr'><strong>in</strong></span> <span class='ocrx_word' id='word_1_869' title='bbox 3169 4001 3291 4055; x_wconf 89' lang='lat' dir='ltr'><strong>agro</strong></span> <span class='ocrx_word' id='word_1_870' title='bbox 3310 3987 3352 4051; x_wconf 78' lang='lat'><strong>&#39;,</strong></span> <span class='ocrx_word' id='word_1_871' title='bbox 3380 3987 3686 4055; x_wconf 78' lang='lat' dir='ltr'><strong>Ostendeus,</strong></span> 
     </span>
    </p>
   </div>
   <div class='ocr_carea' id='block_1_104' title="bbox 2120 4070 3689 4141">
    <p class='ocr_par' dir='ltr' id='par_1_104' title="bbox 2120 4070 3689 4141">
     <span class='ocr_line' id='line_1_104' title="bbox 2120 4070 3689 4141; baseline 0.006 -19"><span class='ocrx_word' id='word_1_872' title='bbox 2120 4070 2288 4139; x_wconf 87' lang='lat' dir='ltr'><strong>ipsum</strong></span> <span class='ocrx_word' id='word_1_873' title='bbox 2311 4072 2387 4125; x_wconf 88' lang='lat' dir='ltr'><strong>sic</strong></span> <span class='ocrx_word' id='word_1_874' title='bbox 2412 4072 2849 4141; x_wconf 84' lang='lat' dir='ltr'><strong>inexspectatum,</strong></span> <span class='ocrx_word' id='word_1_875' title='bbox 2880 4074 2980 4126; x_wconf 91' lang='lat' dir='ltr'><strong>illis</strong></span> <span class='ocrx_word' id='word_1_876' title='bbox 3003 4073 3134 4127; x_wconf 90' lang='lat' dir='ltr'><strong>nihil</strong></span> <span class='ocrx_word' id='word_1_877' title='bbox 3155 4075 3481 4141; x_wconf 87' lang='lat' dir='ltr'><strong>curantibus,</strong></span> <span class='ocrx_word' id='word_1_878' title='bbox 3507 4087 3689 4130; x_wconf 79' lang='lat' dir='ltr'><strong>ventu-</strong></span> 
     </span>
    </p>
   </div>
   <div class='ocr_carea' id='block_1_105' title="bbox 2118 4164 3686 4236">
    <p class='ocr_par' dir='ltr' id='par_1_105' title="bbox 2118 4164 3686 4236">
     <span class='ocr_line' id='line_1_105' title="bbox 2118 4164 3686 4236; baseline 0.005 -21"><span class='ocrx_word' id='word_1_879' title='bbox 2118 4178 2233 4216; x_wconf 89' lang='lat' dir='ltr'><strong>rum</strong></span> <span class='ocrx_word' id='word_1_880' title='bbox 2264 4178 2420 4225; x_wconf 89' lang='lat' dir='ltr'><strong>esse;</strong></span> <span class='ocrx_word' id='word_1_881' title='bbox 2458 4175 2539 4229; x_wconf 92' lang='lat' dir='ltr'><strong>et,</strong></span> <span class='ocrx_word' id='word_1_882' title='bbox 2584 4164 2712 4218; x_wconf 77' lang='lat' dir='ltr'><strong>Duo:</strong></span> <span class='ocrx_word' id='word_1_883' title='bbox 2752 4166 3020 4229; x_wconf 81' lang='lat' dir='ltr'><strong>metentes,</strong></span> <span class='ocrx_word' id='word_1_884' title='bbox 3051 4166 3100 4220; x_wconf 92' lang='lat' dir='ltr'><strong>id</strong></span> <span class='ocrx_word' id='word_1_885' title='bbox 3132 4167 3270 4236; x_wconf 91' lang='lat' dir='ltr'><strong>quod</strong></span> <span class='ocrx_word' id='word_1_886' title='bbox 3299 4168 3456 4221; x_wconf 88' lang='lat' dir='ltr'><strong>etiam</strong></span> <span class='ocrx_word' id='word_1_887' title='bbox 3495 4170 3686 4223; x_wconf 78' lang='lat' dir='ltr'><strong>nullam</strong></span> 
     </span>
    </p>
   </div>
   <div class='ocr_carea' id='block_1_106' title="bbox 2118 4256 3689 4327">
    <p class='ocr_par' dir='ltr' id='par_1_106' title="bbox 2118 4256 3689 4327">
     <span class='ocr_line' id='line_1_106' title="bbox 2118 4256 3689 4327; baseline 0.003 -18"><span class='ocrx_word' id='word_1_888' title='bbox 2118 4256 2526 4311; x_wconf 87' lang='lat' dir='ltr'><strong>sollicitudinem</strong></span> <span class='ocrx_word' id='word_1_889' title='bbox 2557 4256 2785 4312; x_wconf 80' lang='lat' dir='ltr'><strong>exhibet.</strong></span> <span class='ocrx_word' id='word_1_890' title='bbox 2816 4256 2895 4311; x_wconf 86' lang='lat' dir='ltr'><strong>Ad</strong></span> <span class='ocrx_word' id='word_1_891' title='bbox 2925 4257 3055 4321; x_wconf 74' lang='lat' dir='ltr'><strong>lucc,</strong></span> <span class='ocrx_word' id='word_1_892' title='bbox 3080 4258 3220 4327; x_wconf 91' lang='lat' dir='ltr'><strong>quod</strong></span> <span class='ocrx_word' id='word_1_893' title='bbox 3248 4267 3301 4313; x_wconf 88' lang='lat' dir='ltr'><strong>et</strong></span> <span class='ocrx_word' id='word_1_894' title='bbox 3328 4260 3489 4321; x_wconf 80' lang='lat' dir='ltr'><strong>servi.</strong></span> <span class='ocrx_word' id='word_1_895' title='bbox 3520 4273 3574 4315; x_wconf 91' lang='lat' dir='ltr'><strong>et</strong></span> <span class='ocrx_word' id='word_1_896' title='bbox 3600 4261 3689 4314; x_wconf 56' lang='lat' dir='ltr'><strong>de.</strong></span> 
     </span>
    </p>
   </div>
   <div class='ocr_carea' id='block_1_107' title="bbox 2120 4348 3688 4421">
    <p class='ocr_par' dir='ltr' id='par_1_107' title="bbox 2120 4348 3688 4421">
     <span class='ocr_line' id='line_1_107' title="bbox 2120 4348 3688 4421; baseline 0.003 -21"><span class='ocrx_word' id='word_1_897' title='bbox 2120 4348 2269 4414; x_wconf 90' lang='lat' dir='ltr'><strong>mini,</strong></span> <span class='ocrx_word' id='word_1_898' title='bbox 2302 4358 2353 4402; x_wconf 90' lang='lat' dir='ltr'><strong>et</strong></span> <span class='ocrx_word' id='word_1_899' title='bbox 2379 4358 2713 4403; x_wconf 79' lang='lat' dir='ltr'><strong>assumantur</strong></span> <span class='ocrx_word' id='word_1_900' title='bbox 2740 4358 2792 4402; x_wconf 91' lang='lat' dir='ltr'><strong>et</strong></span> <span class='ocrx_word' id='word_1_901' title='bbox 2823 4348 3221 4418; x_wconf 87' lang='lat' dir='ltr'><strong>relinquantur;</strong></span> <span class='ocrx_word' id='word_1_902' title='bbox 3250 4351 3336 4419; x_wconf 91' lang='lat' dir='ltr'><strong>qui</strong></span> <span class='ocrx_word' id='word_1_903' title='bbox 3365 4351 3417 4404; x_wconf 92' lang='lat' dir='ltr'><strong>in</strong></span> <span class='ocrx_word' id='word_1_904' title='bbox 3445 4352 3577 4415; x_wconf 91' lang='lat' dir='ltr'><strong>otio,</strong></span> <span class='ocrx_word' id='word_1_905' title='bbox 3605 4351 3688 4421; x_wconf 87' lang='lat' dir='ltr'><strong>qui</strong></span> 
     </span>
    </p>
   </div>
   <div class='ocr_carea' id='block_1_108' title="bbox 2120 4438 3688 4508">
    <p class='ocr_par' dir='ltr' id='par_1_108' title="bbox 2120 4438 3688 4508">
     <span class='ocr_line' id='line_1_108' title="bbox 2120 4438 3688 4508; baseline 0.004 -18"><span class='ocrx_word' id='word_1_906' title='bbox 2120 4438 2170 4490; x_wconf 95' lang='lat' dir='ltr'><strong>in</strong></span> <span class='ocrx_word' id='word_1_907' title='bbox 2202 4438 2401 4503; x_wconf 76' lang='lat' dir='ltr'><strong>labore,</strong></span> <span class='ocrx_word' id='word_1_908' title='bbox 2429 4454 2491 4491; x_wconf 85' lang='lat' dir='ltr'><strong>ex</strong></span> <span class='ocrx_word' id='word_1_909' title='bbox 2519 4438 2617 4492; x_wconf 86' lang='lat' dir='ltr'><strong>hac</strong></span> <span class='ocrx_word' id='word_1_910' title='bbox 2645 4448 2698 4492; x_wconf 90' lang='lat' dir='ltr'><strong>et</strong></span> <span class='ocrx_word' id='word_1_911' title='bbox 2725 4454 2788 4493; x_wconf 86' lang='lat' dir='ltr'><strong>ex</strong></span> <span class='ocrx_word' id='word_1_912' title='bbox 2816 4440 2919 4494; x_wconf 90' lang='lat' dir='ltr'><strong>alia</strong></span> <span class='ocrx_word' id='word_1_913' title='bbox 2948 4439 3201 4508; x_wconf 84' lang='lat' dir='ltr'><strong>dignitate</strong></span> <span class='ocrx_word' id='word_1_914' title='bbox 3230 4459 3243 4494; x_wconf 86' lang='lat'><strong>:</strong></span> <span class='ocrx_word' id='word_1_915' title='bbox 3270 4440 3406 4494; x_wconf 90' lang='lat' dir='ltr'><strong>sicut</strong></span> <span class='ocrx_word' id='word_1_916' title='bbox 3434 4442 3487 4495; x_wconf 90' lang='lat' dir='ltr'><strong>in</strong></span> <span class='ocrx_word' id='word_1_917' title='bbox 3520 4442 3688 4496; x_wconf 77' lang='lat' dir='ltr'><strong>Veteri</strong></span> 
     </span>
    </p>
   </div>
   <div class='ocr_carea' id='block_1_109' title="bbox 2118 4528 3689 4601">
    <p class='ocr_par' dir='ltr' id='par_1_109' title="bbox 2118 4528 3689 4601">
     <span class='ocr_line' id='line_1_109' title="bbox 2118 4528 3689 4601; baseline 0.003 -22"><span class='ocrx_word' id='word_1_918' title='bbox 2118 4544 2329 4598; x_wconf 83' lang='lat' dir='ltr'><strong>quoque</strong></span> <span class='ocrx_word' id='word_1_919' title='bbox 2366 4528 2634 4597; x_wconf 79' lang='lat' dir='ltr'><strong>Scriptura</strong></span> <span class='ocrx_word' id='word_1_920' title='bbox 2663 4528 2875 4593; x_wconf 90' lang='lat' dir='ltr'><strong>dicitur,</strong></span> <span class='ocrx_word' id='word_1_921' title='bbox 2909 4530 2949 4581; x_wconf 86' lang='grc' dir='ltr'><em>Α</em></span> <span class='ocrx_word' id='word_1_922' title='bbox 2988 4529 3188 4583; x_wconf 84' lang='lat' dir='ltr'><strong>cedente</strong></span> <span class='ocrx_word' id='word_1_923' title='bbox 3212 4532 3262 4583; x_wconf 87' lang='lat' dir='ltr'><strong>in</strong></span> <span class='ocrx_word' id='word_1_924' title='bbox 3293 4531 3418 4582; x_wconf 89' lang='lat' dir='ltr'><strong>solio</strong></span> <span class='ocrx_word' id='word_1_925' title='bbox 3447 4548 3601 4601; x_wconf 84' lang='lat' dir='ltr'><strong>usque</strong></span> <span class='ocrx_word' id='word_1_926' title='bbox 3629 4533 3689 4584; x_wconf 81' lang='lat' dir='ltr'><strong>ad</strong></span> 
     </span>
    </p>
   </div>
   <div class='ocr_carea' id='block_1_110' title="bbox 2118 4618 3688 4690">
    <p class='ocr_par' dir='ltr' id='par_1_110' title="bbox 2118 4618 3688 4690">
     <span class='ocr_line' id='line_1_110' title="bbox 2118 4618 3688 4690; baseline 0.004 -19"><span class='ocrx_word' id='word_1_927' title='bbox 2118 4620 2365 4688; x_wconf 82' lang='lat' dir='ltr'><strong>captivam</strong></span> <span class='ocrx_word' id='word_1_928' title='bbox 2391 4635 2504 4690; x_wconf 81' lang='lat' dir='ltr'><strong>qute</strong></span> <span class='ocrx_word' id='word_1_929' title='bbox 2530 4620 2583 4673; x_wconf 88' lang='lat' dir='ltr'><strong>in</strong></span> <span class='ocrx_word' id='word_1_930' title='bbox 2616 4621 2749 4674; x_wconf 88' lang='lat' dir='ltr'><strong>mola</strong></span> <span class='ocrx_word' id='word_1_931' title='bbox 2782 4628 2852 4675; x_wconf 87' lang='lat' dir='ltr'><strong>est</strong></span> <span class='ocrx_word' id='word_1_932' title='bbox 2881 4619 3088 4690; x_wconf 72' lang='lat' dir='ltr'><strong>(Exod.</strong></span> <span class='ocrx_word' id='word_1_933' title='bbox 3129 4621 3216 4675; x_wconf 79' lang='lat' dir='ltr'><strong>ll.</strong></span> <span class='ocrx_word' id='word_1_934' title='bbox 3258 4618 3351 4690; x_wconf 84' lang='lat'><strong>5).</strong></span> <span class='ocrx_word' id='word_1_935' title='bbox 3388 4622 3523 4689; x_wconf 88' lang='lat' dir='ltr'><strong>Quia</strong></span> <span class='ocrx_word' id='word_1_936' title='bbox 3553 4624 3688 4678; x_wconf 90' lang='lat' dir='ltr'><strong>enim</strong></span> 
     </span>
    </p>
   </div>
   <div class='ocr_carea' id='block_1_111' title="bbox 2119 4710 3690 4786">
    <p class='ocr_par' dir='ltr' id='par_1_111' title="bbox 2119 4710 3690 4786">
     <span class='ocr_line' id='line_1_111' title="bbox 2119 4710 3690 4786; baseline 0.003 -20"><span class='ocrx_word' id='word_1_937' title='bbox 2119 4710 2267 4775; x_wconf 81' lang='lat' dir='ltr'><strong>dixit,</strong></span> <span class='ocrx_word' id='word_1_938' title='bbox 2300 4712 2490 4767; x_wconf 85' lang='lat' dir='ltr'><strong>divites</strong></span> <span class='ocrx_word' id='word_1_939' title='bbox 2512 4713 2729 4768; x_wconf 82' lang='lat' dir='ltr'><strong>difﬁcile</strong></span> <span class='ocrx_word' id='word_1_940' title='bbox 2756 4714 2931 4768; x_wconf 88' lang='lat' dir='ltr'><strong>salvos</strong></span> <span class='ocrx_word' id='word_1_941' title='bbox 2960 4712 3094 4781; x_wconf 79' lang='lat' dir='ltr'><strong>ﬁeri,</strong></span> <span class='ocrx_word' id='word_1_942' title='bbox 3117 4714 3366 4779; x_wconf 89' lang='lat' dir='ltr'><strong>ostendit,</strong></span> <span class='ocrx_word' id='word_1_943' title='bbox 3400 4730 3576 4786; x_wconf 84' lang='lat' dir='ltr'><strong>neque</strong></span> <span class='ocrx_word' id='word_1_944' title='bbox 3600 4715 3690 4770; x_wconf 84' lang='lat' dir='ltr'><strong>hos</strong></span> 
     </span>
    </p>
   </div>
   <div class='ocr_carea' id='block_1_112' title="bbox 2118 4804 3689 4875">
    <p class='ocr_par' dir='ltr' id='par_1_112' title="bbox 2118 4804 3689 4875">
     <span class='ocr_line' id='line_1_112' title="bbox 2118 4804 3689 4875; baseline 0.004 -20"><span class='ocrx_word' id='word_1_945' title='bbox 2118 4817 2303 4856; x_wconf 86' lang='lat' dir='ltr'><strong>omnes</strong></span> <span class='ocrx_word' id='word_1_946' title='bbox 2329 4804 2588 4872; x_wconf 88' lang='lat' dir='ltr'><strong>perituros</strong></span> <span class='ocrx_word' id='word_1_947' title='bbox 2615 4819 2754 4869; x_wconf 90' lang='lat' dir='ltr'><strong>esse,</strong></span> <span class='ocrx_word' id='word_1_948' title='bbox 2782 4819 2953 4874; x_wconf 91' lang='lat' dir='ltr'><strong>neque</strong></span> <span class='ocrx_word' id='word_1_949' title='bbox 2977 4819 3235 4875; x_wconf 90' lang='lat' dir='ltr'><strong>pauperes</strong></span> <span class='ocrx_word' id='word_1_950' title='bbox 3260 4819 3446 4861; x_wconf 88' lang='lat' dir='ltr'><strong>omnes</strong></span> <span class='ocrx_word' id='word_1_951' title='bbox 3474 4807 3689 4862; x_wconf 84' lang='lat' dir='ltr'><strong>salutent</strong></span> 
     </span>
    </p>
   </div>
   <div class='ocr_carea' id='block_1_113' title="bbox 2118 4896 3690 4966">
    <p class='ocr_par' dir='ltr' id='par_1_113' title="bbox 2118 4896 3690 4966">
     <span class='ocr_line' id='line_1_113' title="bbox 2118 4896 3690 4966; baseline 0.003 -17"><span class='ocrx_word' id='word_1_952' title='bbox 2118 4905 2570 4964; x_wconf 89' lang='lat' dir='ltr'><strong>consequuturos,</strong></span> <span class='ocrx_word' id='word_1_953' title='bbox 2616 4896 2708 4950; x_wconf 88' lang='lat' dir='ltr'><strong>sed</strong></span> <span class='ocrx_word' id='word_1_954' title='bbox 2755 4911 2821 4950; x_wconf 87' lang='lat' dir='ltr'><strong>ex</strong></span> <span class='ocrx_word' id='word_1_955' title='bbox 2869 4897 3106 4966; x_wconf 88' lang='lat' dir='ltr'><strong>utrisque</strong></span> <span class='ocrx_word' id='word_1_956' title='bbox 3147 4896 3404 4966; x_wconf 82' lang='lat' dir='ltr'><strong>quosdam</strong></span> <span class='ocrx_word' id='word_1_957' title='bbox 3453 4900 3690 4964; x_wconf 85' lang='lat' dir='ltr'><strong>servari,</strong></span> 
     </span>
    </p>
   </div>
   <div class='ocr_carea' id='block_1_114' title="bbox 2118 4984 3691 5057">
    <p class='ocr_par' dir='ltr' id='par_1_114' title="bbox 2118 4984 3691 5057">
     <span class='ocr_line' id='line_1_114' title="bbox 2118 4984 3691 5057; baseline 0.003 -19"><span class='ocrx_word' id='word_1_958' title='bbox 2118 4984 2373 5053; x_wconf 86' lang='lat' dir='ltr'><strong>quosdam</strong></span> <span class='ocrx_word' id='word_1_959' title='bbox 2414 4984 2607 5054; x_wconf 87' lang='lat' dir='ltr'><strong>perire.</strong></span> <span class='ocrx_word' id='word_1_960' title='bbox 2646 4985 2860 5041; x_wconf 82' lang='lat' dir='ltr'><strong>Videtur</strong></span> <span class='ocrx_word' id='word_1_961' title='bbox 2893 4995 3070 5040; x_wconf 90' lang='lat' dir='ltr'><strong>autem</strong></span> <span class='ocrx_word' id='word_1_962' title='bbox 3114 4985 3243 5040; x_wconf 87' lang='lat' dir='ltr'><strong>mihi</strong></span> <span class='ocrx_word' id='word_1_963' title='bbox 3278 4987 3577 5057; x_wconf 70' lang='lat' dir='ltr'><strong>signiﬁcem</strong></span> <span class='ocrx_word' id='word_1_964' title='bbox 3605 4988 3691 5043; x_wconf 86' lang='lat' dir='ltr'><strong>ad-</strong></span> 
     </span>
    </p>
   </div>
   <div class='ocr_carea' id='block_1_115' title="bbox 2117 5075 3691 5134">
    <p class='ocr_par' dir='ltr' id='par_1_115' title="bbox 2117 5075 3691 5134">
     <span class='ocr_line' id='line_1_115' title="bbox 2117 5075 3691 5134; baseline 0.003 -5"><span class='ocrx_word' id='word_1_965' title='bbox 2117 5086 2331 5130; x_wconf 85' lang='lat' dir='ltr'><strong>ventum</strong></span> <span class='ocrx_word' id='word_1_966' title='bbox 2361 5076 2410 5131; x_wconf 91' lang='lat' dir='ltr'><strong>in</strong></span> <span class='ocrx_word' id='word_1_967' title='bbox 2433 5086 2586 5131; x_wconf 89' lang='lat' dir='ltr'><strong>nocte</strong></span> <span class='ocrx_word' id='word_1_968' title='bbox 2608 5075 2836 5131; x_wconf 76' lang='lat' dir='ltr'><strong>futurum</strong></span> <span class='ocrx_word' id='word_1_969' title='bbox 2858 5091 2995 5132; x_wconf 86' lang='lat' dir='ltr'><strong>esse.</strong></span> <span class='ocrx_word' id='word_1_970' title='bbox 3024 5076 3155 5131; x_wconf 91' lang='lat' dir='ltr'><strong>Illud</strong></span> <span class='ocrx_word' id='word_1_971' title='bbox 3176 5077 3317 5131; x_wconf 88' lang='lat' dir='ltr'><strong>enim</strong></span> <span class='ocrx_word' id='word_1_972' title='bbox 3343 5080 3502 5133; x_wconf 89' lang='lat' dir='ltr'><strong>etiam</strong></span> <span class='ocrx_word' id='word_1_973' title='bbox 3526 5079 3691 5134; x_wconf 82' lang='lat' dir='ltr'><strong>Lucas</strong></span> 
     </span>
    </p>
   </div>
   <div class='ocr_carea' id='block_1_116' title="bbox 2118 5167 3691 5238">
    <p class='ocr_par' dir='ltr' id='par_1_116' title="bbox 2118 5167 3691 5238">
     <span class='ocr_line' id='line_1_116' title="bbox 2118 5167 3691 5238; baseline 0.002 -18"><span class='ocrx_word' id='word_1_974' title='bbox 2118 5168 2267 5238; x_wconf 79' lang='lat' dir='ltr'><strong>(Cap.</strong></span> <span class='ocrx_word' id='word_1_975' title='bbox 2298 5168 2384 5223; x_wconf 80' lang='lat' dir='ltr'><strong>l7.</strong></span> <span class='ocrx_word' id='word_1_976' title='bbox 2415 5168 2518 5238; x_wconf 67' lang='lat' dir='ltr'><strong>3s)</strong></span> <span class='ocrx_word' id='word_1_977' title='bbox 2558 5167 2707 5222; x_wconf 92' lang='lat' dir='ltr'><strong>dicit.</strong></span> <span class='ocrx_word' id='word_1_978' title='bbox 2738 5168 2921 5222; x_wconf 84' lang='lat' dir='ltr'><strong>Videu‘</strong></span> <span class='ocrx_word' id='word_1_979' title='bbox 2957 5167 3222 5238; x_wconf 86' lang='lat' dir='ltr'><strong>quomodo</strong></span> <span class='ocrx_word' id='word_1_980' title='bbox 3246 5168 3423 5223; x_wconf 87' lang='lat' dir='ltr'><strong>omnia</strong></span> <span class='ocrx_word' id='word_1_981' title='bbox 3446 5181 3691 5226; x_wconf 85' lang='lat' dir='ltr'><strong>accurate</strong></span> 
     </span>
    </p>
   </div>
   <div class='ocr_carea' id='block_1_117' title="bbox 2119 5260 3692 5334">
    <p class='ocr_par' dir='ltr' id='par_1_117' title="bbox 2119 5260 3692 5334">
     <span class='ocr_line' id='line_1_117' title="bbox 2119 5260 3692 5334; baseline -0.002 -17"><span class='ocrx_word' id='word_1_982' title='bbox 2119 5261 2306 5318; x_wconf 81' lang='lat' dir='ltr'><strong>novit?</strong></span> <span class='ocrx_word' id='word_1_983' title='bbox 2344 5261 2571 5326; x_wconf 89' lang='lat' dir='ltr'><strong>Deinde,</strong></span> <span class='ocrx_word' id='word_1_984' title='bbox 2604 5277 2672 5318; x_wconf 89' lang='lat' dir='ltr'><strong>ne</strong></span> <span class='ocrx_word' id='word_1_985' title='bbox 2700 5263 3106 5331; x_wconf 78' lang='lat' dir='ltr'><strong>interrogarent,</strong></span> <span class='ocrx_word' id='word_1_986' title='bbox 3132 5260 3402 5332; x_wconf 73' lang='lat' dir='ltr'><strong>subiunxit</strong></span> <span class='ocrx_word' id='word_1_987' title='bbox 3431 5280 3444 5316; x_wconf 90' lang='lat'>:</span> <span class='ocrx_word' id='word_1_988' title='bbox 3485 5261 3692 5334; x_wconf 77' lang='lat' dir='ltr'><strong>Vigilate</strong></span> 
     </span>
    </p>
   </div>
   <div class='ocr_carea' id='block_1_118' title="bbox 2183 5480 3081 5543">
    <p class='ocr_par' dir='ltr' id='par_1_118' title="bbox 2183 5480 3081 5543">
     <span class='ocr_line' id='line_1_118' title="bbox 2183 5480 3081 5543; baseline -0.001 -14"><span class='ocrx_word' id='word_1_989' title='bbox 2183 5482 2198 5512; x_wconf 74' lang='grc' dir='ltr'>ι</span> <span class='ocrx_word' id='word_1_990' title='bbox 2227 5480 2389 5543; x_wconf 70' lang='lat' dir='ltr'><strong>more].</strong></span> <span class='ocrx_word' id='word_1_991' title='bbox 2416 5481 2561 5541; x_wconf 82' lang='lat' dir='ltr'><strong>addit,</strong></span> <span class='ocrx_word' id='word_1_992' title='bbox 2586 5486 2632 5530; x_wconf 89' lang='lat' dir='ltr'><strong>et</strong></span> <span class='ocrx_word' id='word_1_993' title='bbox 2648 5492 2755 5543; x_wconf 79' lang='lat' dir='ltr'><strong>qua:</strong></span> <span class='ocrx_word' id='word_1_994' title='bbox 2771 5480 2934 5543; x_wconf 76' lang='lat' dir='ltr'><strong>futura</strong></span> <span class='ocrx_word' id='word_1_995' title='bbox 2956 5485 3081 5531; x_wconf 85' lang='lat' dir='ltr'><strong>sunt.</strong></span> 
     </span>
    </p>
   </div>
   <div class='ocr_carea' id='block_1_119' title="bbox 2181 5540 3679 5609">
    <p class='ocr_par' dir='ltr' id='par_1_119' title="bbox 2181 5540 3679 5609">
     <span class='ocr_line' id='line_1_119' title="bbox 2181 5540 3679 5609; baseline -0.002 -18"><span class='ocrx_word' id='word_1_996' title='bbox 2181 5543 2202 5573; x_wconf 78' lang='lat'><strong>’</strong></span> <span class='ocrx_word' id='word_1_997' title='bbox 2224 5542 2366 5609; x_wconf 64' lang='lat' dir='ltr'><strong>Savil.</strong></span> <span class='ocrx_word' id='word_1_998' title='bbox 2384 5544 2436 5591; x_wconf 86' lang='lat' dir='ltr'><strong>in</strong></span> <span class='ocrx_word' id='word_1_999' title='bbox 2474 5549 2632 5609; x_wconf 81' lang='lat' dir='ltr'><strong>textu,</strong></span> <span class='ocrx_word' id='word_1_1000' title='bbox 2798 5541 2847 5609; x_wconf 69' lang='lat' dir='ltr'><strong>in</strong></span> <span class='ocrx_word' id='word_1_1001' title='bbox 2879 5540 3016 5603; x_wconf 85' lang='lat' dir='ltr'><strong>lecto,</strong></span> <span class='ocrx_word' id='word_1_1002' title='bbox 3041 5544 3093 5593; x_wconf 89' lang='lat' dir='ltr'><strong>et</strong></span> <span class='ocrx_word' id='word_1_1003' title='bbox 3108 5542 3178 5593; x_wconf 83' lang='lat' dir='ltr'><strong>sic</strong></span> <span class='ocrx_word' id='word_1_1004' title='bbox 3199 5546 3301 5593; x_wconf 73' lang='lat' dir='ltr'><strong>Mss.</strong></span> <span class='ocrx_word' id='word_1_1005' title='bbox 3314 5544 3511 5609; x_wconf 87' lang='lat' dir='ltr'><strong>plurimi</strong></span> <span class='ocrx_word' id='word_1_1006' title='bbox 3537 5541 3679 5593; x_wconf 72' lang='lat' dir='ltr'><strong>Morel</strong></span> 
     </span>
    </p>
   </div>
   <div class='ocr_carea' id='block_1_120' title="bbox 2124 5602 3012 5669">
    <p class='ocr_par' dir='ltr' id='par_1_120' title="bbox 2124 5602 3012 5669">
     <span class='ocr_line' id='line_1_120' title="bbox 2124 5602 3012 5669; baseline -0.002 -14"><span class='ocrx_word' id='word_1_1007' title='bbox 2124 5610 2175 5657; x_wconf 88' lang='lat' dir='ltr'><strong>et</strong></span> <span class='ocrx_word' id='word_1_1008' title='bbox 2192 5604 2330 5655; x_wconf 76' lang='lat' dir='ltr'><strong>savil.</strong></span> <span class='ocrx_word' id='word_1_1009' title='bbox 2356 5606 2403 5655; x_wconf 85' lang='lat' dir='ltr'><strong>in</strong></span> <span class='ocrx_word' id='word_1_1010' title='bbox 2428 5605 2666 5669; x_wconf 76' lang='lat' dir='ltr'><strong>margine,</strong></span> <span class='ocrx_word' id='word_1_1011' title='bbox 2691 5602 2787 5654; x_wconf 85' lang='lat' dir='ltr'><strong>duo</strong></span> <span class='ocrx_word' id='word_1_1012' title='bbox 2805 5603 2859 5656; x_wconf 82' lang='lat' dir='ltr'><strong>in</strong></span> <span class='ocrx_word' id='word_1_1013' title='bbox 2876 5616 3012 5667; x_wconf 81' lang='lat' dir='ltr'><strong>agro.</strong></span> 
     </span>
    </p>
   </div>
  </div>
