4104 6218
342 298 447 354 705

343 433 479 488 ergo,
505 416 622 485 quia
642 416 839 473 nescitis
865 433 961 487 qua
988 419 1109 470 ttora
1130 416 1371 469 Dominus
1386 424 1541 468 uester
1566 423 1805 467 uenturus
1828 412 1914 465 sit.

342 507 456 563 Non
487 504 640 574 dixit,
668 507 880 571 Nescio,
913 507 1028 575 sed,
1066 505 1301 561 Nescitis.
1329 504 1460 561 Cum
1500 503 1641 559 enim
1673 504 1814 572 ipsos
1853 500 1920 556 ad

339 595 485 652 illam
514 612 651 668 pene
680 599 862 652 horam
892 598 1197 652 deduxisset
1225 606 1279 650 et
1313 594 1705 655 constituisset.
1738 604 1920 645 rursus

339 687 407 741 ab
435 690 808 761 interrogando
837 698 1041 754 avocat,
1070 688 1210 759 quod
1238 688 1364 743 velit
1390 687 1534 756 ipsos
1562 700 1772 754 semper
1799 698 1919 739 esse

337 780 614 837 sollicitos.
657 782 943 851 Propterea
974 781 1119 845 dicit,
1161 779 1392 851 Vigilate,
1420 778 1707 833 ostendens
1735 793 1793 833 se
1820 777 1919 833 hac

337 869 407 925 de
431 885 592 925 causa
620 872 801 927 dicere
827 872 1078 926 noluisse.
1106 871 1194 926 45.
1220 870 1361 925 Illud
1380 880 1547 924 autem
1572 872 1765 938 scitote,
1790 886 1917 939 quo-

337 964 474 1015 niam
500 964 545 1017 si
571 965 719 1018 sciret
744 964 1105 1034 paterfamilias
1123 980 1221 1033 qua
1245 964 1371 1017 hora
1397 966 1481 1034 fur
1507 973 1745 1017 venturus
1768 972 1913 1028 esset,

336 1054 568 1122 vigilaret
594 1056 781 1124 utique,
805 1064 851 1109 et
871 1071 969 1109 non
990 1057 1170 1108 sineret
1194 1054 1393 1124 perfodi
1412 1056 1444 1107 d
1463 1070 1616 1107 imum
1639 1069 1800 1107 suam.
1825 1054 1914 1107 Η.

337 1144 466 1198 Ideo
504 1154 551 1198 et
591 1162 677 1200 vos
717 1156 870 1200 estote
899 1147 1098 1215 parati,
1128 1146 1245 1215 quia
1271 1161 1370 1214 qua
1398 1145 1523 1198 hora
1556 1161 1654 1198 non
1687 1145 1874 1212 putatis
1897 1184 1913 1209 ,

337 1234 506 1291 Filius
536 1239 749 1292 hominis
785 1240 965 1293 veniet.
998 1238 1280 1307 Propterea
1315 1238 1477 1304 dicit,
1510 1237 1621 1305 Qua
1650 1238 1776 1292 hora
1808 1252 1913 1292 non

335 1330 655 1396 exspectatis
681 1330 852 1383 veniet
880 1370 893 1391 ,
925 1338 983 1383 ut
1010 1330 1265 1385 sollicitos
1292 1329 1475 1384 reddat
1501 1339 1557 1383 et
1584 1330 1792 1383 virtutis
1820 1344 1913 1384 co-

337 1416 506 1471 lenda:
536 1418 820 1473 studiosos.
851 1419 983 1473 Illud
1009 1428 1182 1474 autem
1210 1420 1310 1474 sibi
1338 1420 1469 1485 vult,
1497 1420 1549 1475 Si
1579 1421 1775 1475 scirent
1806 1420 1916 1489 ple-

335 1507 488 1577 rique
519 1508 760 1565 homines
786 1511 1122 1582 quandonam
1150 1513 1256 1565 sint
1282 1513 1558 1581 morituri,
1586 1513 1912 1585 diligentiam

334 1613 483 1653 suam
508 1601 647 1654 circa
681 1601 821 1654 illam
843 1602 1032 1658 horam
1060 1602 1076 1633 ί
1104 1603 1445 1660 exhiberem.

405 1691 455 1744 3.
492 1690 593 1744 Cur
612 1688 843 1746 Christus
863 1692 977 1745 vita:
993 1692 1236 1761 cujusque
1255 1693 1406 1759 ﬁnem
1428 1691 1669 1745 incertum
1690 1692 1910 1763 reliquit.

332 1810 399 1820 —-
429 1780 507 1835 Ne
535 1781 692 1849 igitur
718 1780 787 1837 de
814 1782 902 1836 illa
930 1783 1040 1835 sola
1079 1782 1289 1838 solliciti
1326 1791 1503 1835 essent
1523 1823 1538 1846 ,
1570 1797 1738 1852 neque
1763 1797 1912 1838 com-

331 1884 547 1924 munem
572 1872 710 1924 illam
733 1872 894 1936 diem,
922 1887 1093 1942 neque
1118 1872 1374 1941 cujusque
1396 1871 1579 1925 horam
1598 1872 1907 1937 declaravit,

333 1975 389 2017 nt
416 1979 629 2032 semper
654 1965 798 2018 illam
826 1976 1217 2033 exspectarent,
1245 1978 1560 2034 semperque
1586 1964 1775 2019 eodem
1800 1975 1913 2020 stu-

330 2054 421 2108 dio
460 2063 799 2119 tenerentur;
841 2055 960 2109 ideo
997 2057 1254 2124 cujusque
1291 2055 1412 2109 vita:
1451 2053 1609 2108 linem
1647 2054 1907 2111 incertum

331 2142 562 2213 reliquit.
594 2144 788 2198 Deinde
811 2154 995 2213 aperte
1021 2160 1078 2199 se
1103 2144 1377 2197 Dominum
1407 2152 1575 2205 vocat,
1601 2160 1771 2214 neque
1791 2161 1911 2199 Illu-

326 2251 487 2305 quatn
518 2237 586 2290 ita
615 2237 755 2291 clare
783 2238 1009 2291 dixerat.
1040 2238 1135 2290 llic
1165 2216 1340 2290 autem
1370 2236 1578 2292 videtur
1605 2238 1732 2291 mihi
1762 2238 1907 2293 desi-

324 2328 421 2381 des
444 2341 683 2398 cnrpere,
713 2329 801 2399 qui
830 2344 932 2383 non
962 2338 1160 2382 tantam
1196 2327 1450 2383 adhibent
1479 2330 1669 2382 anima:
1700 2329 1908 2384 tuendas

322 2434 526 2481 curam,
551 2428 800 2489 quantam
824 2420 965 2475 circa
997 2420 1247 2488 pecunias
1270 2428 1568 2472 monstrant
1590 2420 1620 2473 ii
1647 2422 1733 2490 qui
1760 2419 1908 2475 fures

323 2518 588 2565 metuunt.
616 2509 748 2562 Nam
777 2509 828 2563 lti
858 2511 900 2563 si
934 2510 1052 2563 illos
1078 2517 1424 2578 exspectent,
1462 2510 1713 2579 vigilant,
1745 2512 1904 2565 nihil-

320 2615 426 2671 que
446 2615 509 2656 ex
534 2601 823 2655 reconditis
842 2602 1021 2655 sinunt
1044 2600 1238 2655 auferri
1265 2619 1279 2656 :
1301 2615 1397 2655 vos
1415 2610 1613 2667 autem,
1636 2604 1732 2657 etsi
1757 2616 1906 2658 certo

319 2692 502 2747 sciatis
529 2703 808 2746 venturum
839 2693 985 2746 illum
1013 2708 1152 2759 esse,
1179 2708 1285 2747 non
1316 2692 1561 2762 vigilatis,
1593 2694 1777 2764 inquit,
1806 2710 1905 2751 nec

319 2784 489 2853 parati
535 2784 698 2849 estis,
742 2798 809 2837 ne
857 2783 971 2837 sine
1010 2784 1397 2853 pra‘paratione
1441 2786 1562 2838 hinc
1595 2784 1900 2843 disci-datis.

318 2878 651 2947 Quapropter
668 2892 788 2930 cum
812 2876 1045 2946 pernicie
1065 2876 1439 2930 dormientium
1459 2875 1573 2931 dies
1595 2878 1682 2931 ille
1703 2878 1897 2933 veniet.

317 2967 774 3034 Quemadmodum
805 2969 946 3022 enim
974 2968 1062 3022 ille
1090 2966 1133 3021 si
1161 2968 1323 3022 sciret
1349 2967 1468 3021 furti
1501 2977 1708 3038 tempus
1726 3011 1741 3037 ,
1770 2970 1897 3025 illud

316 3059 506 3113 vitaret
533 3076 545 3110 :
574 3059 651 3113 sic
680 3068 732 3111 et
758 3073 882 3125 vos,
912 3058 956 3113 si
987 3059 1153 3128 parati
1185 3058 1373 3113 essetis
1392 3100 1406 3121 ,
1436 3058 1753 3130 etfugeretis.
1794 3062 1896 3115 De-

314 3150 438 3204 inde
458 3151 577 3219 quia
601 3150 783 3219 judicii
811 3150 1135 3204 mentionem
1162 3149 1303 3211 fecit,
1331 3149 1394 3203 ad
1417 3150 1661 3205 doctores
1681 3151 1894 3206 demum

312 3255 615 3295 sermonem
636 3241 914 3303 convertit,
938 3255 1001 3294 ac
1022 3241 1087 3294 de
1112 3241 1383 3309 suppliciis
1406 3250 1458 3294 et
1483 3243 1714 3310 pra-nuis
1737 3243 1893 3336 νυνὺέ

312 3331 456 3397 facit,
482 3343 537 3386 et
564 3346 682 3387 cum
714 3333 885 3402 primo
912 3332 1081 3385 bonos
1107 3340 1471 3394 memorasset,
1503 3332 1553 3385 in
1586 3331 1895 3400 peccatores

309 3422 524 3486 desinit,
552 3438 614 3477 ac
641 3424 885 3477 timorem
918 3423 1179 3476 incutiens
1199 3425 1219 3454 ²
1251 3424 1408 3476 liuent
1439 3423 1645 3476 dicendi
1674 3423 1818 3476 facit.

393 3513 560 3568 Verbis
587 3514 774 3569 Chn'sti
802 3514 990 3579 Deique
1015 3515 1067 3567 in
1096 3514 1317 3566 mediuut
1341 3513 1591 3579 adductis,
1620 3531 1731 3584 qua!
1750 3517 1893 3584 igno-

308 3606 526 3659 rantiam
568 3623 780 3677 arguere
828 3606 1095 3669 uidentur;
1138 3606 1417 3674 explicatur
1452 3622 1607 3673 quare
1645 3608 1718 3659 sic
1758 3606 1892 3662 Deus

305 3698 573 3751 identidem
599 3699 662 3751 sit
687 3698 903 3750 locutus.
930 3725 999 3736 -—-
1024 3696 1222 3750 Idcirco
1253 3697 1422 3765 primo
1447 3695 1576 3750 dicit
1607 3713 1619 3748 :
1648 3696 1736 3751 45.
1766 3697 1891 3763 Quis

306 3804 424 3857 ergo
450 3799 520 3842 est
549 3789 713 3857 ﬁdelis
741 3803 911 3841 servus
941 3796 983 3840 et
1024 3786 1275 3855 prudens,
1306 3802 1450 3855 quem
1487 3786 1742 3839 constituit
1788 3788 1891 3842 Do-

307 3883 471 3937 minus
500 3884 608 3952 ejus
634 3899 786 3951 super
821 3881 1068 3951 familiam
1104 3895 1251 3933 suam
1275 3919 1290 3945 ,
1318 3888 1371 3931 ut
1396 3881 1477 3933 det
1512 3877 1617 3932 illis
1645 3879 1809 3932 cibum
1833 3880 1888 3932 in

305 3985 526 4045 tempore
544 3976 571 4029 2
598 3975 686 4029 46.
717 3972 906 4027 Beatus
934 3988 1105 4027 servus
1133 3971 1247 4034 ille,
1275 3987 1421 4041 quem
1508 3982 1628 4020 cum
1691 3968 1884 4022 venerit

308 4066 565 4120 Dominus
587 4111 602 4133 ,
662 4065 903 4119 invenerit
926 4065 997 4118 sic
1024 4063 1309 4133 facientem.
1344 4062 1433 4117 47.
1465 4060 1622 4115 Amen
1661 4063 1773 4116 dico
1797 4079 1885 4118 vo-

303 4158 377 4209 bis
397 4198 410 4218 ,
440 4173 589 4226 super
626 4158 795 4211 omnia
823 4158 952 4210 bona
985 4172 1079 4209 sua
1117 4156 1382 4209 constituet
1414 4172 1546 4208 eum.
1577 4154 1769 4223 0118380
1799 4164 1883 4223 te,

303 4263 427 4300 num
471 4247 572 4303 hoc
611 4248 906 4317 ignorantis
941 4246 1063 4301 est?
1093 4246 1148 4301 Si
1185 4247 1326 4301 enim
1357 4246 1479 4317 quia
1505 4246 1675 4312 dixit,
1711 4245 1888 4316 Neque

302 4339 351 4393 F
355 4341 470 4394 ilius
498 4342 634 4394 norit
659 4382 672 4404 ,
704 4341 873 4410 ipsum
914 4342 1161 4410 ignorare
1194 4341 1328 4394 dicis
1360 4356 1375 4393 :
1404 4340 1526 4409 quia
1557 4339 1689 4393 dixit
1715 4380 1729 4403 ,
1760 4339 1884 4405 Quis

300 4442 373 4486 est
398 4449 535 4503 ergo,
563 4432 689 4503 quid
711 4433 945 4487 dixeris?
965 4448 1031 4487 an
1059 4433 1205 4486 illum
1236 4433 1480 4502 ignorare
1507 4432 1686 4488 dices?
1711 4433 1879 4487 Absit.

298 4525 378 4580 Ne
414 4524 629 4591 quidem
668 4539 733 4579 ex
774 4532 954 4579 mente
996 4523 1164 4591 captis
1202 4523 1463 4592 quispiam
1504 4521 1605 4576 hoc
1641 4522 1834 4576 dixerit
1865 4538 1879 4575 :

299 4616 508 4669 etiamsi
548 4614 618 4669 ibi
658 4629 872 4670 causam
915 4613 1153 4683 proferre
1182 4612 1483 4681 possimus,
1517 4610 1604 4665 hic
1628 4626 1755 4665 vero
1782 4614 1881 4666 mi-

302 4708 465 4761 nime.
499 4705 633 4774 Quid
665 4713 840 4760 autem
869 4719 989 4757 cum
1020 4703 1176 4766 dicit,
1204 4702 1387 4767 Petre,
1417 4717 1560 4754 antas
1586 4716 1664 4755 me
1692 4699 1880 4774 (Joan.

299 4799 388 4853 2|.
424 4799 557 4868 15)?
583 4814 707 4852 num
736 4797 862 4852 illud
888 4811 1099 4866 quoque
1129 4794 1447 4864 ignorabat?
1472 4801 1563 4848 aut
1587 4808 1708 4848 cum
1733 4793 1879 4860 dicit,

304 4893 401 4948 Ubi
442 4892 678 4964 posuistis
718 4907 829 4945 eum
868 4888 1043 4959 (Ibid.
1086 4889 1169 4942 II.
1199 4886 1353 4955 ‘54)?
1397 4885 1507 4939 lmo
1533 4896 1590 4940 et
1627 4885 1782 4940 Pater
1808 4886 1886 4941 sic

300 4986 442 5054 loqui
472 4982 909 5053 deprehenditur.
948 4980 1078 5034 Nam
1119 4990 1171 5035 et
1210 4978 1324 5048 ipse
1350 4979 1426 5032 ait
1457 4995 1470 5031 :
1498 4977 1695 5041 Adam,
1724 4977 1810 5031 ubi
1835 4995 1884 5034 es

299 5076 449 5146 (Gen.
481 5076 533 5130 3.
564 5074 664 5145 9)?
694 5082 780 5136 et,
814 5072 1017 5126 Clamor
1058 5070 1398 5124 Sodomorum
1428 5069 1789 5139 multiplicatus
1814 5078 1886 5124 cst

297 5167 437 5238 apud
462 5182 559 5219 me.
591 5163 909 5220 Descendens
930 5164 1082 5233 igitur
1103 5161 1294 5225 videbo,
1323 5160 1367 5213 si
1393 5161 1666 5213 secundum
1697 5159 1883 5211 clamc-

297 5276 401 5315 rent
442 5275 637 5323 eorum,
666 5258 754 5326 qui
781 5256 911 5310 venit
938 5256 1005 5307 ad
1034 5271 1129 5317 me,
1160 5253 1390 5324 faciunt;
1419 5253 1459 5305 si
1486 5261 1650 5303 autem
1680 5266 1800 5313 non,
1827 5258 1883 5303 ut

297 5367 595 5421 cognoscam
621 5348 783 5422 (Ibid.
809 5348 895 5402 18.
920 5346 1009 5401 20.
1035 5346 1146 5414 2|).
1180 5345 1242 5398 Et
1265 5344 1386 5397 alibi
1414 5344 1486 5397 ait
1513 5361 1527 5397 :
1553 5341 1612 5397 Si
1638 5342 1768 5410 forte
1792 5359 1884 5395 au-

298 5446 475 5511 diant,
504 5443 548 5498 si
578 5442 708 5513 forte
733 5440 1016 5511 intelligant
1036 5437 1243 5507 (Ezeclt.
1273 5436 1324 5490 2.
1357 5436 1431 5506 5).
1465 5436 1527 5490 Et
1557 5436 1607 5489 itt
1646 5435 1882 5504 Evange-

300 5536 406 5603 ito,
442 5536 594 5589 Forte
621 5531 975 5588 reverebantur
1010 5529 1203 5584 Filium
1243 5545 1403 5583 meum
1435 5526 1598 5599 (Luc.
1628 5526 1716 5581 20.
1752 5528 1878 5599 l3).

361 5706 375 5735 ³
406 5701 496 5751 Alii
538 5703 717 5750 habent
743 5695 892 5751 diem,
914 5706 1022 5756 pro,
1042 5691 1227 5741 horam.

361 5767 381 5798 ³
403 5763 522 5823 Alii,
555 5770 598 5816 et
621 5761 817 5813 utilitati
840 5758 1104 5809 consulens.

1250 298 1313 354 IN
1353 295 1759 355 MATTHIEUM
1800 295 2030 352 HOMIL.
2074 297 2327 354 LXXVII.
2366 298 2436 356 al.
2479 294 2753 352 LXXVIII.

3502 304 3612 382 70s

2026 410 2155 477 Quae
2184 412 2359 466 omnia
2391 415 2701 482 ignorantiae
2727 414 2885 470 verba
2911 424 3081 471 erant.
3103 416 3299 472 Verum
3326 431 3430 472 non
3458 416 3608 488 igno-

2023 516 2147 556 rans
2179 501 2291 557 ltaic
2320 503 2525 557 diccbat
2548 545 2564 570 ,
2594 505 2688 559 sed
2717 516 2774 560 ut
2805 506 2870 562 iis
2894 522 3011 577 quze
3037 522 3171 575 opus
3201 516 3352 563 erant
3388 510 3602 579 prospi-

2021 604 2169 647 ceret
2199 612 2211 647 :
2241 594 2293 648 in
2322 595 2545 659 Adamn,
2577 607 2632 651 ut
2664 608 2780 665 post
2809 608 3079 667 peccatum
3108 600 3253 655 illum
3280 600 3346 655 ad
3377 617 3604 656 excusa-

2022 683 2220 737 tionem
2254 685 2561 747 induceret;
2595 689 2645 741 in
2684 688 2972 744 Sodomitis
2992 731 3008 756 ,
3041 699 3098 745 ut
3127 706 3224 745 nos
3252 692 3465 748 doceret
3497 709 3603 748 non

2022 776 2168 844 prius
2197 781 2515 832 sententiam
2543 794 2664 834 esse
2698 780 2991 849 ferendam,
3019 799 3176 853 quam
3206 784 3346 854 ipsos
3374 800 3458 840 res
3488 801 3597 854 per-

2021 867 2385 935 spiceremus;
2419 868 2470 922 in
2516 869 2773 938 pmpht-ta
2802 881 2979 926 autem
3016 874 3085 927 ita
3127 874 3376 944 loquitur.
3408 890 3473 928 ne
3505 891 3595 944 pu-

2023 963 2129 1008 tent
2156 956 2384 1025 imperiti
2408 972 2435 1010 a
2462 958 2803 1028 prmdictione
2827 962 3194 1016 necessitatem
3216 964 3498 1031 quamdam
3525 965 3604 1019 in-

2022 1047 2144 1101 ferri
2178 1065 2282 1102 non
2310 1049 2588 1105 obedicndi
2616 1068 2629 1115 ;
2660 1052 2710 1104 in
2750 1053 2995 1122 parabola
3021 1062 3199 1109 autem
3221 1057 3515 1127 Evangelii,
3546 1068 3606 1113 ut

2022 1140 2270 1195 ostendat
2298 1143 2597 1210 oportuisse
2641 1144 2756 1197 illos
2796 1145 2987 1198 Filium
3018 1160 3171 1201 suum
3212 1150 3486 1212 revereri;
3519 1150 3603 1205 hic

2021 1246 2181 1294 vero,
2218 1247 2284 1286 ne
2322 1233 2583 1286 curiosius
2622 1234 2918 1303 inquirant,
2969 1245 3023 1290 ct
3070 1247 3126 1291 ut
3166 1239 3411 1293 ostendat
3458 1241 3601 1295 illam

2019 1321 2373 1390 cognitionem
2414 1322 2699 1378 admodum
2746 1340 2865 1379 esse
2908 1341 3082 1380 raram
3113 1335 3169 1382 et
3201 1329 3505 1396 pretiosam.
3542 1331 3604 1383 Et

2017 1411 2138 1466 vide
2171 1422 2419 1482 quantam
2452 1414 2799 1484 ignorantiam
2843 1417 2944 1473 hoc
2984 1418 3200 1472 verbum
3233 1420 3486 1475 indicaret
3512 1461 3527 1484 ,
3560 1424 3603 1474 si

2020 1501 2165 1556 illum
2211 1503 2478 1572 ignoraret
2519 1522 2677 1575 quem
2718 1510 3010 1562 constituit.
3044 1509 3173 1563 Nam
3215 1511 3357 1564 illum
3391 1511 3600 1566 beatum

2018 1594 2267 1659 praedicat
2300 1613 2312 1647 :
2345 1595 2532 1651 Beatus
2561 1598 2724 1665 enim,
2759 1599 2946 1667 inquit,
2976 1617 3145 1655 servus
3170 1603 3291 1666 ille;
3324 1620 3495 1673 neque
3520 1604 3601 1658 di-

2014 1685 2108 1745 cit.
2136 1687 2254 1755 quis
2282 1688 2366 1742 ille
2388 1690 2456 1743 sit
2485 1707 2498 1742 :
2530 1706 2650 1744 nam
2682 1691 2775 1757 ait,
2810 1691 2933 1757 Quis
2960 1695 3090 1745 enim
3116 1703 3207 1753 est,
3238 1712 3383 1764 quem
3413 1698 3600 1750 consti-

2016 1788 2119 1831 tuet
2159 1779 2393 1835 dominus
2432 1783 2592 1836 suus?
2616 1794 2702 1849 et,
2734 1782 2919 1837 Beatus
2958 1802 3103 1853 quem
3143 1786 3381 1840 invenerit
3408 1788 3478 1840 sic
3514 1792 3599 1859 fa-

2015 1868 2242 1922 cientem.
2298 1871 2419 1925 Haec
2460 1882 2634 1927 autem
2683 1889 2786 1928 non
2827 1875 2893 1927 de
2932 1878 3168 1945 pecuniis
3214 1887 3413 1932 tantum
3458 1880 3595 1935 dicta

2015 1971 2166 2025 sunt,
2199 1962 2290 2015 sed
2320 1964 2475 2016 etiam
2503 1964 2569 2018 de
2596 1964 2762 2022 verbo
2791 1975 2844 2020 et
2873 1966 2939 2021 de
2968 1968 3160 2023 virtute
3180 2010 3195 2032 ,
3228 1968 3294 2024 de
3323 1970 3476 2025 donis
3495 1972 3511 2002 ¹
3540 1981 3595 2026 et

2012 2050 2407 2119 dispensatione
2437 2056 2626 2124 cuique
2656 2058 2962 2110 commissa.
2998 2058 3119 2112 llaec
3149 2060 3393 2127 parabola
3426 2063 3594 2133 magi-

2013 2142 2262 2197 stratibus
2290 2159 2499 2215 quoque
2520 2147 2719 2215 optime
2744 2156 3028 2216 competat.
3060 2150 3294 2220 Quisque
3315 2152 3454 2205 enim
3482 2168 3595 2207 om-

2013 2232 2119 2296 nia,
2146 2249 2264 2302 quae
2295 2249 2388 2289 sua
2418 2246 2559 2302 sunt,
2590 2237 2652 2290 ad
2677 2252 3013 2294 communem
3046 2240 3321 2294 utilitatem
3348 2242 3593 2299 conferre

2010 2322 2187 2377 debet.
2215 2323 2337 2378 Sive
2358 2326 2669 2395 sapientiam
2699 2328 2914 2393 habeas,
2943 2329 3055 2383 sive
3088 2330 3457 2400 principatum,
3482 2333 3594 2389 sive

2009 2416 2220 2470 divitias
2240 2459 2255 2483 ,
2285 2418 2395 2472 sive
2420 2418 2626 2489 quidvis
2656 2420 2797 2474 aliud
2819 2463 2834 2483 .
2867 2437 2932 2475 ne
2958 2422 3022 2475 ad
3053 2422 3430 2479 detrimentum
3461 2440 3594 2481 con-

2009 2522 2307 2577 servorum,
2337 2526 2468 2564 neve
2497 2512 2561 2565 ad
2590 2513 2877 2581 perniciem
2905 2513 2976 2567 sit
3004 2522 3166 2567 tuam.
3199 2514 3317 2569 Ideo
3344 2515 3502 2570 ambo
3524 2517 3592 2572 ab

2010 2600 2101 2653 illo
2129 2602 2386 2670 requirit,
2415 2611 2467 2655 et
2498 2602 2829 2671 prudentiam
2858 2615 2911 2658 et
2945 2604 3121 2659 Iidem.
3154 2604 3284 2659 Nam
3318 2619 3590 2676 peccatum

2007 2690 2074 2743 ab
2096 2692 2325 2745 amentia
2348 2692 2604 2761 originem
2636 2692 2798 2746 ducit.
2831 2693 3063 2748 Fidelem
3094 2696 3239 2748 illttm
3270 2707 3441 2755 vocat.
3468 2699 3589 2767 quia

2006 2796 2071 2834 ex
2101 2782 2256 2836 rebus
2283 2782 2481 2837 domini
2512 2784 2639 2838 nihil
2666 2784 2745 2836 vel
2779 2783 2828 2837 in
2860 2799 2971 2837 rem
3002 2799 3152 2837 suam
3184 2787 3477 2852 convertit,
3506 2788 3589 2844 vel

2006 2887 2282 2941 perperam
2311 2873 2596 2944 expendit;
2629 2873 2939 2944 prudentem
2968 2890 3092 2929 vero
3111 2915 3124 2938 ,
3154 2876 3274 2945 quia
3305 2877 3405 2931 sibi
3435 2893 3586 2933 com-

2005 2965 2161 3017 missa
2194 2978 2249 3018 ut
2278 2981 2373 3035 par
2398 2975 2513 3019 erat
2536 2965 2947 3021 administravit.
2982 2965 3217 3037 Utraque
3240 2968 3380 3023 enim
3407 2985 3463 3024 re
3490 2986 3588 3026 no-

2001 3054 2082 3107 bis
2118 3070 2255 3124 opus
2290 3065 2408 3119 est,
2440 3072 2505 3111 ue
2542 3057 2747 3110 scilicet
2776 3073 2894 3126 quze
2923 3056 3121 3111 domini
3160 3068 3284 3113 sunt
3315 3059 3469 3115 nobis
3495 3077 3583 3116 ra-

2001 3147 2245 3216 piamus,
2274 3158 2327 3202 et
2373 3157 2429 3200 ut
2468 3157 2766 3217 opportune
2810 3148 2899 3201 illa
2939 3148 3327 3216 dispensemus.
3368 3149 3500 3207 Nam
3536 3152 3582 3206 si

2000 3240 2225 3295 alterum
2267 3240 2437 3305 absit,
2469 3241 2693 3295 alterum
2725 3240 3003 3295 claudicat.
3046 3240 3100 3296 Si
3146 3241 3316 3297 ﬁdelis
3355 3244 3452 3307 sit,
3487 3259 3586 3299 nec

1998 3332 2203 3387 foretur
2222 3374 2236 3399 ,
2264 3332 2356 3387 sed
2385 3333 2653 3403 superﬂue
2679 3333 2745 3387 ad
2773 3332 2901 3385 nihil
2945 3331 3073 3387 utile
3104 3333 3371 3402 expendat
3398 3333 3535 3389 bona
3559 3376 3576 3401 ,

1999 3440 2246 3494 maguum
2271 3436 2350 3478 est
2378 3434 2652 3495 peccatum
2679 3441 2693 3489 ;
2726 3424 2769 3478 si
2800 3422 2931 3479 sciat
2958 3432 3100 3478 recte
3122 3423 3455 3493 dispensare,
3484 3425 3576 3478 sed

1996 3516 2216 3579 Iuretur,
2252 3532 2435 3571 rursus
2465 3531 2567 3569 non
2612 3517 2723 3570 leve
2762 3515 2964 3570 crimen
3004 3524 3104 3571 est.
3142 3515 3267 3570 Hinc
3303 3515 3581 3571 audiamus

1996 3608 2084 3677 qui
2115 3608 2385 3676 pecuniosi
2418 3624 2618 3661 sumus.
2646 3608 2760 3661 Non
2787 3608 2929 3662 enim
2951 3608 3200 3663 doctores
3224 3616 3422 3662 tantum
3450 3610 3581 3664 alio-

1996 3700 2193 3770 quitttr,
2222 3698 2315 3752 sed
2345 3699 2503 3754 etiam
2536 3699 2752 3752 divites.
2781 3698 3033 3766 Utrisque
3061 3698 3202 3751 enim
3234 3698 3428 3753 divitia:
3453 3714 3581 3753 con-

1995 3790 2211 3843 (31'8le
2242 3799 2406 3853 sunt;
2439 3788 2746 3842 doctoribus
2777 3788 2877 3841 illae
2901 3804 3019 3856 qua:
3058 3788 3224 3857 magis
3263 3790 3580 3844 necessaria:

1993 3890 2150 3947 sunt;
2180 3879 2330 3934 vobis
2359 3896 2436 3934 ea:
2462 3895 2581 3950 quae
2613 3879 2831 3933 minoris
2856 3887 2980 3932 sunt
3009 3878 3184 3947 pretii.
3217 3877 3303 3943 Si,
3329 3878 3454 3932 dum
3483 3879 3580 3933 do-

1991 3981 2168 4028 ctores
2198 3973 2395 4041 majora
2427 3972 2737 4043 diSpergunt
2756 4014 2770 4038 ,
2802 3987 2896 4025 vos
2924 3987 2990 4026 ne
3021 3971 3071 4025 in
3102 3971 3333 4025 minimis
3359 3971 3575 4040 quidem

1991 4066 2165 4120 velitis
2194 4066 2562 4121 liberalitatem
2594 4066 2848 4120 exhibere
2873 4080 2888 4130 ;
2918 4064 3024 4118 imo
3048 4079 3150 4117 non
3181 4063 3571 4127 liberalitatem,

1992 4156 2085 4210 sed
2123 4166 2331 4226 gratum
2376 4156 2613 4211 animum
2649 4157 2804 4225 (nant
2835 4155 3004 4210 aliena
3036 4153 3208 4222 datis)
3234 4196 3247 4218 ,
3276 4171 3393 4224 qua:
3425 4155 3577 4210 vobis

1990 4248 2090 4303 erit
2127 4247 2411 4303 defensio?
2446 4248 2548 4304 Sed
2600 4247 2809 4303 interim
2832 4288 2847 4312 ,
2881 4256 3005 4301 ante
3044 4247 3357 4315 supplicium
3390 4262 3573 4300 eorum

1988 4341 2076 4411 qtti
2108 4340 2245 4395 male
2274 4348 2583 4408 operantur,
2614 4338 2729 4405 ejus
2763 4337 2851 4406 qui
2895 4337 3058 4405 probe
3097 4351 3153 4391 se
3182 4338 3347 4405 gessit
3376 4352 3577 4390 merce-

1988 4436 2109 4490 dem
2131 4433 2407 4488 audiamus
2432 4452 2445 4486 :
2469 4432 2623 4483 Amen
2651 4431 2762 4482 dico
2783 4428 2937 4493 vobis,
2962 4445 3115 4498 super
3138 4428 3305 4481 omnia
3335 4429 3463 4482 bona
3484 4446 3575 4482 sua

1988 4526 2254 4579 constituet
2281 4540 2416 4578 eum.
2448 4521 2583 4589 Quid
2613 4521 2733 4575 huic
2758 4518 2945 4573 honori
2974 4534 3069 4588 par
3094 4533 3213 4571 esse
3237 4520 3436 4588 possit?
3456 4536 3575 4590 qum

1988 4617 2159 4672 oratio
2202 4614 2337 4669 hanc
2375 4613 2683 4684 dignitatem
2711 4652 2725 4677 ,
2755 4610 2893 4665 hanc
2936 4609 3317 4665 beatitudinem
3359 4611 3574 4679 assequi

1989 4708 2176 4778 possit,
2210 4704 2422 4777 quando
2447 4705 2697 4759 caelorum
2725 4703 2861 4770 Rex,
2890 4702 3041 4771 cujus
3080 4710 3203 4755 sunt
3241 4701 3443 4766 omnia,
3474 4701 3573 4755 bo-

1990 4800 2185 4854 minem
2229 4814 2390 4869 super
2432 4797 2608 4852 omnia
2658 4797 2791 4849 bona
2839 4810 2934 4849 sua
2973 4792 3308 4848 constituet?
3340 4790 3574 4863 Ideoque

1993 4886 2313 4951 prudentem
2344 4884 2521 4954 ipsum
2547 4894 2725 4949 vocat,
2759 4886 2883 4952 quia
2922 4883 3074 4936 novit
3108 4897 3302 4952 magna
3332 4896 3429 4949 pro
3449 4900 3574 4954 par-

1992 4980 2075 5036 vis
2100 4995 2205 5033 tior.
2232 4979 2540 5045 dimittere;
2564 4976 2657 5033 sed
2687 4992 2811 5031 cum
2841 4976 2930 5031 hic
2957 4986 3325 5045 temperanter
3345 4978 3572 5048 egisset,

1991 5074 2162 5129 custos
2190 5082 2563 5143 consequutus
2591 5080 2693 5127 est.

2054 5163 2110 5219 4.
2139 5160 2337 5216 Deinde
2356 5200 2373 5227 ,
2403 5159 2453 5214 id
2479 5158 2620 5229 quod
2650 5171 2863 5226 semper
2892 5154 3052 5220 facit,
3085 5170 3190 5209 non
3229 5171 3294 5211 ex
3335 5157 3568 5226 reposito

1985 5253 2140 5309 bouis
2168 5250 2411 5322 praemio,
2434 5249 2527 5304 sed
2557 5264 2624 5303 ex
2654 5246 3070 5302 comminatione
3111 5262 3282 5316 poenae
3314 5248 3569 5317 improbis

1983 5355 2180 5416 parata:
2216 5342 2509 5397 auditorem
2556 5339 2774 5409 corrigit
2806 5357 2819 5391 :
2852 5338 3075 5406 ideoque
3119 5338 3392 5407 subjumtit
3426 5356 3439 5392 :
3474 5339 3566 5394 48.

1986 5439 2047 5495 Si
2072 5448 2235 5491 autem
2257 5435 2438 5489 dixerit
2461 5449 2672 5500 nequam
2698 5446 2868 5485 servus
2889 5431 2974 5483 ille
2993 5431 3043 5484 in
3065 5434 3216 5484 corde
3235 5447 3347 5496 suo,
3370 5429 3568 5485 Tardut

1983 5529 2214 5582 dominus
2242 5543 2379 5580 meus
2404 5524 2597 5585 venire,
2626 5521 2711 5577 l9.
2740 5530 2785 5575 et
2814 5522 3053 5590 inceperit
3080 5522 3336 5576 uerberare
3365 5539 3567 5576 conser-

1982 5639 2066 5677 vos
2090 5639 2222 5679 suos,
2253 5618 2520 5674 comederit
2545 5626 2710 5669 autem
2745 5626 2792 5669 et
2817 5615 2993 5669 biberit
3021 5632 3135 5670 cum
3162 5616 3308 5670 ebriis
3330 5632 3348 5670 :
3370 5618 3457 5671 δυ.
3482 5634 3567 5671 se-

1976 5714 2214 5826 natum,
2237 5714 2295 5766 de
2317 5712 2475 5775 donis,
2496 5727 2548 5764 ιιι
2590 5728 2688 5765 uno
2733 5712 2904 5765 codice
2936 5715 3136 5768 desunt.
3169 5716 3231 5767 Υ.
3257 5714 3480 5769 Fieldad
3500 5732 3550 5783 p.
