4000 6206
614 312 713 369 707

612 424 714 474 niet
743 421 973 474 dominus
1000 419 1124 474 serui
1152 418 1290 474 illius
1312 419 1363 473 in
1394 418 1474 473 die
1496 432 1594 487 qua
1624 432 1723 469 non
1748 422 2031 482 exspectat,
2063 421 2112 465 et
2137 411 2189 463 in

614 516 738 566 hora
765 530 864 584 qua
893 529 991 567 non
1019 514 1185 579 novit,
1214 513 1301 568 5i.
1332 522 1378 566 et
1407 511 1592 565 dividet
1620 527 1732 564 eum
1752 550 1767 574 ,
1797 520 1840 561 et
1869 516 2058 577 partem
2087 506 2195 574 ejus

612 622 725 658 cum
753 606 1026 676 hypocritis
1056 615 1222 670 ponet.
1254 604 1333 658 lbi
1356 605 1450 658 erit
1479 604 1627 673 ﬂetus
1655 612 1698 656 et
1737 602 1923 656 stridor
1950 600 2191 653 dentium.

611 700 665 752 Si
697 701 817 768 quis
845 715 972 752 vero
1001 698 1197 754 dixerit
1229 716 1244 754 :
1273 697 1460 751 Viden’
1488 712 1606 766 qua:
1645 696 1895 765 cogitatio
1932 694 2189 755 subierit,

611 790 750 857 quod
791 790 903 844 dies
935 791 1017 843 illa
1061 806 1165 843 non
1206 798 1326 843 nota
1357 788 1539 843 esset?
1572 786 1757 840 Tarda!
1789 786 1928 840 enim
1961 786 2195 836 dominus

612 896 749 933 meus
772 921 785 943 ,
830 880 998 949 inquit
1032 900 1042 932 :
1076 879 1515 948 respondebimus
1549 897 1562 931 :
1592 877 1706 932 Non
1746 876 1885 945 quod
1930 875 2044 929 dies
2088 890 2192 927 non

613 980 733 1024 uota
760 980 921 1033 esset,
945 970 1036 1023 sed
1059 969 1200 1039 quod
1227 971 1495 1039 improbus
1515 970 1585 1025 sit
1608 983 1812 1033 servus,
1840 966 1889 1021 id
1911 966 2188 1021 accidisse.

611 1061 740 1116 Nam
767 1076 858 1116 cur
889 1063 1197 1130 prudentem
1227 1070 1281 1115 et
1308 1061 1517 1116 ﬁdelem
1547 1076 1640 1129 par
1661 1059 1910 1130 cogitatio
1939 1073 2041 1112 non
2067 1057 2190 1111 sub-

610 1152 711 1205 iit?
737 1153 863 1219 Cur,
897 1155 1079 1218 miser,
1108 1153 1231 1224 quia
1270 1152 1441 1206 tardat
1468 1152 1748 1217 dominus,
1781 1150 2005 1221 sperasti
2047 1151 2192 1204 illum

611 1261 897 1313 numquam
926 1246 1249 1299 venturum?
1275 1260 1371 1299 cur
1396 1260 1498 1298 non
1526 1244 1781 1298 sollicitat
1812 1243 1907 1297 es?
1937 1243 2068 1296 Hinc
2100 1242 2195 1313 igi-

611 1346 695 1391 tur
717 1337 992 1400 discimus,
1017 1353 1119 1391 non
1145 1337 1354 1391 tardare
1382 1337 1686 1391 Dominum.
1712 1336 1833 1389 Hae
1855 1336 2048 1405 quippe
2074 1350 2196 1388 seu-

611 1427 774 1480 tentia
808 1441 908 1480 non
935 1426 1153 1490 domini,
1183 1428 1276 1482 sed
1313 1427 1535 1496 improbi
1566 1427 1704 1481 servi
1733 1435 1852 1489 est;
1887 1426 2116 1494 ideoque
2142 1425 2193 1478 in

611 1518 812 1571 crimen
845 1527 1081 1572 vocatur.
1110 1516 1226 1572 Non
1267 1517 1477 1571 tardare
1516 1517 1657 1569 enim
1697 1516 1819 1569 andi
1860 1515 2077 1568 Paulum
2109 1514 2193 1567 di-

611 1617 821 1662 centem
855 1626 867 1661 :
902 1608 1147 1661 Dominus
1177 1624 1333 1677 prope
1362 1616 1435 1659 est
1454 1649 1468 1672 ,
1501 1606 1631 1660 nihil
1663 1606 1867 1659 solliciti
1895 1606 2002 1659 sitis
2030 1604 2195 1675 (ΡΙιὶ-

611 1698 738 1765 (ipp.
772 1699 823 1751 4.
854 1697 905 1751 5.
936 1697 989 1763 6)
1020 1713 1034 1761 ;
1067 1707 1138 1761 et,
1174 1698 1274 1764 Qui
1304 1707 1539 1750 venturus
1565 1707 1636 1749 est
1662 1698 1854 1761 veniet,
1882 1706 1931 1749 et
1958 1713 2057 1749 non
2085 1705 2193 1748 tar-

610 1790 747 1842 dabit
779 1786 973 1860 (Hebr.
1005 1788 1089 1842 10.
1124 1789 1191 1841 37
1216 1793 1253 1856 ).
1285 1788 1361 1842 Tn
1402 1804 1530 1842 vero
1566 1804 1684 1858 qua:
1714 1799 2009 1857 sequuntur
2033 1788 2154 1841 audi
2177 1826 2191 1851 ,

612 1889 665 1933 et
692 1880 839 1935 disce
864 1880 1340 1953 qnaml‘requenter
1355 1880 1750 1948 ignorationem
1766 1879 1869 1933 diei
1890 1880 1943 1935 in
1961 1888 2194 1933 mentem

617 1980 832 2027 revocet
855 2013 869 2037 ,
904 1973 1077 2025 servis
1115 1971 1403 2025 ostendens
1438 1970 1486 2024 id
1520 1970 1649 2025 utile
1680 1985 1799 2023 esse
1823 2011 1839 2035 ,
1871 1980 1923 2023 et
1951 1969 2197 2023 sufficere

614 2075 669 2118 ut
702 2066 817 2118 illos
849 2080 878 2117 a
909 2078 1097 2118 somno
1127 2064 1319 2117 excitet
1343 2071 1397 2117 et
1425 2062 1610 2130 erigat.
1644 2061 1779 2127 Quid
1820 2061 1961 2115 enim
1991 2061 2032 2114 si
2066 2060 2194 2114 nihil

613 2158 825 2226 quidam
857 2155 979 2210 inde
1006 2157 1193 2211 luerati
1222 2155 1381 2209 sunt?
1411 2154 1593 2225 Neque
1615 2156 1756 2209 enim
1780 2153 1847 2207 ab
1869 2153 1987 2207 aliis
2009 2152 2199 2222 juvan-

613 2251 751 2305 tibus
793 2250 918 2320 quid
963 2249 1232 2318 assequnti
1275 2258 1440 2303 sunt:
1476 2260 1706 2303 attamen
1755 2248 1840 2303 hic
1881 2262 1984 2301 non
2023 2256 2198 2301 cessat

612 2356 732 2411 quat
759 2356 849 2394 sua
882 2351 1005 2395 sunt
1032 2340 1223 2395 facere.
1253 2340 1386 2408 Quid
1415 2356 1563 2411 ergo,
1592 2341 1817 2411 inquies,
1850 2340 1898 2392 in
1928 2339 2197 2409 sequenti-

615 2432 750 2485 bus?
781 2430 951 2486 Veniet
975 2449 1073 2503 qua
1100 2433 1180 2486 die
1208 2450 1307 2486 non
1334 2444 1604 2503 exspectat,
1631 2443 1677 2487 et
1702 2433 1826 2487 hora
1849 2449 1947 2503 qua
1974 2434 2193 2503 ignorat,

612 2532 666 2578 et
695 2534 927 2577 extrema
966 2524 1064 2593 ipsi
1108 2523 1320 2579 int‘eret.
1356 2525 1516 2579 Vides
1553 2525 1823 2596 quomodo
1863 2525 1964 2578 hoc
2003 2525 2197 2593 ubique

614 2625 842 2684 repetat,
877 2616 1291 2685 ignorantiteque
1323 2616 1598 2671 utilitatem
1640 2624 1921 2681 iuoustret,
1951 2616 2026 2669 sic
2052 2616 2196 2669 solli-

613 2706 749 2758 citos
775 2720 986 2773 semper
1014 2705 1283 2760 reddens?
1313 2707 1423 2761 Hoc
1453 2708 1593 2762 enim
1621 2716 1704 2762 est
1732 2707 1871 2778 quod
1906 2706 2071 2775 magis
2099 2721 2196 2760 cu-

614 2809 732 2864 rat,
762 2810 819 2853 ut
849 2815 1062 2869 semper
1088 2801 1361 2869 vigilemus
1388 2819 1400 2854 :
1431 2811 1484 2856 et
1509 2802 1629 2872 quia
1667 2817 1879 2870 semper
1910 2801 1959 2853 in
1992 2799 2196 2855 deliciis

615 2889 893 2955 cadinms,
946 2891 995 2943 in
1039 2890 1427 2947 calamitatibus
1469 2905 1599 2946 vero
1636 2892 2033 2961 resipiscimus,
2076 2891 2197 2945 ideo

616 2982 812 3050 ubique
851 2981 951 3035 hoc
980 2980 1141 3045 dicit,
1172 2982 1384 3051 quando
1426 2983 1632 3038 remissi
1671 2983 1975 3053 inertesque
2012 2997 2197 3038 sumus

616 3085 741 3130 tunc
763 3074 896 3129 mala
920 3074 1182 3129 accidere.
1206 3076 1282 3128 Ac
1308 3075 1752 3144 quemadmodum
1781 3091 1939 3147 supra
1966 3091 2061 3147 per
2085 3076 2197 3131 Noe

615 3164 717 3220 hoc
741 3164 1028 3221 declaravit
1052 3181 1067 3220 :
1094 3166 1171 3222 sic
1190 3174 1243 3221 et
1266 3166 1351 3221 hic
1371 3167 1462 3234 ait,
1486 3165 1617 3222 Cum
1640 3183 1826 3222 servus
1856 3169 1944 3225 ille
1968 3169 2193 3226 inebria-

615 3270 730 3324 tur,
763 3275 882 3314 cum
915 3261 1194 3324 verberat,
1229 3269 1352 3314 tunc
1387 3260 1703 3332 supplicium
1729 3272 1812 3316 est
1840 3261 2191 3317 intolerabile.

615 3349 808 3405 Verum
857 3366 922 3405 ne
966 3352 1282 3420 supplicium
1325 3351 1422 3420 ipsi
1460 3351 1781 3406 destinatum
1820 3352 2192 3418 solummodo,

613 3442 705 3497 sed
739 3442 864 3496 illud
893 3443 1050 3496 etiam
1076 3442 1474 3497 consideremus
1494 3484 1508 3508 ,
1540 3457 1609 3498 ne
1636 3441 1771 3497 forte
1800 3452 1854 3498 et
1881 3443 1979 3513 ipsi
2007 3442 2192 3498 eadem

610 3544 829 3603 agentes
858 3532 907 3587 id
941 3549 1047 3587 non
1075 3533 1432 3589 advertamns.

685 3622 1067 3694 Eleemosynam
1105 3624 1440 3679 commendat.
1469 3654 1541 3665 —
1572 3623 1782 3680 Etenim
1827 3624 1949 3679 huic
1990 3622 2195 3680 similes

610 3723 735 3767 sunt
766 3714 835 3767 illi
869 3715 955 3783 qui
990 3715 1241 3784 pecunias
1272 3714 1562 3780 habentes,
1590 3716 1772 3785 egenis
1811 3730 1914 3771 non
1955 3715 2193 3785 largiun-

613 3816 696 3860 tur
725 3823 737 3860 :
766 3805 806 3858 si
836 3805 1049 3876 quidem
1078 3814 1130 3861 et
1161 3814 1213 3859 tn
1242 3807 1589 3877 pecuniarum
1624 3815 1828 3861 tuarum
1859 3806 2194 3875 dispensator

606 3914 668 3951 es
692 3940 707 3961 ,
740 3913 842 3950 non
885 3898 1059 3953 minus
1098 3915 1253 3967 quam
1288 3899 1331 3952 is
1360 3899 1447 3968 qui
1491 3898 1741 3953 Ecclesia:
1786 3898 1922 3953 bona
1961 3898 2192 3953 admini-

610 3997 763 4042 strat.
794 3987 860 4043 Ut
901 3991 1041 4042 enim
1088 3989 1172 4044 hic
1215 4004 1274 4041 ea
1320 4005 1437 4059 qua:
1476 4006 1503 4042 a
1544 3991 1694 4044 vobis
1733 4004 1830 4058 pro
1875 3990 2193 4059 pauperibus

608 4087 821 4149 erogata
862 4089 1019 4145 sunt,
1052 4095 1153 4133 non
1192 4090 1368 4149 potest
1405 4096 1502 4150 pro
1529 4080 1697 4134 lubito
1724 4090 1777 4135 et
1808 4090 2009 4136 temere
2036 4097 2191 4151 spar-

608 4185 736 4237 gere
759 4211 773 4235 ,
807 4169 926 4237 quia
973 4171 1023 4223 in
1076 4186 1361 4239 pauperum
1399 4171 1536 4225 datm.
1572 4181 1695 4227 sunt
1724 4172 2033 4226 alimentum
2068 4191 2080 4227 :
2115 4175 2193 4229 sic

613 4274 710 4312 nec
738 4267 790 4312 tu
822 4266 929 4312 tua.
962 4260 1181 4314 Etiamsi
1208 4262 1350 4317 enim
1384 4272 1656 4332 paternam
1682 4265 1953 4333 acceperis
1983 4263 2193 4319 heredi-

611 4360 770 4405 tatem
792 4391 807 4414 ,
839 4359 996 4422 atque
1025 4351 1101 4408 sic
1132 4354 1307 4407 omnia
1351 4364 1434 4408 tua
1481 4355 1751 4424 possideas
1787 4373 1800 4409 :
1833 4364 2065 4410 attamen
2100 4357 2191 4412 Dei

608 4452 733 4497 sunt
760 4441 872 4497 haec
897 4443 1094 4497 omnia.
1124 4444 1262 4498 Sane
1292 4463 1409 4515 quae
1438 4457 1491 4501 tu
1515 4446 1707 4502 dedisti
1741 4448 1818 4500 vis
1843 4457 2089 4501 accurate
2113 4448 2193 4502 di-

609 4533 849 4601 spensari
874 4550 887 4587 :
912 4548 1089 4588 annon
1115 4545 1265 4604 putas
1294 4537 1458 4591 Deum
1486 4554 1578 4593 sua
1608 4554 1635 4591 a
1665 4540 1815 4593 nobis
1845 4542 2045 4610 majore
2069 4557 2188 4597 cum

606 4626 938 4681 vehementia
969 4629 1335 4696 repetiturum,
1368 4631 1459 4684 sed
1489 4630 1591 4685 illis
1619 4640 1817 4687 temere
1849 4636 2191 4702 pereuntibus

609 4718 658 4769 id
687 4716 958 4771 laturum?
985 4717 1099 4772 Non
1130 4719 1197 4771 ita
1232 4734 1315 4773 res
1340 4736 1397 4775 se
1426 4720 1606 4783 habet,
1637 4735 1739 4774 non
1770 4722 1839 4775 ita
1866 4730 2032 4777 certe.
2060 4722 2187 4776 Nam

610 4807 645 4861 h
665 4823 723 4861 rc
751 4807 871 4863 ideo
899 4808 1037 4877 apud
1071 4819 1121 4863 te
1153 4810 1399 4879 reliquit,
1434 4821 1491 4865 ut
1519 4812 1614 4865 des
1639 4828 1814 4867 escam
1845 4815 1944 4869 illis
1973 4818 2024 4869 in
2057 4825 2190 4871 tem-

608 4914 736 4967 pore
775 4911 1094 4970 opportuno.
1137 4902 1270 4970 Quid
1315 4913 1435 4968 est,
1478 4906 1528 4959 in
1570 4914 1810 4976 tempore
1848 4910 2191 4978 opportuno?

610 4990 801 5059 Egenis
821 5032 836 5057 ,
870 4992 1247 5048 esurientibus.
1281 4992 1428 5049 Sicut
1457 4996 1617 5063 igitur
1646 5006 1700 5050 tu
1729 5012 1988 5053 conservo
2013 4998 2077 5052 ad
2108 5000 2191 5052 di-

605 5084 961 5151 spensandum
1003 5084 1193 5140 dedisti
1220 5128 1234 5150 ,
1263 5087 1339 5141 sic
1382 5088 1634 5142 Deninus
1663 5096 1715 5144 te
1745 5088 1854 5143 vult
1890 5099 1944 5144 ut
1986 5104 2078 5159 par
2108 5100 2191 5146 est

605 5173 927 5245 expendere.
958 5174 1103 5240 ideo,
1126 5190 1247 5230 cum
1277 5178 1442 5246 possit
1465 5179 1694 5244 auferre,
1717 5179 1965 5251 relinquit
1987 5189 2185 5247 tamen,

606 5277 663 5320 ut
690 5267 896 5320 virtutis
923 5269 1235 5323 exercendae
1262 5270 1598 5325 occasionem
1639 5270 1867 5336 habeas;
1898 5280 2059 5342 utque
2088 5287 2185 5327 cu-

605 5358 773 5412 rando
804 5368 858 5412 ut
885 5360 1019 5414 alter
1047 5361 1214 5414 altero
1242 5372 1459 5430 egeret,
1498 5372 1734 5417 mutuam
1772 5363 2046 5419 caritatem
2077 5363 2187 5420 fer-

606 5452 896 5507 ventiorem
926 5453 1193 5508 redderet.
1219 5454 1296 5507 Tu
1326 5470 1450 5509 vero
1475 5464 1754 5525 postquam
1782 5457 2053 5525 accepisti,
2078 5471 2185 5511 non

604 5542 774 5597 solum
804 5559 908 5598 non
937 5544 1052 5611 das,
1084 5545 1175 5599 sed
1207 5546 1363 5599 etiam
1391 5548 1658 5601 verberas.
1686 5546 1837 5614 Quod
1864 5548 1908 5603 si
1934 5563 2035 5602 non
2060 5548 2186 5604 dare

603 5631 755 5700 culpa
782 5643 882 5698 est,
910 5652 1027 5704 qua:
1057 5635 1209 5691 venia
1238 5638 1339 5690 erit
1367 5638 1706 5693 verberanti?

1463 303 1522 357 S.
1561 301 1839 359 JOANNIS
1876 294 2350 356 CllllYSOSTOMl
2392 291 2708 349 ARClllEP.
2751 293 3284 351 CONSTAN'I'INOP.
3735 302 3803 362 ἰιι

2304 418 2357 462 et
2377 423 2617 477 rapaces,
2637 407 3005 464 vehementem
3029 409 3294 463 intentans
3313 408 3694 476 accusationem,
3707 419 3804 484 quod

2302 512 2396 553 eos
2427 498 2709 552 verberent
2746 512 2882 568 quos
2924 499 3068 552 alere
3100 497 3236 567 jussi
3266 508 3409 552 sunt.
3453 497 3651 555 Videtur
3680 515 3806 562 alitem

2303 589 2430 643 mihi
2461 590 2545 643 hic
2572 588 2689 643 illos
2714 588 3054 644 subindicare
3078 590 3163 660 qui
3190 605 3240 643 ,ιι
3269 588 3470 644 deliciis
3491 592 3634 646 vitam
3666 608 3808 665 agunt;

2303 696 2423 735 nam
2454 680 2669 733 delicias
2701 695 2884 749 magna
2908 689 3178 749 exspectat
3204 695 3359 750 paena
3385 679 3653 749 :Comedat,
3672 685 3765 755 inqu
3784 700 3811 753 t,

2300 780 2345 824 et
2370 770 2502 823 bibat
2523 787 2634 824 cum
2659 770 2827 836 ebriis,
2853 772 3053 825 ventris
3075 770 3366 841 ingluviem
3391 772 3712 829 subindicans.
3730 778 3812 834 Non

2299 867 2441 921 enim
2475 866 2594 920 ideo
2622 866 2911 934 accepisti,
2950 874 3007 919 ut
3040 865 3344 931 delicieris,
3375 866 3468 920 sed
3505 877 3558 920 ut
3582 868 3812 944 electum-

2304 974 2424 1012 nam
2453 973 2660 1028 eroges.
2686 957 2821 1012 Num
2851 967 2936 1013 tua
2966 967 3016 1012 te
3037 970 3190 1028 putas
3219 960 3455 1013 habere?
3476 959 3731 1029 Pauperum
3746 966 3812 1020 tibi

2304 1049 2439 1104 [urna
2468 1048 2769 1104 concredita
2797 1057 2940 1112 sunt,
2969 1049 3173 1104 etiarnsi
3203 1050 3470 1105 hereditas
3496 1058 3686 1119 paterna
3706 1051 3809 1119 sint;

2299 1140 2507 1195 etiamsi
2552 1156 2617 1193 ex
2647 1139 2805 1208 justis
2834 1139 3100 1194 laboribus
3132 1150 3296 1209 parta:
3324 1141 3431 1194 sint
3457 1155 3599 1209 epes.
3625 1145 3771 1199 Annon
3793 1162 3814 1200 a

2303 1243 2355 1288 te
2387 1234 2526 1286 Dens
2558 1232 2650 1285 bas
2690 1231 2901 1287 auferre
2930 1231 3139 1300 potuit?
3167 1231 3272 1287 Sed
3306 1232 3427 1287 ideo
3461 1248 3559 1286 non
3586 1234 3753 1292 aufert.
3775 1248 3815 1292 ut

2304 1333 2356 1376 tu
2389 1322 2557 1391 p05sis
2581 1337 2705 1391 erga
2734 1337 2930 1392 egenos
2959 1323 3328 1378 liberalitatem
3355 1340 3615 1379 exercere.
3642 1326 3706 1380 Tu
3726 1344 3815 1383 vero

2301 1417 2427 1470 mihi
2477 1417 2744 1487 perpende
2767 1458 2783 1483 ,
2813 1418 3081 1487 quomodo
3113 1419 3163 1472 in
3191 1419 3439 1473 omnibus
3472 1420 3711 1488 parahulis
3733 1424 3814 1478 illos

2300 1508 2494 1577 plectat
2517 1550 2532 1569 ,
2561 1508 2649 1578 qui
2689 1508 2879 1577 opibus
2917 1509 3027 1564 suis
3064 1509 3131 1563 ad
3159 1524 3361 1579 egenos
3387 1510 3597 1565 alendus
3621 1528 3707 1566 non
3730 1526 3815 1568 sunt

2300 1599 2399 1653 nsi.
2435 1598 2614 1668 Neque
2641 1600 2779 1654 enim
2811 1601 3042 1669 virgines
3084 1601 3190 1655 illa:
3229 1602 3401 1655 aliena
3439 1606 3812 1672 rapuerunt,sed

2301 1707 2395 1743 sua
2423 1706 2528 1745 non
2550 1692 2753 1761 largita:
2776 1705 2935 1753 sunt;
2966 1708 3138 1763 neque
3166 1694 3211 1747 is
3235 1695 3325 1763 qui
3368 1694 3609 1749 talentum
3634 1696 3810 1765 defodit,

2298 1783 2471 1838 aliena
2514 1785 2744 1850 invasit,
2781 1785 2875 1839 sed
2920 1786 3045 1839 illud
3086 1803 3193 1840 non
3233 1786 3550 1857 duplicavit;
3589 1806 3730 1861 neque
3749 1795 3810 1862 qui

2296 1875 2597 1930 esurientes
2629 1876 2921 1946 nt-gligunt,
2956 1876 3075 1930 ideo
3102 1878 3415 1945 puniuntur,
3441 1878 3571 1948 quod
3597 1880 3733 1935 aliena
3754 1898 3812 1935 ra-

2300 1971 2542 2039 puerint,
2571 1972 2663 2026 sed
2695 1973 2832 2042 quod
2863 1988 2954 2028 sua
2986 1989 3090 2028 non
3116 1976 3500 2045 disperserint;
3528 1978 3810 2046 quemadmo-

2298 2060 2424 2115 dum
2463 2071 2519 2116 et
2556 2062 2643 2116 hic
2682 2077 2885 2118 servus.
2919 2065 3214 2121 Audiamus
3241 2066 3401 2137 igitur
3429 2077 3662 2139 quotquot
3688 2071 3810 2123 ventri

2300 2153 2652 2223 indulgemus,
2683 2166 2943 2235 quotquot
2970 2158 3019 2211 in
3050 2158 3223 2215 lautas
3248 2176 3433 2216 ccenas
3462 2163 3688 2232 pecunias
3708 2164 3812 2216 insu-

2301 2246 2511 2313 mimns,
2536 2264 2654 2316 qua:
2679 2264 2783 2302 non
2817 2259 3033 2314 ttOslrm,
3067 2252 3159 2306 sed
3193 2268 3479 2319 egenorum
3507 2264 3633 2309 sunt.
3662 2254 3723 2308 Ne
3744 2269 3811 2324 pn-

2302 2346 2382 2391 tes
2410 2338 2549 2390 enim
2582 2339 2701 2407 quia
2735 2355 2830 2408 per
2858 2341 3075 2395 multam
3108 2344 3523 2399 misericordiam
3561 2344 3659 2400 hazc
3683 2355 3726 2400 ut
3749 2358 3810 2399 tua

2297 2426 2427 2480 dare
2450 2427 2629 2495 jussus
2659 2445 2736 2491 es,
2768 2430 2886 2486 ideo
2918 2432 3029 2486 bmc
3054 2448 3177 2488 esse
3210 2444 3319 2489 tua.
3348 2435 3460 2491 Tibi
3490 2435 3807 2498 commodavit,

2301 2528 2357 2571 ut
2384 2519 2548 2587 probe
2586 2537 2743 2589 agere
2790 2538 2990 2592 posses.
3040 2524 3115 2579 Ne
3148 2534 3237 2580 tua
3276 2526 3433 2596 igitur
3456 2526 3574 2582 dare
3596 2538 3640 2582 te
3665 2536 3804 2597 putes,

2299 2610 2425 2664 dum
2460 2613 2557 2682 ipsi
2587 2630 2678 2668 sua
2711 2616 2940 2686 largiris.
2971 2616 3151 2688 Neque
3183 2621 3327 2674 enim
3359 2622 3402 2674 si
3431 2630 3481 2675 tu
3506 2622 3701 2692 cuipiam
3722 2637 3807 2674 mn-

2300 2710 2389 2756 tuo
2417 2704 2594 2771 dares,
2627 2717 2682 2761 ut
2712 2707 2981 2778 prolectus
3008 2710 3130 2766 inde
3159 2712 3355 2768 lucrari
3386 2724 3585 2784 posset,
3616 2714 3807 2784 pecunias

2301 2794 2419 2849 illas
2444 2796 2507 2851 ad
2542 2797 2712 2867 ipsum
2749 2802 3014 2869 pertinere
3040 2802 3270 2860 diceres.
3302 2805 3389 2860 Sic
3425 2806 3511 2860 tibi
3548 2805 3666 2860 Deus
3689 2818 3804 2875 pecv-

2301 2887 2440 2940 niam
2479 2887 2727 2949 tradidit,
2761 2900 2818 2944 ιιι
2844 2891 3029 2946 cadum
3069 2908 3241 2950 emas.
3275 2894 3353 2951 Ne
3380 2912 3500 2966 ergo
3537 2895 3805 2967 benignitatis

2299 2978 2659 3047 magnitudine
2707 2981 2873 3035 utaris
2916 2992 2975 3037 ut
3020 2983 3288 3053 ingratum
3332 2987 3570 3041 exhibeas
3606 2989 3799 3040 animum.

2296 3064 2478 3134 Cogita
2508 3085 2665 3136 quam
2697 3071 2928 3141 optabile
2963 3085 3079 3128 erat
3116 3087 3238 3140 post
3271 3076 3520 3147 baptisma
3547 3077 3607 3133 ad
3635 3080 3800 3131 eltmub

2299 3163 2517 3220 peccata
2554 3168 2749 3209 novam
2784 3154 3020 3223 reperire
3059 3153 3227 3209 viam.
3269 3153 3333 3210 Ni
3364 3156 3598 3219 dixisset,
3626 3154 3689 3205 Da
3706 3152 3797 3204 elec-

2298 3265 2591 3318 mosynam,
2612 3257 2745 3317 quot
2766 3248 3017 3304 homines
3032 3248 3233 3303 dicturi
3253 3258 3431 3314 erant,
3453 3249 3646 3305 Utinam
3665 3262 3798 3316 posse-

2298 3326 2420 3397 mus
2446 3342 2691 3412 pecuniis
2714 3358 2744 3396 a
2769 3341 2967 3397 futuris
2991 3358 3088 3397 nos
3114 3344 3274 3399 malis
3294 3343 3552 3398 redimere
3575 3343 3586 3395 l
3612 3339 3694 3395 Sed
3706 3338 3792 3409 quia

2297 3443 2473 3504 potest
2501 3435 2637 3501 tieri,
2660 3450 2857 3490 rursus
2880 3436 3060 3504 supini
3087 3435 3295 3504 jacent.
3317 3435 3420 3491 Sed
3445 3435 3532 3498 do,
3554 3426 3794 3502 inquiesEt

2296 3527 2427 3595 quid
2442 3527 2574 3583 illud
2588 3526 2873 3581 ?Nondnm
2900 3536 3107 3582 tantum
3127 3528 3351 3596 dedisti,
3369 3539 3612 3599 quantum
3631 3524 3702 3579 illa
3718 3536 3799 3574 Inn-

2297 3620 2397 3675 lier
2422 3637 2543 3692 quae
2562 3621 2699 3676 duos
2725 3622 2967 3692 erogavit
2991 3622 3208 3689 obolos;
3230 3637 3339 3678 non
3362 3620 3735 3679 dimidiam,iino
3750 3626 3793 3665 ne

2302 3704 2573 3753 mimmam
2596 3704 2809 3771 quidem
2840 3713 3041 3772 partem
3066 3707 3079 3736 ⁸
3100 3706 3153 3759 in
3174 3706 3557 3775 comparatione
3579 3702 3718 3765 illius;
3734 3695 3791 3753 sed

2298 3794 2461 3847 multa
2501 3793 2553 3849 in
2593 3804 2834 3863 sumptus
2878 3796 3092 3851 inutiles
3141 3797 3453 3867 profundis,
3493 3797 3539 3849 in
3581 3791 3789 3849 convivia.

2297 3886 2627 3951 ebrietatem,
2659 3897 3056 3958 extremamque
3086 3889 3377 3959 ingluviem
3407 3905 3418 3940 :
3450 3900 3578 3941 nunc
3602 3884 3794 3939 inritans.

2298 3994 2437 4031 nunc
2462 3978 2741 4041 invitatus;
2773 3995 2911 4033 nunc
2931 3980 3223 4046 consumis,
3252 3994 3391 4035 nunc
3411 3979 3536 4033 alios
3552 3983 3797 4031 consumere

2296 4070 2470 4138 ongis;
2516 4070 2586 4124 ita
2630 4078 2686 4124 ut
2723 4069 2987 4139 duplicem
3020 4070 3111 4124 tibi
3155 4084 3310 4138 pares
3346 4070 3649 4131 cruciatum,
3677 4062 3729 4117 ab
3755 4062 3797 4113 iis

2296 4174 2414 4226 quze
2458 4169 2511 4212 tu
2551 4157 2716 4225 facis,
2748 4168 2801 4214 et
2842 4161 2909 4214 ab
2953 4160 3017 4214 iis
3053 4175 3172 4229 qua:
3217 4170 3269 4216 te
3301 4169 3508 4215 auctore
3532 4157 3610 4213 alii
3636 4155 3797 4209 faciunt.

2300 4247 2430 4305 Vide
2464 4264 2592 4320 ergo
2638 4250 2780 4304 hunc
2824 4249 3077 4305 famulum
3112 4251 3305 4306 eadem
3341 4251 3408 4306 de
3446 4267 3500 4304 re
3524 4256 3795 4304 accusatum,

2295 4339 2540 4403 Comedit,
2571 4340 2759 4410 inquit,
2784 4354 2833 4392 et
2855 4339 2976 4393 bibit
2998 4357 3113 4393 cum
3138 4340 3305 4395 ebriis.
3334 4339 3508 4409 Neque
3533 4337 3651 4392 enim
3668 4334 3797 4387 ebrios

2299 4440 2544 4498 tantum,
2588 4431 2680 4486 sed
2722 4441 2776 4486 et
2814 4432 3024 4486 illorum
3055 4432 3232 4487 socios
3270 4431 3521 4499 supplicio
3555 4427 3797 4486 allioie:;et

2293 4521 2413 4591 iure
2442 4521 2655 4590 quidem
2684 4540 2697 4576 :
2726 4538 2846 4577 nam
2888 4532 2942 4576 et
2978 4523 3181 4591 seipsos
3206 4529 3574 4590 corrumpunt,
3598 4526 3644 4571 et
3664 4512 3795 4582 proxi-

2297 4630 2505 4669 morum
2535 4615 2764 4670 salutem
2796 4615 3086 4685 negligunt.
3131 4614 3270 4669 Nihil
3300 4624 3469 4669 autem
3500 4614 3559 4665 ita
3588 4610 3720 4663 Deum
3743 4604 3794 4656 ir-

2296 4706 2456 4771 ritat,
2498 4715 2555 4760 ut
2592 4706 2635 4761 si
2676 4706 2903 4775 proximi
2945 4720 3031 4760 res
3070 4706 3417 4776 negligantur.
3459 4700 3795 4769 Quapropter"!

2297 4797 2429 4851 iram
2461 4812 2610 4852 suam
2639 4797 2900 4866 exprimat
2926 4837 2941 4861 ,
2967 4796 3189 4851 discindi
3217 4811 3425 4852 servum
3453 4792 3605 4863 jussit.
3644 4786 3797 4840 ldcirm

2294 4889 2570 4944 caritatem
2598 4889 2977 4957 discipulorum
3016 4903 3233 4945 suorum
3271 4897 3513 4944 tesseram
3538 4881 3792 4935 dixitesse:

2294 4983 2416 5051 quia
2442 4995 2658 5035 necesse
2677 4982 2897 5035 omnino
2926 4989 3008 5034 est
3032 4980 3336 5050 diligentem
3360 4993 3441 5034 res
3460 4973 3615 5030 dilecti
3633 4978 3794 5023 curare.

2298 5072 2442 5127 Haiic
2482 5072 2639 5141 igitur
2674 5071 2811 5124 viam
2858 5080 3133 5125 teneamus
3164 5087 3177 5123 :
3212 5085 3333 5125 nam
3373 5069 3480 5122 haec
3512 5062 3703 5119 maxime
3736 5066 3795 5108 est

2294 5180 2411 5234 qua:
2439 5164 2504 5217 ad
2543 5163 2729 5216 cat-lum
2760 5161 2904 5217 ducit
2927 5203 2941 5225 ,
2970 5177 3088 5231 qua:
3117 5162 3311 5217 Christi
3351 5160 3611 5215 imitatores
3634 5147 3792 5207 cilicii.

2295 5269 2413 5322 quae
2445 5253 2552 5307 Deo
2578 5253 2780 5306 similes
2814 5251 3006 5306 reddit.
3058 5251 3190 5307 Vide
3218 5266 3343 5320 ergo
3369 5264 3513 5319 quam
3540 5237 3788 5298 necessaria!

2295 5344 2402 5398 sint
2441 5344 2523 5397 ha:
2563 5343 2786 5396 virtutes
2813 5383 2827 5407 ,
2859 5357 2979 5412 qua:
3016 5342 3165 5411 juxta
3204 5342 3340 5395 viam
3365 5340 3490 5393 hanc
3521 5325 3787 5390 tabernacula

2294 5442 2604 5505 posuerunt.
2628 5433 2683 5487 Si
2713 5434 2883 5502 placet
2911 5442 3088 5486 autem
3114 5474 3128 5495 ,
3165 5432 3278 5487 illas
3304 5427 3577 5500 diligentius
3598 5419 3783 5488 explore-

2295 5544 2430 5593 mus,
2465 5536 2520 5583 et
2548 5526 2840 5583 secundum
2872 5526 2963 5580 Dei
2999 5526 3246 5595 placitum
3272 5520 3560 5581 sententiam
3584 5514 3779 5570 feramus-

2343 5674 2358 5703 ι
2388 5671 2517 5734 llaec,
2544 5684 2637 5721 non
2685 5667 2965 5732 dimidiam,
2990 5686 3135 5722 0mm.
3179 5667 3497 5733 Mor.,Montl.,
3520 5668 3565 5714 et
3586 5662 3765 5707 unuscu-

672 5721 727 5773 5.
769 5721 879 5776 lloc
905 5738 1078 5779 autem
1109 5726 1238 5781 mibi
1264 5728 1439 5783 dicere
1464 5728 1671 5785 videtur
1693 5730 1742 5784 in
1767 5733 2183 5789 contumeliosos
2279 5732 2389 5780 dex—
