4000 6206
245 289 348 346 709

231 506 490 559 viatorem
510 503 785 559 dumtaxat
813 504 1036 572 probum
1065 502 1279 566 reddat;
1309 501 1476 556 altera
1501 501 1660 556 etiam
1693 515 1817 570 pro-

228 599 453 655 ximum.
501 597 892 666 Videamusque
931 612 1173 666 quamam
1211 598 1279 651 sit
1316 595 1600 666 perfectior
1622 639 1636 661 ,
1667 605 1722 652 et
1746 599 1814 651 ad

226 690 442 745 virtutis
483 688 694 743 culmen
721 703 819 743 nos
842 688 1019 743 ducat.
1061 687 1153 744 Ille
1179 698 1324 751 certe
1352 689 1440 758 qui
1468 705 1561 744 sua
1607 699 1812 743 tantum

227 790 400 842 curat,
430 796 460 834 a
488 780 652 835 Paulo
675 779 966 849 smpissime
985 781 1260 849 culpatur;
1289 795 1408 834 cum
1434 797 1462 833 a
1485 780 1648 836 Paulo
1669 781 1811 847 dico,

227 886 254 922 a
282 868 502 924 Christo
531 869 803 940 intellige;
833 869 983 923 illum
1015 885 1140 925 vero
1166 872 1254 940 qui
1283 871 1508 940 proximi
1536 886 1622 926 res
1641 881 1810 936 curat,

226 962 474 1016 laudibus
499 970 552 1016 et
577 962 793 1019 coronis
819 970 1059 1015 exornat.
1091 960 1356 1016 Ubinam?
1385 962 1520 1016 Audi
1547 963 1815 1032 quomodo

187 1049 195 1129 ς
229 1052 373 1115 huic,
400 1051 665 1122 quomodo
686 1051 761 1106 illi
786 1052 1049 1121 loquatur.
1077 1051 1239 1106 Nemo
1259 1053 1392 1122 quod
1417 1067 1564 1107 suum
1585 1064 1659 1108 est
1679 1068 1816 1124 quae-

178 1135 194 1212 j
226 1153 327 1205 rat,
362 1144 452 1195 sed
478 1142 614 1212 quod
637 1152 712 1198 est
735 1143 952 1212 proximi
979 1144 1319 1215 unusquisque
1341 1144 1415 1214 (I.
1442 1143 1563 1198 Cor.
1589 1145 1675 1201 10.
1697 1145 1812 1216 24).

231 1233 421 1288 Viden’
448 1233 718 1304 quomodo
745 1234 969 1289 alterum
999 1235 1154 1304 ejecit
1177 1278 1192 1302 ,
1225 1237 1449 1291 alterum
1479 1237 1718 1292 induxit?
1746 1238 1814 1294 Et

226 1341 464 1388 rursum,
488 1324 837 1395 Unusquisque
855 1335 1070 1380 vestrum
1092 1328 1322 1397 proximo
1343 1328 1537 1397 placeat
1557 1329 1608 1382 in
1629 1328 1815 1384 bonum

223 1417 295 1469 ad
321 1416 709 1486 aediﬁcationem
741 1416 762 1486 (
788 1415 939 1472 Rom.
968 1418 1053 1474 l5.
1080 1418 1115 1471 2
1138 1419 1178 1490 ).
1209 1419 1410 1475 Deinde
1433 1421 1670 1490 sequitur
1700 1422 1813 1478 laus

226 1509 516 1564 inell'abilis
547 1525 669 1564 cum
699 1510 1059 1566 admonitione
1093 1512 1396 1582 conjuncta.
1433 1514 1569 1568 Nam
1595 1525 1640 1570 et
1667 1515 1813 1570 Chri~

223 1611 335 1655 stus
361 1619 464 1656 non
492 1604 587 1657 sibi
613 1603 714 1674 ipsi
744 1603 935 1674 placuit
961 1603 1124 1673 (Ibid.
1153 1621 1200 1658 υ.
1225 1606 1305 1675 5).
1335 1606 1449 1662 Jam
1478 1609 1608 1662 satis
1633 1619 1814 1664 essent

229 1696 312 1747 ba:
342 1696 623 1750 sententia:
657 1695 725 1750 ad
757 1695 1025 1752 victoriam
1053 1699 1398 1754 asserendam
1429 1717 1442 1754 :
1472 1710 1529 1755 ut
1555 1710 1730 1756 tamen
1760 1702 1813 1757 id

226 1785 418 1854 majori
442 1786 656 1841 cumulo
682 1787 771 1840 liat
790 1828 806 1853 ,
838 1788 1112 1842 videamus
1140 1805 1257 1859 qua:
1286 1805 1350 1845 ex
1379 1789 1535 1846 bonis
1562 1793 1812 1862 Operibus

228 1875 282 1930 in
311 1878 464 1933 nobis
493 1879 872 1944 terminentur,
898 1895 1014 1950 quae
1037 1897 1163 1936 vero
1181 1897 1211 1935 a
1235 1883 1388 1938 nobis
1409 1883 1462 1938 in
1483 1885 1616 1940 alios
1639 1895 1812 1942 trans-

225 1981 374 2026 eant.
402 1972 652 2042 chunare
680 1974 858 2043 igitur,
892 1973 1036 2028 hutni
1064 1975 1259 2031 cubare
1278 2018 1291 2041 ,
1321 1977 1675 2048 virginitatem
1700 1995 1813 2035 ser-

225 2079 357 2119 vare
401 2075 561 2135 atque
603 2054 1020 2133 continentiam,
1068 2069 1199 2139 ipsis
1241 2069 1645 2127 observantibus
1689 2085 1812 2130 sunt

223 2155 408 2219 utilia;
441 2172 557 2225 quae
589 2173 714 2212 vero
747 2172 779 2214 a
809 2159 963 2214 nobis
995 2161 1048 2214 in
1079 2161 1349 2230 proximos
1385 2172 1661 2218 transeunt
1687 2174 1812 2219 sunt

223 2247 590 2318 cleemosyna,
613 2248 871 2316 doctrina,
896 2253 1106 2306 caritas.
1138 2253 1234 2308 llic
1256 2255 1416 2309 etiam
1442 2257 1564 2310 auidi
1591 2257 1810 2313 Paulum

223 2336 498 2393 dicentem
528 2356 541 2392 :
572 2340 634 2396 Si
666 2342 835 2395 omnia
855 2359 976 2414 qua:
1001 2345 1156 2399 habeo
1190 2347 1243 2399 in
1271 2347 1406 2401 cibos
1433 2365 1709 2418 pauperum
1733 2351 1812 2404 di-

223 2429 472 2484 stribuam
493 2473 506 2494 ,
538 2433 582 2486 si
605 2449 787 2504 corpus
812 2451 974 2490 meum
1003 2437 1201 2490 tradam
1227 2449 1282 2492 ut
1306 2449 1522 2505 uratur,
1557 2427 1814 2497 caritatem

220 2531 396 2573 autent
423 2537 522 2574 non
549 2523 788 2590 habeam,
821 2527 952 2579 nihil
981 2527 1103 2580 mihi
1127 2529 1330 2598 prodest
1356 2530 1431 2601 (I.
1467 2530 1584 2585 Cor.
1612 2533 1698 2586 15.
1729 2534 1808 2602 5).

299 2611 356 2664 6.
390 2609 624 2666 Proximi
642 2615 969 2685 tediﬁcationi
988 2620 1157 2672 omnia
1178 2623 1546 2690 postponenda.
1579 2621 1812 2695 Virgines

224 2707 390 2774 (litua:
414 2707 526 2761 ideo
550 2725 615 2762 ea:
643 2709 867 2764 thalamo
895 2713 1113 2766 exclusa:
1130 2755 1143 2779 ,
1175 2714 1292 2783 quin
1321 2715 1685 2786 elcemosynam
1713 2734 1814 2774 non

224 2798 494 2855 dederant.
521 2832 594 2842 —-
624 2802 808 2858 \‘idcn’
845 2804 1118 2859 caritatem
1163 2822 1256 2874 per
1282 2822 1338 2861 se
1368 2807 1642 2877 splendide
1674 2824 1810 2879 prat-

223 2887 457 2944 dicatam
486 2901 537 2946 et
561 2896 904 2948 coronatam?
929 2895 1030 2950 Sed
1059 2897 1102 2951 si
1131 2897 1298 2966 placet
1328 2899 1482 2953 tertio
1503 2901 1816 2970 congredia-

225 2994 371 3038 mur.
405 2983 538 3040 Hinc
567 2987 702 3042 alius
731 2997 1011 3056 statuatur,
1038 2993 1125 3061 qui
1150 2991 1374 3060 jejunet,
1402 2993 1489 3064 qui
1515 2995 1814 3050 castitatem

225 3087 444 3141 servet,
476 3079 563 3148 qui
595 3081 904 3151 martyrium
933 3082 1154 3149 subi-at,
1189 3095 1243 3138 et
1272 3084 1616 3140 comburatur
1637 3129 1652 3152 ,
1680 3088 1815 3142 alius

224 3181 361 3222 vero
396 3168 464 3223 ad
502 3169 905 3228 atdilicationem
946 3175 1172 3243 proximi
1209 3181 1520 3249 martyrium
1565 3179 1812 3247 dilierat,

224 3278 332 3318 nec
359 3263 518 3320 modo
548 3267 860 3337 martyrium
890 3266 1100 3322 differat
1119 3311 1134 3335 ,
1167 3269 1260 3324 sed
1291 3271 1408 3326 sine
1434 3275 1688 3345 martyrio
1718 3273 1814 3329 de-

218 3353 385 3410 cedat
415 3374 428 3410 :
456 3357 574 3427 quis
616 3366 737 3427 post
776 3358 1051 3414 decessum
1092 3375 1159 3415 ex
1204 3359 1302 3416 hac
1331 3363 1438 3416 vita
1478 3363 1815 3433 praestantior

219 3448 373 3503 erit?
417 3447 532 3503 Non
578 3449 738 3519 longo
777 3450 865 3506 hic
907 3467 1040 3520 opus
1077 3463 1159 3507 est
1195 3468 1444 3508 sermone
1468 3497 1482 3520 ,
1518 3471 1616 3509 nec
1657 3454 1814 3527 longa

221 3541 520 3595 verborum
548 3543 896 3609 circuitione;
939 3544 1089 3599 adest
1115 3545 1255 3599 enim
1289 3545 1474 3601 beatus
1499 3547 1695 3601 Paulus
1723 3549 1810 3618 qui

219 3633 546 3688 sententiam
573 3632 728 3698 ferat,
757 3646 810 3690 et
835 3635 976 3690 dicat
1001 3655 1013 3690 :
1036 3635 1256 3692 Dissolvi
1281 3647 1328 3690 et
1352 3652 1464 3691 cum
1490 3638 1687 3693 Christo
1710 3655 1816 3694 esse

221 3727 407 3780 melius
431 3738 503 3781 cst
521 3745 540 3781 :
567 3730 618 3782 in
647 3745 798 3782 carne
825 3739 992 3782 autem
1018 3746 1326 3798 pertimuere,
1358 3743 1563 3799 propter
1593 3747 1678 3785 vos
1705 3747 1814 3783 ma-

222 3819 305 3887 gis
333 3819 669 3872 necessarium
695 3830 767 3873 est
799 3819 1071 3892 (Philipp.
1104 3823 1152 3875 l.
1184 3821 1274 3876 25.
1301 3822 1434 3892 21).
1470 3823 1634 3878 Audis
1664 3823 1810 3878 illum

224 3907 636 3963 aediﬁcationem
673 3911 894 3978 proximi
930 3911 1095 3980 pluris
1130 3910 1308 3968 facere
1330 3953 1346 3979 ,
1375 3929 1530 3984 quam
1558 3915 1623 3969 ad
1652 3915 1811 3971 Chri-

223 4007 369 4052 stum
415 3998 717 4068 prolieisci?
749 4001 875 4056 Illud
905 4003 1043 4056 enim
1072 4005 1303 4060 maxime
1331 4014 1413 4060 est
1452 4023 1571 4062 cum
1600 4008 1811 4064 Christo

223 4104 350 4145 esse
376 4132 391 4156 ,
437 4090 552 4160 ejus
591 4092 768 4148 facere
805 4095 1163 4161 voluntatem;
1207 4098 1448 4152 voluntas
1490 4109 1666 4155 autem
1695 4102 1811 4171 ejus

221 4183 500 4252 praecipue
544 4193 662 4249 est,
709 4193 767 4237 ut
811 4186 1033 4254 proximi
1080 4188 1575 4263 utilitatemmcnres.
1625 4192 1717 4247 Vis
1757 4203 1812 4249 et

223 4283 474 4342 quartam
513 4273 1019 4332 demonstrationem
1058 4278 1331 4333 δῦθι-ωιιῇ
1358 4279 1546 4347 Petre,
1588 4285 1631 4337 si
1670 4301 1812 4341 amas

223 4381 340 4429 me,
373 4365 582 4434 inquit,
613 4383 761 4435 pasce
787 4384 899 4422 oves
927 4386 1061 4423 meas
1093 4371 1110 4441 (
1129 4369 1285 4425 Joan.
1314 4371 1401 4426 21.
1439 4374 1542 4446 15)
1569 4394 1580 4427 :
1611 4385 1664 4430 et
1691 4392 1810 4431 cum

223 4455 387 4508 tertio
409 4455 583 4524 ipsum
613 4457 1027 4528 interrogasset,
1057 4459 1160 4516 hoc
1186 4477 1304 4517 esse
1334 4464 1468 4519 dixit
1493 4467 1690 4521 amoris
1721 4483 1815 4522 ar—

223 4559 581 4631 gumentum)
602 4549 786 4621 Neque
825 4552 890 4606 ad
933 4553 1236 4609 sacerdotes
1282 4565 1481 4610 tantum
1523 4558 1572 4611 id
1613 4559 1811 4615 dictum

219 4637 322 4691 iuit
347 4680 360 4700 ,
405 4641 503 4692 sed
545 4639 611 4693 ad
650 4650 888 4696 nostrum
928 4644 1198 4713 singulos,
1231 4647 1422 4714 quibus
1452 4649 1531 4702 vel
1561 4651 1810 4706 minimus

219 4743 355 4799 grex
383 4733 702 4786 commissus
728 4735 816 4788 sit.
849 4735 925 4789 Ne
952 4738 1092 4791 enim
1119 4739 1260 4808 quod
1293 4756 1485 4809 parvus
1509 4743 1607 4810 sit,
1639 4745 1808 4814 ipsum

217 4821 493 4888 despicias
522 4841 535 4876 :
567 4841 685 4879 nam
723 4825 877 4880 Pater
901 4845 1058 4893 meus,
1091 4831 1276 4902 inquit,
1303 4837 1606 4905 complacuit
1631 4840 1683 4892 in
1711 4840 1812 4894 illis

221 4914 242 4981 (
270 4912 397 4966 Lar.
436 4914 523 4968 12.
556 4915 624 4969 32
645 4915 683 4986 ).
720 4920 922 4989 Singuli
952 4933 1190 4978 nostrum
1218 4941 1369 4980 ovem
1402 4928 1631 4997 habent;
1677 4932 1814 4989 hanc

222 5003 290 5057 ad
314 5006 688 5061 convenientia
715 5025 906 5078 pascua
937 5011 1150 5068 ducant.
1185 5014 1250 5069 Et
1272 5017 1352 5070 vir
1371 5033 1403 5074 e
1429 5019 1565 5075 lecto
1586 5035 1810 5092 surgens

224 5109 294 5148 ne
318 5095 462 5149 aliud
489 5108 721 5167 quaerat,
754 5116 906 5170 quam
941 5111 996 5156 ut
1024 5105 1148 5174 quid
1189 5105 1344 5161 faciat
1373 5109 1458 5164 vel
1496 5110 1672 5176 dicat,
1706 5130 1811 5183 quo

223 5184 292 5238 ad
322 5186 580 5256 majorem
611 5191 857 5259 pietatem
882 5192 1097 5250 domum
1127 5205 1181 5251 et
1215 5197 1465 5256 familiam
1493 5214 1632 5274 agat.
1667 5205 1814 5264 Uxor

291 5344 306 5372 ⁸
334 5342 501 5392 Morel.
527 5345 676 5405 add‘t,
699 5347 799 5398 tibi.

1153 298 1217 353 IN
1257 295 1660 353 MATTIIA‘JUM
1704 295 1928 352 IIOMIL.
1974 299 2224 356 LXXV”.
2267 305 2336 357 al.
2381 305 2658 362 LXXVIII.

129 459 140 468 .
230 415 352 465 Sint
371 426 499 481 ergo
521 413 539 444 ⁸
560 409 680 466 duae
701 410 771 466 ad
797 411 960 465 vitam
984 409 1235 479 optimam
1260 411 1375 475 viae,
1399 426 1622 479 quarum
1647 409 1812 463 altera

3398 315 3503 367 7111

1920 427 2130 482 quoque
2165 415 2381 471 domum
2409 421 2705 485 custodiat;
2747 422 2843 478 sed
2885 439 2992 493 pra:
3023 424 3120 479 hac
3148 428 3306 482 aliam
3335 435 3502 493 magis

1920 507 2273 562 necessariam
2300 510 2710 567 sollicitudinem
2742 514 2969 580 habeat,
2995 522 3265 586 quomodo
3292 537 3355 577 ea
3381 539 3500 592 qua:

1919 597 1985 650 ad
2030 615 2247 669 regnum
2285 605 2533 658 caelorum
2576 617 2818 676 spectant
2845 617 2952 664 tota
2994 611 3190 668 fainilia
3227 626 3497 682 Operetnr.

1919 689 1975 742 Si
2016 691 2156 744 cuitn
2201 692 2253 746 in
2297 695 2454 750 rebus
2493 698 2866 766 saecularibus,
2897 711 3182 771 antequam
3213 705 3502 760 domestica

1919 779 2262 848 diSponamus
2287 825 2300 848 ,
2335 800 2456 854 qua:
2487 787 2694 855 publice
2724 793 2953 860 persolvi
2992 793 3187 849 debent
3213 811 3460 852 curamus
3484 838 3500 862 ,

1921 883 1987 922 ne
2027 869 2110 925 his
2150 874 2406 942 neglectis
2443 877 2737 934 vinciantur
2760 923 2772 946 ,
2810 883 2860 936 in
2901 883 3073 938 furum
3117 887 3422 954 trahamnr,
3449 901 3506 943 et

1918 961 2183 1020 dedecore
2211 981 2402 1036 magno
2427 970 2720 1028 afficiantur
2748 993 2760 1028 :
2790 977 2957 1031 multo
2983 980 3149 1049 magis
3177 982 3228 1035 in
3254 983 3504 1052 spiritua-

1919 1054 2058 1110 libus
2082 1057 2130 1111 id
2152 1073 2338 1114 curare
2360 1073 2590 1130 oportet,
2619 1075 2671 1118 ut
2696 1068 2840 1134 prius
2861 1085 2976 1138 qua:
3002 1072 3110 1144 regi
3135 1073 3502 1131 universorum

1919 1144 2028 1199 Deo
2057 1146 2320 1203 debentur
2359 1153 2768 1221 persolvantur;
2817 1166 2872 1211 ut
2912 1176 2980 1215 ne
3017 1177 3082 1216 eo
3120 1162 3380 1220 ducamur
3413 1168 3502 1222 ubi

1918 1235 2115 1290 stridor
2139 1237 2397 1296 dentium.
2439 1242 2543 1297 llas
2571 1259 2873 1315 qumramus
2912 1251 3135 1307 virtutes
3158 1293 3174 1318 ,
3204 1271 3320 1324 qua:
3350 1257 3504 1312 nobis

1917 1325 2176 1383 salutares
2212 1339 2267 1384 et
2316 1334 2556 1400 proximo
2590 1337 2842 1403 perutiles
2875 1351 3020 1395 sunt.
3066 1342 3212 1398 Talis
3244 1355 3326 1401 est
3361 1349 3502 1405 elec-

1918 1432 2138 1487 mosyna
2160 1461 2174 1485 ,
2217 1423 2337 1476 talis
2373 1426 2574 1490 oratio;
2617 1427 2723 1481 imo
2753 1444 2880 1483 vero
2912 1431 3026 1486 hare
3059 1432 3127 1487 ab
3163 1435 3250 1489 illa
3283 1439 3421 1493 vires
3450 1453 3506 1495 et

1916 1508 2025 1560 alas
2070 1512 2280 1580 accipit.
2340 1512 2639 1582 Orationes,
2675 1521 2875 1589 inquit,
2907 1534 3007 1578 (me
3029 1569 3040 1587 ,
3075 1536 3122 1579 ct
3179 1529 3506 1602 clecmosyntc

1917 1603 2251 1657 ascenderunt
2280 1607 2332 1660 in
2355 1611 2646 1664 memoriam
2671 1615 2720 1665 in
2744 1628 3008 1683 conspectu
3035 1616 3128 1674 Dei
3149 1622 3286 1691 (Act.
3316 1625 3398 1681 10.
3423 1630 3503 1697 4).

1917 1689 2030 1744 Non
2079 1693 2238 1748 modo
2279 1698 2486 1764 oratio,
2516 1700 2608 1754 sed
2654 1702 2814 1757 etiam
2851 1705 3111 1774 jejunium
3158 1689 3281 1768 inde
3311 1689 3504 1771 nervos

1915 1787 2125 1856 accipit.
2160 1789 2217 1844 Si
2246 1791 2446 1862 absque
2472 1795 2811 1868 eleemosyna
2835 1800 3064 1868 jejunes,
3091 1804 3140 1858 id
3175 1820 3272 1873 pro
3296 1807 3501 1878 jejunio

1918 1893 2022 1931 non
2067 1879 2327 1947 habetur;
2363 1885 2455 1939 sed
2499 1886 2798 1956 hujusmodi
2843 1893 3004 1950 homo
3031 1911 3220 1954 vorace
3249 1905 3500 1973 quopiam

1916 1977 1970 2022 ct
1998 1972 2290 2028 temulento
2316 1975 2549 2031 deterior
2575 1990 2658 2034 est
2681 2021 2694 2044 ,
2729 1991 2980 2054 tantoque
3009 1985 3272 2054 deterior,
3304 1972 3502 2063 quanto

1915 2059 2203 2118 crudelitas
2224 2065 2428 2122 deliciis
2453 2068 2603 2140 pejor
2623 2080 2725 2126 est.
2759 2073 2820 2128 Et
2843 2090 2938 2128 cur
2963 2076 3030 2133 de
3049 2079 3254 2150 jejunio
3277 2059 3504 2154 loquor?

1918 2149 2137 2208 Etiamsi
2161 2167 2340 2213 castus
2361 2160 2453 2225 sis,
2477 2163 2575 2216 etsi
2601 2163 2950 2232 virginitatem
2973 2149 3176 2234 serves,
3202 2177 3245 2228 si
3268 2149 3504 2233 cleerno-

1916 2254 2101 2311 synam
2131 2260 2235 2300 non
2266 2249 2411 2303 colas
2438 2290 2452 2313 ,
2484 2258 2630 2307 extra
2663 2253 2950 2312 thalamum
2975 2265 3156 2330 sponsi
3188 2281 3270 2320 es.
3299 2271 3503 2334 Quam-

1916 2346 2074 2400 quam
2100 2336 2225 2404 qnid
2256 2339 2539 2409 virginitati
2572 2358 2684 2412 par,
2717 2363 2833 2415 qua:
2863 2365 3033 2420 neque
3061 2353 3111 2407 in
3143 2354 3291 2410 Novo
3317 2361 3502 2417 Testa-

1915 2435 2099 2480 mento
2120 2428 2187 2482 ob
2204 2431 2542 2487 eminentiam
2567 2450 2715 2490 suam
2747 2438 2860 2508 lege
2882 2453 3073 2498 statuta
3095 2446 3230 2501 luit?
3253 2452 3498 2510 Attanwn

1918 2515 2006 2569 illa
2031 2517 2260 2588 ejicitur,
2285 2523 2384 2578 nisi
2411 2526 2746 2593 coojunctam
2780 2531 2969 2586 habeat
2998 2537 3391 2610 elecmosynam
3441 2545 3498 2600 Si

1918 2620 2079 2676 porro
2102 2611 2353 2682 virgines,
2379 2617 2518 2686 quod
2546 2619 2688 2673 illam
2714 2637 2817 2676 non
2840 2633 2919 2678 sat
2948 2626 3167 2696 largiter
3186 2633 3496 2702 eoluisscni,

1918 2701 2234 2770 ejiciantur,
2264 2709 2379 2776 quis
2421 2713 2611 2779 poterit
2637 2712 2722 2766 illa
2761 2715 3044 2775 destitutus
3073 2725 3280 2780 veniam
3308 2701 3503 2786 conscr-

1918 2794 2048 2862 qui?
2084 2795 2251 2852 Nemo
2281 2817 2408 2856 sane
2432 2845 2446 2870 ,
2477 2805 2567 2859 sed
2595 2822 2715 2861 eum
2743 2809 2830 2878 qui
2869 2810 3013 2868 illaut
3043 2831 3147 2871 non
3174 2820 3301 2876 colit
3328 2827 3502 2892 perire

1919 2899 2137 2954 prorsus
2163 2906 2380 2947 necesse
2405 2905 2504 2948 est.
2533 2895 2662 2950 Nam
2692 2899 2736 2952 si
2765 2899 2816 2953 in
2843 2904 3188 2962 smcularibus
3216 2928 3372 2969 nemo
3398 2920 3502 2974 sibi

1921 2977 2019 3049 ipsi
2053 2981 2199 3047 vivit,
2229 2985 2322 3038 sed
2349 2986 2532 3040 artifex
2555 3031 2568 3055 ,
2603 2991 2755 3045 miles
2777 3034 2789 3055 ,
2826 2998 3057 3065 agricola
3079 3043 3093 3062 .
3121 3017 3403 3076 mercator,
3429 3014 3499 3068 ad

1922 3069 1992 3136 id,
2023 3079 2162 3141 quod
2192 3072 2416 3142 publica:
2445 3079 2653 3134 utilitati
2680 3093 2732 3136 et
2756 3089 3036 3143 commodo
3059 3093 3291 3161 confert,
3322 3069 3502 3156 se'du.

1918 3161 2054 3215 dunt
2082 3181 2094 3212 :
2123 3165 2290 3219 multo
2319 3169 2484 3236 magis
2517 3170 2566 3223 in
2607 3173 2967 3240 spiritualibus
3007 3178 3057 3232 id
3087 3182 3494 3248 observandum.

1921 3250 2052 3308 Illud
2087 3266 2170 3310 est
2213 3259 2439 3313 maxime
2470 3262 2648 3317 vivere
2677 3281 2692 3318 :
2719 3280 2836 3320 cum
2864 3280 3046 3324 contra
3076 3273 3120 3326 is
3143 3277 3233 3345 qui
3263 3279 3361 3336 sibi
3398 3283 3499 3352 ipsi

1923 3355 2126 3401 tantum
2159 3348 2314 3412 vivit,
2338 3365 2627 3423 omnesque
2653 3353 2908 3426 despicit,
2937 3360 3133 3418 inutilis
3159 3378 3213 3420 et
3242 3348 3494 3439 superva-

1919 3451 2114 3491 caneus
2143 3439 2230 3505 sit,
2261 3456 2364 3494 non
2394 3441 2573 3509 homo,
2597 3461 2769 3516 neque
2793 3451 3002 3518 generis
3026 3458 3214 3512 nostri.
3239 3459 3372 3526 Quid
3401 3463 3498 3533 igi-

1920 3539 2004 3583 tur
2030 3532 2134 3586 crit
2157 3573 2172 3598 ,
2206 3533 2411 3603 inquies
2432 3576 2446 3602 ,
2478 3537 2524 3590 si
2559 3552 2674 3593 mea
2703 3539 2990 3610 despiciam
3016 3586 3033 3611 ,
3067 3547 3238 3603 aliena
3267 3532 3450 3609 curem
3474 3557 3498 3608 ?

1918 3620 2030 3675 Non
2066 3634 2236 3692 potest
2265 3634 2411 3680 certe
2434 3669 2448 3692 ,
2483 3642 2586 3682 non
2617 3639 2791 3697 potest
2815 3635 2903 3702 qui
2933 3634 3159 3693 aliorum
3191 3657 3275 3696 res
3303 3657 3454 3699 curat
3481 3687 3496 3709 .

1917 3727 2041 3766 snas
2067 3714 2352 3785 negligere.
2386 3715 2484 3784 Qui
2513 3719 2652 3772 enim
2680 3720 2908 3775 aliorum
2931 3739 3016 3778 res
3036 3739 3204 3795 curat,
3230 3733 3494 3790 neminem

1919 3804 2137 3858 oll'endit
2159 3847 2172 3866 ,
2206 3821 2393 3861 omnes
2419 3809 2735 3877 miseratur,
2773 3822 2827 3868 et
2855 3829 2951 3882 pro
2979 3817 3113 3872 virili
3140 3820 3325 3888 juvat;
3364 3827 3496 3883 nihil

1919 3894 2008 3948 ille
2046 3897 2254 3966 rapiet,
2287 3913 2392 3952 non
2436 3899 2694 3956 iurabitur
2717 3945 2730 3968 ,
2766 3920 2869 3958 non
2910 3905 3099 3962 falsum
3131 3913 3492 3972 testimonium

1916 3985 2056 4041 dicet
2088 4005 2101 4042 :
2129 3989 2195 4043 ab
2224 3991 2368 4044 omni
2399 3993 2683 4048 abstinebit
2708 3998 2937 4064 nequitia
2963 4042 2975 4062 ,
3004 4015 3218 4057 omnem
3248 4007 3493 4066 virtutem

1917 4079 2297 4148 amplectetur,
2348 4098 2443 4152 pro
2485 4085 2711 4141 inimicis
2750 4088 3084 4156 precabitur,
3126 4092 3497 4156 insidiantibus

1918 4169 2016 4224 sibi
2048 4171 2360 4227 benclicium
2393 4176 2698 4244 praestabit:
2734 4182 2928 4235 nemini
2959 4186 3374 4257 conviciabitur,
3409 4211 3501 4249 ne-

1919 4264 2046 4317 mini
2077 4266 2356 4322 malcdicet
2376 4311 2389 4333 ,
2419 4270 2624 4325 etiamsi
2667 4273 2941 4328 innumera
2968 4277 3146 4333 audiat
3173 4284 3454 4341 maledicta
3483 4333 3496 4353 ,

1919 4354 2011 4407 sed
2055 4355 2169 4411 haec
2198 4359 2486 4427 apostolica
2516 4362 2675 4416 verba
2707 4365 2940 4433 proferet
2967 4384 2981 4422 ε
3012 4369 3138 4433 Quis
3173 4373 3462 4442 inﬁrmatur
3486 4424 3499 4444 ,

1919 4455 1964 4498 et
1987 4463 2077 4516 ego
2099 4463 2197 4501 non
2222 4449 2450 4516 inﬁrmor
2465 4451 2491 4503 .’
2513 4453 2623 4518 quis
2648 4453 3045 4523 scandalizatur,
3072 4471 3119 4512 et
3141 4479 3231 4532 ego
3256 4482 3355 4519 non
3380 4485 3504 4522 uror

1919 4536 1995 4607 (2.
2021 4536 2139 4594 Cor.
2165 4541 2252 4594 11.
2279 4539 2412 4612 29)?
2441 4541 2497 4597 Si
2527 4557 2654 4598 vero
2679 4556 2858 4600 nostra
2889 4564 3222 4617 qumramns,
3251 4571 3356 4611 non
3389 4575 3504 4612 om-

1919 4631 2046 4684 nino
2081 4631 2149 4686 de
2185 4631 2374 4688 alienis
2408 4634 2728 4691 curabimus.
2773 4636 2868 4693 llis
2897 4641 3145 4697 omnibus
3171 4661 3372 4702 morem
3406 4665 3498 4719 gc-
3541 4691 3546 4706 .

1918 4733 2100 4777 rentes
2123 4733 2178 4778 et
2209 4726 2478 4793 persuasi,
2509 4741 2614 4781 non
2645 4742 2800 4797 posse
2826 4745 2925 4784 nos
2951 4731 3172 4788 salutem
3202 4741 3456 4810 consequi
3489 4783 3506 4807 ,

1917 4812 2016 4867 nisi
2036 4828 2373 4869 communem
2401 4817 2677 4873 utilitatem
2707 4831 3027 4890 spectemus,
3054 4825 3191 4880 hunc
3215 4827 3496 4888 discissum

1915 4908 2158 4964 videntes
2185 4951 2198 4972 ,
2232 4910 2484 4981 illumque
2522 4912 2722 4982 pariter
2748 4915 2839 4985 qui
2876 4916 3129 4973 talentum
3171 4921 3459 4980 sulfodcrat
3481 4971 3496 4990 ,

1917 4999 2058 5053 illam
2088 5001 2264 5068 potius
2288 5001 2544 5072 eligamus
2565 5004 2724 5070 viam,
2755 5013 2810 5058 ut
2834 5015 2887 5061 et
2909 5008 3068 5062 vitam
3096 5019 3349 5068 aeternam
3372 5033 3502 5070 eon-

1917 5106 2202 5157 sequamur
2232 5110 2245 5146 :
2271 5109 2429 5162 quam
2471 5095 2670 5149 utinam
2701 5111 2888 5152 omnes
2917 5101 3304 5169 nanciscamnr,
3332 5111 3498 5177 gratia

1915 5191 1969 5235 et
1999 5181 2324 5252 benignitate
2361 5184 2570 5239 Domini
2610 5189 2776 5240 nostri
2803 5187 2930 5244 Jcsn
2957 5189 3193 5261 Christi,
3220 5196 3304 5251 cui
3334 5198 3499 5268 gloria

1917 5274 1969 5325 in
2003 5274 2195 5328 saecula
2227 5276 2562 5331 s:eculorum.
2597 5277 2785 5332 Amen.

538 5797 806 5860 Parnm.
848 5799 964 5859 (in.
1017 5800 1227 5861 LVIII.

3087 5800 3158 5855 lli
