4104 6218
507 356 599 413 7H

1279 351 1334 407 S.
1375 349 1651 408 JOANNIS
1685 345 2154 406 CHRYSOSTOMI
2193 344 2507 403 ARCHIEP.
2546 341 3075 400 CONSTANTINOP.

3663 340 3767 398 712

508 471 3770 504 ’,ΝΜ

1543 561 1906 624 'HOMILIA
1951 558 2299 620 LXXVIII.
2346 557 2430 618 al.
2475 556 2769 616 LXXIX.

509 713 638 768 Car.
663 711 754 766 25.
786 726 838 763 v.
875 711 924 763 1.
952 709 1094 762 Tunc
1146 708 1304 762 simile
1339 710 1430 762 erit
1472 723 1679 778 regnum
1709 706 1947 761 catlorum
1990 706 2080 758 de-

578 819 682 858 cem
713 801 1000 872 virginibus,
1026 815 1138 868 quia
1162 799 1460 868 accipientes
1495 796 1754 865 lampades
1783 812 1920 855 suas,
1954 796 2082 848 exie-

577 908 692 949 runt
714 894 907 947 obviam
928 908 1130 962 sponso.
1163 893 1217 945 2.
1249 892 1481 960 Quinque
1496 901 1663 944 autem
1692 899 1832 942 erant
1859 889 2081 956 pruden-

493 974 498 1044 ἶ
579 999 648 1041 tes
675 999 721 1039 et
741 986 955 1052 quinque
1000 988 1172 1055 future,
1200 985 1251 1038 5.
1294 999 1406 1051 qua:
1433 999 1530 1035 non
1561 989 1862 1050 acceperunt
1893 981 2082 1034 Oleum.

577 1082 629 1133 4.
681 1077 962 1131 Prudentes
1003 1093 1116 1128 vero
1162 1084 1458 1145 acceperunt
1504 1074 1668 1126 oleum
1713 1073 1764 1124 in
1803 1087 1933 1124 vasts
1982 1071 2086 1122 suis

578 1188 694 1231 cum
743 1168 1060 1238 lampadibus
1111 1167 1236 1220 suis.
1289 1167 1341 1221 5.
1407 1165 1606 1219 Moram
1659 1176 1825 1218 autem
1875 1164 2087 1232 faciente

579 1277 762 1332 sponso
785 1303 798 1327 ,
823 1269 927 1315 etc.
966 1258 1066 1329 (a).

582 1419 634 1470 1,
669 1415 924 1468 Parabola
959 1413 1020 1466 de
1067 1412 1344 1481 virginibus
1386 1427 1498 1464 cum
1525 1411 1638 1463 aliis
1670 1408 1943 1463 secundum
1969 1405 2086 1476 quid

511 1508 755 1560 similibus
772 1516 1113 1573 comparatur,
1139 1503 1316 1555 deinde
1341 1502 1655 1565 explanatur.
1670 1499 1817 1552 Nihil
1831 1501 1938 1552 sine
1961 1498 2091 1551 elec-

511 1617 721 1670 mosyna
743 1599 959 1667 prodest.
990 1597 1127 1649 Mors
1152 1611 1376 1648 somnus.
1401 1593 1600 1646 Futura
1618 1592 1930 1647 resurrectio.
1958 1590 2092 1644 Nul-

514 1693 589 1745 lus
616 1693 667 1746 in
690 1692 771 1745 die
799 1691 978 1756 iudicii
1015 1700 1274 1757 patronus.
1306 1717 1376 1726 —
1403 1687 1495 1741 Hae
1526 1685 1790 1756 parabolae
1836 1684 1997 1754 priori
2024 1682 2090 1737 de

514 1784 655 1837 ﬁdeli
683 1796 838 1836 servo
869 1791 920 1836 et
949 1780 1016 1834 de
1045 1779 1286 1848 improbo
1310 1820 1324 1844 ,
1354 1778 1442 1847 qui
1474 1777 1612 1830 bona
1639 1776 1839 1831 domini
1867 1775 2092 1829 devora-

516 1878 610 1939 vit,
645 1876 846 1929 similes
867 1882 1009 1928 sunt.
1043 1874 1278 1940 Quatuor
1303 1872 1444 1924 enim
1473 1877 1597 1924 sunt
1622 1869 1686 1923 ad
1711 1885 1820 1922 rem
1849 1867 2090 1923 eamdem

519 1967 644 2022 licet
673 1967 885 2020 diverso
929 1963 1084 2017 modo
1135 1963 1444 2026 hortantes;
1501 1961 1618 2015 dico
1648 1969 1823 2015 autem
1877 1959 1990 2012 illas
2027 1957 2095 2012 de

518 2060 854 2128 eleemosyna
904 2055 1165 2125 eroganda
1192 2095 1207 2120 ,
1239 2070 1300 2108 ac
1341 2054 1408 2108 de
1438 2054 1680 2123 proximo
1708 2068 1804 2122 pro
1847 2051 2095 2106 facultate

520 2162 699 2205 nostra
717 2147 950 2218 juvando
975 2188 989 2209 ,
1017 2147 1164 2216 quasi
1197 2162 1299 2199 non
1347 2146 1606 2215 possimus
1633 2145 1737 2198 alio
1764 2143 1922 2198 modo
1956 2142 2097 2196 salu-

521 2252 625 2294 tem
655 2238 928 2308 consequi.
959 2238 1062 2292 Sed
1107 2237 1156 2290 in
1187 2238 1289 2291 illis
1311 2237 1522 2306 quidem
1551 2236 1871 2306 generaliter
1899 2235 1965 2288 de
1992 2235 2096 2288 uti-

519 2333 661 2385 litate
697 2328 902 2395 quavis,
935 2343 1093 2396 quam
1117 2341 1399 2397 possumus
1445 2328 1696 2395 proximo
1728 2334 1978 2394 prcestare
2003 2340 2016 2387 ;
2045 2323 2096 2376 in

522 2420 771 2492 parabola
821 2436 948 2473 vero
993 2420 1060 2473 de
1105 2420 1394 2490 virginibus
1422 2420 1489 2473 de
1515 2418 1862 2488 elecmOsyua
1893 2417 2002 2469 sive
2033 2417 2099 2470 de

522 2511 761 2587 pecunia:
804 2511 1082 2581 largitione
1131 2513 1321 2580 agitur,
1368 2519 1422 2563 et
1467 2509 1676 2577 quidem
1732 2506 2100 2562 vehementius

520 2617 682 2669 quam
697 2601 755 2657 in
775 2604 1048 2673 superiore
1081 2602 1348 2672 parabola.
1381 2601 1490 2655 Illic
1511 2603 1651 2655 enim
1685 2600 2093 2670 pereutientem,

518 2691 816 2759 ebriosum,
835 2693 1144 2762 dominique
1168 2693 1302 2745 bona
1325 2691 1674 2760 dissipantem
1691 2700 1743 2745 et
1767 2689 2096 2759 perdentem,

519 2787 782 2855 supplicio
815 2783 972 2839 allicit
1002 2800 1017 2847 ;
1059 2783 1147 2837 hic
1188 2797 1315 2836 vero
1341 2783 1498 2836 etiam
1539 2782 1774 2851 eumqui
1804 2779 2100 2849 proximum

529 2893 634 2933 non
660 2878 832 2948 juvat,
865 2889 1036 2944 neque
1058 2873 1271 2943 largiter
1290 2875 1470 2942 egenis
1493 2888 1584 2925 sua
1615 2872 1902 2925 distribuit.
1929 2871 2099 2937 Virgi-

529 2988 623 3025 nes
640 2970 814 3024 oleum
839 2967 1050 3038 quidem
1077 2966 1362 3030 habebant,
1391 2965 1483 3020 sed
1509 2980 1610 3018 non
1637 2965 1930 3033 copiosum,
1959 2963 2106 3017 ideo-

531 3077 633 3130 que
661 3060 966 3129 puniuntur.
1017 3056 1126 3112 Cur
1163 3072 1288 3125 ergo
1313 3057 1412 3111 sub
1441 3071 1662 3124 persona
1689 3056 1950 3125 virginum
1972 3054 2108 3111 hanc

531 3151 734 3222 profert
794 3148 1136 3219 parabolam,
1184 3163 1282 3202 nec
1327 3147 1765 3216 qualemcumque
1829 3160 2106 3213 personam

530 3240 815 3295 adhibuit?
841 3240 1022 3308 Magna
1053 3238 1120 3292 de
1147 3239 1444 3311 virginitate
1486 3237 1694 3292 dixerat
1731 3255 1744 3291 :
1783 3235 1917 3291 Sunt
1950 3251 2108 3289 eunu-

531 3332 632 3396 chi,
667 3331 755 3400 qui
792 3333 982 3399 seipsos
1036 3339 1377 3383 castraverunt
1410 3338 1612 3396 propter
1639 3344 1844 3399 regnum
1871 3324 2109 3380 cazlorum

537 3422 749 3496 (Matth.
781 3420 868 3476 19.
903 3418 992 3490 11)
1017 3461 1032 3486 ,
1059 3430 1128 3483 et,
1189 3420 1287 3486 Qui
1316 3429 1474 3488 potest
1495 3436 1674 3488 capere
1697 3462 1710 3486 ,
1739 3421 1928 3489 capiat.
1960 3419 2110 3474 Alio-

535 3514 659 3584 quin
683 3527 808 3566 vero
855 3510 1056 3564 sciebat
1105 3511 1385 3578 plerosque
1425 3524 1667 3579 ruagnam
1697 3509 1763 3563 de
1793 3509 1876 3563 illa
1902 3510 2110 3579 Opinio.

537 3622 665 3661 nem
694 3604 910 3659 habere.
940 3603 1071 3657 Nam
1100 3618 1187 3658 res
1218 3611 1299 3656 est
1340 3613 1527 3657 natura
1554 3617 1648 3657 sua
1676 3603 1835 3657 ardua
1858 3645 1872 3669 ,
1905 3613 1964 3658 ut
1991 3603 2113 3658 inde

539 3700 709 3768 palam
741 3707 843 3764 est,
868 3696 1007 3768 quod
1036 3698 1087 3750 in
1118 3696 1287 3750 veteri
1318 3696 1432 3766 lege
1464 3711 1535 3750 ne
1566 3697 1731 3751 sancti
1761 3697 1974 3769 quidem
1997 3713 2107 3752 ma-

527 3794 732 3862 gnique
759 3792 857 3845 viri
901 3791 1044 3845 illam
1076 3789 1406 3845 exercuerim
1430 3831 1445 3854 ,
1477 3797 1531 3844 et
1559 3790 1608 3842 in
1649 3805 1784 3844 nova
1814 3790 1952 3844 nulla
1979 3790 2112 3860 legis

540 3887 861 3942 necessitate
882 3883 1152 3954 jubeatur.
1183 3883 1366 3951 Neque
1408 3883 1548 3937 enim
1577 3883 1684 3948 hoc
1706 3886 1986 3953 praecepit;
2020 3884 2113 3938 sed

539 3977 867 4034 audientium
909 3975 1129 4029 arbitrio
1168 3974 1296 4028 illud
1339 3975 1567 4044 reliquit.
1614 3975 1736 4029 Ideo
1758 3975 1831 4029 ait
1864 3975 2057 4029 Paulus
2099 3994 2112 4028 :

539 4073 620 4126 De
665 4069 937 4142 virginibus
991 4075 1162 4118 autem
1209 4073 1514 4133 prceceptum
1553 4063 1758 4118 Domini
1809 4081 1914 4118 non
1955 4065 2116 4119 habeo

539 4167 625 4239 (1.
657 4163 775 4217 Cor.
802 4162 854 4213 7.
887 4159 960 4213 25
981 4157 1025 4228 ).
1056 4157 1240 4212 Laudo
1269 4156 1482 4226 quidem
1511 4155 1639 4210 illud
1667 4166 1989 4221 servantem,
2022 4158 2117 4212 sed

543 4256 810 4310 nolentem
841 4265 949 4305 non
975 4263 1130 4319 cogo,
1155 4263 1327 4316 neque
1356 4256 1683 4319 praeceptum
1714 4249 1765 4304 id
1799 4249 1953 4304 facio.
1983 4251 2114 4318 Quia

543 4348 701 4416 igitur
729 4357 915 4413 magna
948 4355 1034 4395 res
1063 4347 1196 4404 erat,
1227 4348 1280 4393 et
1307 4340 1359 4393 in
1383 4355 1573 4410 magna
1611 4341 1752 4409 apud
1792 4342 1984 4396 multos
2006 4352 2120 4396 erat

541 4437 972 4498 existimatione;
1015 4449 1084 4489 ne
1121 4434 1239 4503 quis
1287 4433 1429 4487 illam
1470 4448 1718 4500 servans,
1751 4436 1901 4506 quasi
1944 4437 2118 4492 omnia

548 4535 851 4589 servasset,
879 4527 1020 4580 circa
1067 4533 1258 4579 cetera
1305 4525 1573 4595 negligens
1601 4536 1763 4590 esset,
1795 4527 1930 4582 hanc
1973 4527 2122 4597 ponit

543 4619 872 4689 parabolam,
901 4633 1020 4687 quae
1048 4617 1272 4673 suadere
1297 4618 1462 4687 possit
1484 4659 1497 4678 ,
1523 4618 1878 4687 virginitatem
1905 4620 2117 4689 aliaque

544 4713 682 4766 bona
704 4709 903 4771 omnia,
933 4708 1289 4778 eleemosyna:
1314 4707 1572 4762 fructibus
1593 4723 1781 4774 vacua,
1804 4725 1922 4764 cum
1954 4710 2120 4764 forni-

551 4800 821 4856 catoribus
845 4798 963 4868 ejici
1016 4807 1112 4852 :et
1151 4797 1498 4852 inhumanum
1541 4798 2120 4870 immisericordemque

546 4907 669 4945 cum
688 4890 792 4944 illis
817 4888 1063 4944 collocari
1093 4904 1106 4943 :
1132 4887 1426 4958 idquejure
1456 4889 1645 4944 merito
1668 4890 1683 4920 ¹
1708 4907 1720 4943 :
1751 4890 1835 4945 ille
1852 4892 1992 4946 enim
2006 4907 2127 4946 cor-

542 4990 736 5045 porum
792 4988 978 5029 amore
1024 4973 1202 5027 victus
1255 4984 1378 5036 est,
1435 4971 1598 5027 fatua:
1654 4983 1832 5028 autem
1889 4976 2130 5046 virgines

541 5080 735 5121 amore.
798 5063 1175 5135 pecuniarum.
1247 5061 1367 5116 Non
1425 5071 1510 5118 est
1580 5073 1762 5118 autem
1833 5080 2128 5136 corporum

539 5167 594 5212 et
648 5148 1003 5227 pecuniarum
1051 5170 1152 5226 par
1211 5155 1527 5226 cupiditas;
1575 5157 1670 5212 sed
1724 5158 1906 5214 acrior
1958 5162 2130 5213 multo

539 5265 605 5303 ac
657 5249 944 5304 violentior
998 5264 1312 5319 corporum.
1377 5250 1593 5315 Quanto
1643 5259 1824 5306 autem
1876 5252 2126 5306 imbecil-

539 5342 644 5395 lior
671 5349 755 5395 est
789 5341 1064 5405 inimicus,
1099 5349 1251 5396 tanto
1283 5341 1465 5396 minus
1505 5342 1611 5397 illm
1643 5359 1764 5412 qua:
1790 5342 1946 5398 victa:
1976 5356 2125 5408 sunt,

541 5435 755 5488 veniam
791 5443 1105 5499 merentur;
1139 5435 1370 5506 ideoque
1401 5436 1580 5491 fatuas
1607 5436 1730 5491 illas
1767 5445 1962 5501 vocat,
1995 5439 2124 5506 quia

540 5527 734 5593 majori
763 5538 1021 5596 superato
1044 5528 1248 5594 labore,
1278 5543 1372 5597 per
1392 5530 1655 5584 minorem
1682 5538 1851 5583 totum
1883 5531 2128 5600 perdide-

604 5634 694 5702 '_ln
721 5633 896 5702 Morel.
920 5634 1208 5702 legitur...”
1233 5649 1342 5702 cum
1369 5632 1745 5702 fornicatoribus
1763 5635 1880 5702 ejici
1891 5642 1937 5687 et
1963 5635 2124 5690 immi-

539 5695 886 5768 sericordibus,
913 5695 1184 5768 idquejure
1207 5695 1626 5768 merito,__omissis
1636 5695 1966 5768 interpositis.

603 5761 670 5825 tu)
698 5759 756 5826 ln_
773 5759 961 5826 aliquot
978 5759 1243 5826 Codicibus
1265 5761 1371 5809 haec
1391 5759 1648 5826 Evangelii
1668 5759 1963 5826 lectiogante
1989 5759 2124 5826 prin-

539 5819 724 5933 :iitéi‘iam
743 5817 960 5872 bomiliw
983 5821 1141 5882 posita
1168 5825 1312 5885 longe
1340 5817 1553 5885 amplior
1574 5823 1798 5871 etfertur.
1814 5823 1909 5873 Cir.
1939 5817 2117 5873 Adnot.

2193 709 2333 754 riunt.
2373 699 2680 769 .Lampades
2734 709 2909 753 autem
2961 698 3048 753 hic
3092 697 3222 753 dicit
3250 697 3422 767 ipsum
3447 695 3771 769 virginitatis

2190 793 2408 857 donum,
2433 790 2728 844 sanctitatis
2754 791 3040 859 puritatem
3069 807 3082 842 :
3111 789 3286 844 oleum
3313 804 3442 844 vero
3471 789 3772 859 benignita-

2195 891 2338 946 tem,
2398 883 2828 951 cleemosynam,
2893 881 3150 934 auxilium
3211 881 3393 950 egenis
3452 883 3769 950 priestitum.

2191 974 2244 1027 5.
2278 973 2477 1026 Moram
2513 983 2676 1025 autem
2700 973 2913 1042 faciente
2937 988 3119 1043 sponso
3143 1014 3158 1038 ,
3183 973 3574 1026 dormitauerunt
3600 989 3773 1027 omnes

2195 1072 2240 1116 et
2297 1062 2629 1115 dormierunt.
2681 1061 2778 1115 Hic
2821 1061 3055 1115 ostendit
3095 1076 3199 1115 non
3244 1077 3464 1131 parvum
3516 1063 3775 1132 temporis

2193 1156 2420 1224 Spatium
2469 1155 2803 1224 interjectum
2829 1196 2844 1220 ,
2878 1153 3166 1222 discipulos
3206 1154 3476 1210 abducens
3508 1171 3575 1209 ne
3603 1170 3774 1224 expc.

2192 1258 2334 1303 cteut
2352 1262 2570 1317 regnum
2591 1246 2706 1318 ejus
2728 1247 2903 1301 statim
2921 1255 3199 1300 venturum
3215 1261 3353 1300 esse.
3379 1246 3511 1300 Nam
3533 1246 3634 1300 hoc
3647 1260 3777 1315 spec
3843 1265 3848 1268 ·

2193 1339 2410 1406 rabant,
2448 1338 2670 1408 ideoque
2695 1337 3000 1407 frequenter
3027 1337 3147 1391 illos
3175 1336 3243 1390 ab
3265 1336 3365 1390 hac
3389 1352 3484 1406 spe
3511 1345 3775 1392 removet.

2193 1429 2274 1483 Ad
2298 1429 2411 1484 haec
2429 1428 2558 1483 illud
2575 1443 2784 1498 quoque
2797 1427 3116 1492 subindicat,
3131 1435 3355 1480 mortem
3369 1441 3489 1481 esse
3505 1441 3776 1481 somnum.

2196 1522 2540 1587 Dormierunt,
2567 1523 2753 1591 inquit.
2777 1521 2829 1576 6.
2861 1520 3034 1574 Media
3053 1529 3219 1573 autem
3235 1528 3374 1573 nocte
3401 1519 3593 1573 clamor
3611 1524 3785 1590 [actus

2199 1625 2290 1669 est.
2314 1614 2407 1668 Vel
2432 1615 2481 1668 in
2515 1613 2767 1683 parabola
2799 1612 3030 1677 insistit;
3055 1612 3139 1666 vel
3164 1609 3327 1666 docet
3354 1619 3516 1665 nocte
3544 1610 3782 1664 futuram

2197 1707 2642 1762 resurrectionem
2665 1719 2804 1760 esse.
2836 1703 3134 1759 Clamorem
3165 1703 3322 1757 etiam
3347 1701 3546 1757 Paulus
3575 1716 3787 1757 memo-

2198 1809 2300 1865 rat,
2333 1798 2518 1853 dicens
2552 1816 2566 1852 :
2597 1797 2661 1850 In
2697 1798 2871 1867 jussu,
2899 1798 2951 1850 in
3003 1813 3119 1850 voce
3159 1793 3488 1865 archangeli,
3516 1795 3569 1848 in
3603 1795 3787 1849 ultima

2200 1892 2316 1944 tuba
2357 1890 2616 1944 descendet
2659 1888 2721 1942 de
2750 1890 2873 1943 caelo
2905 1887 2997 1961 (1.
3034 1886 3211 1940 Thess.
3241 1887 3296 1941 4.
3344 1885 3470 1952 16).
3520 1885 3655 1953 Quid
3683 1887 3785 1941 sibi

2201 1984 2384 2038 volunt
2410 1983 2568 2049 tubar,
2592 1981 2716 2052 quid
2744 1981 2984 2035 clamor?
3016 1980 3248 2050 Sponsus
3273 1979 3421 2034 venit.
3456 1978 3508 2032 7.
3540 1976 3670 2033 Cum
3695 1996 3787 2033 or-

2201 2084 2400 2128 nassent
2427 2089 2543 2144 ergo
2571 2072 2852 2142 lampades,
2889 2071 2944 2126 8.
2973 2071 3128 2139 fatum
3151 2069 3460 2140 sapientibus
3503 2069 3740 2123 dixerunt
3767 2085 3790 2123 :

2205 2167 2330 2220 Date
2358 2166 2499 2220 nobis
2519 2166 2580 2218 de
2603 2165 2712 2218 oleo
2739 2173 2922 2218 vestro.
2965 2150 3198 2219 Rursum
3241 2163 3357 2217 illas
3385 2161 3559 2216 fatuas
3583 2173 3740 2217 vocat
3769 2203 3788 2226 ,

2204 2258 2492 2312 ostendens
2521 2256 2655 2310 nihil
2690 2255 2902 2310 stultius
2923 2269 3044 2309 esse
3067 2255 3132 2308 iis
3157 2255 3244 2324 qui
3271 2253 3357 2308 hic
3400 2254 3651 2323 pecunias
3671 2255 3789 2307 col-

2205 2348 2373 2416 ligunt
2397 2388 2411 2411 ,
2445 2355 2500 2401 et
2540 2343 2665 2403 nudi
2699 2345 2824 2398 illuc
2854 2343 3089 2410 abeunt,
3138 2343 3226 2398 ubi
3258 2343 3409 2397 nobis
3461 2344 3792 2413 benignitate

2200 2438 2386 2509 magis
2421 2452 2559 2508 opus
2596 2446 2716 2503 est,
2760 2437 3041 2506 multoque
3079 2435 3200 2491 oleo
3229 2436 3272 2493 ί.
3311 2436 3430 2490 Νοη
3484 2436 3608 2490 ideo
3653 2443 3779 2491 tan-

2211 2537 2326 2585 tum
2357 2527 2559 2595 stultae,
2579 2529 2672 2584 sed
2700 2528 2847 2598 quod
2877 2525 3216 2596 expectarint
3247 2540 3306 2580 se
3335 2527 3448 2579 illic
3471 2525 3650 2580 oleum
3679 2539 3778 2578 ae-

2208 2632 2450 2690 cirpturas
2471 2633 2589 2674 esse
2610 2628 2662 2672 et
2682 2617 2820 2687 quod
2845 2617 3211 2686 intempestive
3235 2617 3570 2686 quaesierint:
3608 2632 3799 2686 quam.

2207 2727 2363 2783 quam
2394 2711 2527 2765 nihil
2569 2711 2848 2764 humanius
2886 2710 2992 2764 illis
3042 2709 3355 2780 virginibus,
3411 2724 3530 2778 quze
3583 2708 3685 2764 hac
3739 2709 3795 2764 in

2208 2812 2358 2874 parte
2386 2803 2615 2857 maxime
2644 2802 2945 2871 conspicua:
2976 2800 3210 2856 fuerunt.
3235 2800 3416 2870 Neque
3441 2809 3610 2855 totum
3640 2811 3798 2871 pete-

2210 2895 2338 2950 bant
2381 2912 2393 2947 :
2448 2893 2577 2946 Date
2619 2893 2760 2948 nobis
2794 2892 2857 2946 de
2904 2891 3014 2945 oleo
3064 2900 3262 2957 vestro,-
3316 2892 3803 2963 necessitatemque

2211 2983 2580 3043 ostendebant.
2595 2983 2832 3037 dicentes
2855 3000 2867 3036 :
2891 2981 3180 3052 Lampades
3198 2992 3382 3038 nostra:
3407 2984 3796 3054 extinguuntur.

2210 3073 2315 3131 Sed
2342 3075 2386 3128 si
2407 3073 2566 3128 etiam
2594 3073 2861 3142 repulsam
2890 3073 3156 3128 tulerunt:
3188 3087 3250 3128 ac
3281 3088 3452 3142 neque
3475 3075 3798 3130 humanitas

2212 3179 2394 3220 earum
2424 3179 2452 3218 a
2479 3164 2673 3233 quibus
2713 3163 2982 3232 petebant,
3012 3178 3185 3233 neque
3233 3163 3507 3232 petitionis
3544 3162 3801 3221 facilitas.

2215 3275 2387 3327 neque
2418 3258 2730 3323 necessitas,
2763 3256 3034 3326 quidpiam
3065 3256 3436 3326 impetrarunt.
3459 3255 3654 3311 Verum
3673 3254 3806 3324 quid

2217 3350 2337 3404 inde
2364 3348 2661 3403 discimus?
2685 3347 2962 3402 Neminem
2993 3347 3100 3401 illic
3127 3346 3298 3410 nobis,
3323 3360 3457 3415 quos
3486 3359 3802 3415 Operapro-

2218 3443 2488 3508 diderunt,
2514 3442 2712 3496 auxilio
2739 3442 2969 3496 futurum
2992 3457 3006 3506 ;
3033 3456 3139 3495 non
3170 3440 3298 3511 quid
3317 3441 3508 3508 nolint,
3535 3441 3802 3512 sedquod

2218 3551 2324 3591 non
2347 3535 2568 3606 possint.
2614 3533 2745 3588 Nam
2775 3543 2828 3587 et
2869 3533 2971 3586 illze
3002 3532 3083 3587 ad
3116 3533 3442 3602 impossibile
3469 3533 3804 3604 confugiunt.

2219 3631 2329 3684 lloc
2343 3637 2396 3684 et
2417 3629 2600 3683 beatus
2618 3625 2882 3681 Abraham
2902 3624 3132 3680 ostendit
3148 3624 3330 3681 dicens
3351 3641 3363 3678 :
3391 3624 3636 3694 Magnum
3652 3627 3811 3679 chaos

2218 3725 2349 3778 inter
2373 3738 2459 3776 vos
2487 3730 2533 3776 et
2579 3737 2670 3774 nos
2697 3729 2807 3786 est,
2841 3727 2894 3772 ut
2920 3735 2981 3774 ne
3007 3718 3226 3773 volentes
3273 3718 3473 3790 quidem
3502 3721 3813 3789 pertransire

2222 3819 2414 3888 possint
2441 3816 2588 3886 (Luc.
2623 3815 2711 3870 16.
2757 3815 2872 3885 26).
2909 3814 2961 3870 9.
2999 3814 3079 3869 Ite
3102 3824 3268 3870 autem
3314 3816 3381 3868 ad
3415 3819 3680 3871 uendentes
3707 3857 3722 3880 ,
3764 3827 3815 3871 et

2222 3911 2384 3964 emite.
2426 3909 2524 3976 Qui
2576 3907 2907 3963 vendentes?
2957 3908 3244 3976 Paupercs.
3304 3909 3528 3964 Ubinam
3565 3910 3679 3964 illi?
3715 3909 3815 3966 llic

2223 4011 2373 4057 erant
2401 4019 2414 4053 :
2449 4001 2534 4055 hic
2559 4015 2798 4070 quaerere
2824 4001 3121 4070 oportebat,
3153 4016 3324 4070 neque
3351 4002 3402 4056 in
3436 4012 3675 4072 tempore
3693 4003 3811 4058 illo.

2293 4093 2349 4148 2.
2380 4094 2566 4148 Viden’
2593 4093 2860 4163 quomodo
2891 4092 2978 4147 liat
3007 4093 3160 4147 nobis
3187 4108 3252 4147 ex
3283 4096 3602 4164 pauperibus
3644 4111 3817 4167 nego-

2229 4189 2412 4242 tiatio?
2435 4187 2488 4242 Si
2521 4188 2617 4242 hos
2643 4188 2924 4243 sustuleris
2942 4229 2956 4254 ,
2991 4205 3235 4261 magnam
3273 4190 3458 4244 salutis
3480 4204 3630 4259 spem
3653 4190 3816 4247 nobis

2226 4279 2522 4333 sustuleris.
2571 4278 2694 4334 ideo
2740 4277 2828 4334 hic
2875 4289 3086 4350 oportet
3110 4281 3283 4335 oleum
3309 4281 3576 4350 colligere,
3621 4290 3678 4334 ut
3709 4281 3818 4336 illic

2227 4369 2378 4424 nobis
2399 4370 2528 4423 utile
2557 4370 2644 4436 sit,
2679 4385 2798 4424 cum
2832 4378 3041 4440 tempus
3067 4385 3164 4425 nos
3194 4371 3488 4425 vocaverit.
3519 4370 3635 4425 Non
3657 4372 3810 4426 enim

2228 4470 2438 4530 tempus
2464 4461 2745 4530 colligendi
2773 4462 2902 4517 illud
2931 4472 3012 4518 est
3037 4480 3050 4516 :
3084 4463 3177 4518 sed
3197 4463 3296 4517 hoc
3320 4473 3549 4533 tempus.
3580 4463 3658 4519 Ne
3682 4479 3817 4534 ergo

2226 4568 2353 4622 Opes
2381 4561 2497 4606 tuas
2528 4551 2718 4606 frusua
2747 4552 3022 4622 impendas
3046 4553 3097 4606 in
3125 4553 3364 4621 delicias,
3395 4554 3448 4608 in
3477 4569 3668 4608 vanam
3695 4553 3817 4624 glo-

2228 4645 2382 4698 riam.
2415 4643 2578 4698 Multo
2605 4645 2801 4713 quippe
2830 4645 2949 4700 oleo
2979 4645 3070 4698 tibi
3113 4645 3220 4699 illic
3246 4660 3380 4714 opus
3424 4655 3527 4702 est.
3566 4645 3695 4701 Haec
3722 4661 3821 4701 au-

2228 4736 2432 4789 dientes
2455 4735 2557 4789 illae
2587 4735 2868 4799 abierunt,
2905 4735 2997 4790 sed
3025 4735 3156 4790 nihil
3185 4735 3430 4790 utilitatis
3461 4746 3815 4805 acceperunt.

2231 4827 2341 4881 Hoc
2392 4841 2553 4897 porro
2601 4828 2675 4880 ait
2723 4834 2815 4880 aut
2858 4827 2910 4881 in
2950 4827 3200 4897 parabola
3231 4827 3504 4897 insistens,
3537 4822 3818 4900 'illamque

2230 4925 2446 4982 texens;
2492 4925 2581 4972 aut
2611 4925 2667 4970 ut
2692 4918 2957 4982 ostendat,
3003 4919 3209 4972 etiamsi
3239 4918 3458 4974 humani
3499 4921 3666 4975 simus
3694 4930 3818 4990 post

2230 5011 2507 5067 decessum
2533 5019 2770 5066 nostrum
2787 5050 2804 5076 ,
2833 5025 2932 5066 nos
2959 5012 3089 5065 nihil
3113 5011 3234 5067 inde
3260 5012 3478 5068 subsidii
3503 5024 3817 5083 accepturos

2231 5103 2297 5157 ad
2327 5103 2644 5173 supplicium
2673 5102 3055 5172 effugiendum.
3091 5103 3271 5172 Itaque
3313 5101 3448 5158 nihil
3470 5103 3576 5158 illis
3601 5103 3818 5174 prolicit

2229 5193 2459 5248 studium
2485 5208 2500 5258 ;
2524 5193 2642 5262 quia
2663 5207 2766 5247 non
2791 5192 2876 5249 hic
2897 5194 3105 5248 iverunt
3127 5194 3193 5248 ad
3215 5193 3530 5261 vendentes,
3555 5195 3652 5250 sed
3672 5195 3814 5260 illic;

2231 5299 2403 5354 neque
2429 5283 2578 5339 diviti
2628 5283 2847 5355 profuit,
2876 5284 3091 5355 quando
3118 5285 3188 5339 ita
3218 5286 3480 5341 humanus
3521 5287 3724 5349 evasit.
3757 5297 3816 5343 ut

2231 5375 2391 5431 etiam
2416 5374 2484 5429 de
2509 5373 2755 5430 afﬁnibus
2780 5375 2892 5429 suis
2920 5375 3175 5430 sollicitus
3205 5387 3370 5432 esset.
3395 5377 3529 5433 Nam
3561 5378 3610 5433 is
3634 5379 3723 5450 qui
3745 5379 3814 5433 ad

2232 5465 2426 5519 ostium
2444 5464 2711 5534 jacentem
2741 5465 3064 5534 praeteribat,
3095 5481 3189 5520 eos
3209 5507 3223 5532 ,
3253 5482 3388 5537 quos
3419 5483 3702 5538 numquam
3733 5469 3815 5521 vi-

2232 5556 2404 5622 derat,
2436 5571 2501 5611 εκ
2545 5557 2794 5626 periculis
2824 5566 2878 5613 et
2902 5572 2968 5612 ex
2999 5557 3240 5628 gehenna
3265 5560 3472 5630 eripere
3495 5559 3732 5625 festinat,
3765 5570 3815 5616 et

2232 5656 2387 5719 rogat
2413 5646 2549 5702 mitti
2574 5648 2851 5720 quosdam,
2874 5647 2964 5721 qui
2994 5649 3047 5704 id
3072 5650 3175 5706 illis
3197 5653 3513 5709 annuntient
3543 5651 3698 5724 (Luc.
3731 5651 3814 5709 16.

2299 5877 2314 5904 ³
2347 5873 2484 5920 Unus
2517 5872 2668 5922 habet
2693 5870 2937 5934 multaque
2962 5868 3320 5920 misericordia.
