4104 6218
391 251 494 306 715

386 365 502 426 28).
548 364 791 418 Attamen
839 363 968 416 nihil
1015 363 1103 418 ille
1132 364 1253 418 hinc
1298 366 1428 418 lucri
1459 365 1638 417 retulit
1666 379 1680 427 ;
1713 373 1767 416 ttt
1794 378 1964 431 neque

385 455 638 525 virgines.
658 453 942 522 Postquam
965 455 1102 508 enim
1130 456 1211 508 his
1237 455 1430 510 auditis
1457 457 1722 517 abierunt,
1748 455 1833 509 10.
1869 454 1965 506 ινα-

386 550 457 599 nit
485 562 698 616 sponsus
723 562 742 610 ;
771 557 816 599 et
838 562 950 616 quae
975 558 1164 615 parata:
1207 557 1365 611 erant,
1397 548 1704 601 intraverant
1733 564 1846 600 cum
1874 563 1987 612 eo;

383 643 466 697 hae
489 658 614 698 vero
636 644 865 698 exclusae
891 653 1034 698 sunt.
1059 645 1180 697 Post
1212 646 1407 700 mullos
1435 647 1666 710 labores,
1700 655 1816 714 post
1838 647 1962 700 inﬁ-

382 738 523 788 nitos
563 733 807 795 sudores,
859 746 978 807 post
1027 746 1297 791 certamen
1353 737 1481 790 illud
1527 737 1874 803 intolerabile,
1909 746 1964 792 et

380 838 577 897 troptea
603 845 724 900 σιυιε
743 840 928 884 ωηιηλ
957 829 1217 885 furentem
1255 843 1495 886 naturam
1525 843 1828 898 erexerant,
1860 850 1958 903 ρυ-

379 919 511 972 dore
535 919 749 972 suffusa:
769 934 888 973 cum
911 921 1154 974 extinctis
1179 921 1509 990 lampadibus
1527 922 1761 976 demisso
1787 925 1960 992 capite

381 1010 719 1065 recedebant.
751 1011 887 1065 Nihil
907 1012 1046 1066 enim
1066 1013 1350 1068 obscurius
1371 1024 1449 1069 est
1474 1030 1634 1083 quam
1659 1017 1956 1085 virginitas,

377 1102 718 1172 eleemosyna
745 1099 937 1158 carens
963 1104 978 1134 '
1006 1119 1020 1133 ο
1049 1103 1126 1157 sic
1142 1104 1291 1158 multi
1319 1105 1489 1158 solent
1511 1106 1958 1162 immisericordes

377 1206 574 1246 vocare
617 1191 947 1246 tenebrosos.
994 1193 1094 1248 Ubi
1152 1209 1280 1262 ergo
1326 1194 1640 1263 virginitatis
1667 1193 1876 1250 utilitas
1910 1199 1954 1262 ',

376 1281 589 1348 quando
616 1297 714 1337 nec
743 1297 998 1352 sponsum
1017 1282 1229 1351 quidem
1256 1283 1521 1350 viderunt,
1554 1298 1654 1338 nec
1682 1285 1957 1354 pulsantes

375 1373 568 1442 aliquid
602 1373 970 1440 impetrarunt,
1001 1373 1092 1427 sed
1119 1374 1258 1426 illam
1288 1374 1574 1429 terribilem
1606 1374 1824 1430 audiere
1857 1391 1952 1427 vo-

373 1479 512 1528 cem,
549 1463 631 1516 12.
657 1463 818 1525 Abite,
844 1465 1008 1516 nescio
1040 1479 1124 1516 vos
1143 1463 1168 1515 .9
1198 1464 1330 1518 Cum
1356 1473 1532 1518 autem
1566 1463 1652 1518 ille
1677 1465 1775 1519 hoc
1804 1465 1952 1519 dixe-

375 1554 460 1612 rit,
497 1552 623 1606 nihil
655 1551 797 1605 aliud
825 1568 984 1620 quam
1009 1553 1248 1622 gebenna
1275 1554 1594 1622 relinquitur
1614 1565 1666 1608 et
1699 1556 1951 1609 intolera-

375 1645 480 1698 bile
502 1644 852 1713 supplicium;
883 1646 988 1697 imo
1013 1645 1171 1698 etiam
1201 1643 1302 1698 hoc
1340 1644 1540 1698 dictum
1569 1645 1808 1714 geltenna
1843 1647 1950 1714 ipsa

371 1737 586 1806 gravius
611 1746 710 1790 est.
736 1736 846 1789 Hoc
877 1737 1035 1790 etiam
1065 1737 1200 1790 dixit
1220 1737 1561 1806 cperantihus
1588 1738 1947 1806 iniquitatem:

374 1829 459 1880 15.
503 1825 712 1896 Vigilate
739 1827 905 1896 itaque
932 1866 946 1889 ,
1000 1827 1119 1894 quia
1161 1827 1358 1879 nescitis
1393 1826 1526 1878 diem
1568 1844 1725 1894 neque
1752 1827 1947 1879 harant.

373 1918 558 1971 \‘iileu'
603 1932 758 1985 quam
790 1916 1092 1985 frequenter
1124 1917 1205 1971 his
1250 1918 1425 1972 verbis
1457 1918 1631 1980 liniat,
1665 1917 1950 1972 ostendens

371 2009 720 2076 ignorantiam
750 2008 922 2061 exitus
946 2023 1009 2061 ex
1050 2008 1148 2062 hac
1175 2009 1277 2061 vita
1309 2009 1494 2062 utilem
1527 2024 1644 2062 esse
1670 2009 1691 2060 ?
1723 2006 1947 2063 Ubinam

370 2108 494 2150 sunt
526 2097 596 2150 illi
621 2113 714 2166 per
742 2105 903 2150 totam
933 2099 1089 2150 vitam
1113 2097 1342 2161 desides,
1376 2099 1466 2167 qui
1491 2114 1615 2153 cum
1643 2100 1950 2152 incusantur

370 2206 398 2239 a
441 2189 590 2241 nobis
627 2187 849 2242 dicunt:
891 2187 1074 2242 Mortis
1099 2197 1338 2257 tempore
1381 2191 1563 2258 egenis
1617 2190 1948 2258 relinquam?

370 2281 600 2333 Audiant
629 2279 741 2333 hare
770 2281 948 2344 verba,
981 2289 1032 2333 et
1053 2281 1419 2336 emendentur.
1456 2281 1586 2336 Nam
1620 2283 1670 2336 in
1703 2283 1794 2338 illo
1816 2291 1949 2336 tem-

369 2388 498 2440 pore
525 2373 669 2425 multi
694 2372 742 2424 id
763 2388 864 2425 non
891 2381 1194 2441 potuerunt,
1219 2375 1392 2429 subito
1419 2375 1653 2444 abrepti,
1681 2391 1776 2430 nec
1795 2376 1948 2445 quid-

365 2477 522 2529 quam
554 2462 664 2516 suis
696 2461 762 2516 de
811 2476 1056 2530 Suprema
1105 2463 1375 2517 voluntate
1418 2465 1653 2518 indicare
1702 2475 1942 2534 potuere.

365 2552 489 2606 ιιυο
521 2553 696 2621 itaque
719 2554 966 2621 parabola
1001 2555 1140 2608 circa
1187 2555 1580 2626 elccmosynam
1613 2557 1752 2610 illam
1787 2573 1944 2626 pecu-

365 2643 584 2695 niariam
611 2643 753 2696 dicta
798 2653 917 2698 est:
949 2662 1066 2715 qua:
1092 2656 1267 2700 autem
1300 2649 1435 2700 hanc
1464 2649 1724 2716 sequitur,
1757 2658 1942 2702 contra

361 2752 456 2790 eos
477 2737 563 2805 qui
586 2752 690 2790 non
719 2740 977 2806 pecuniis,
1000 2755 1102 2793 non
1131 2741 1315 2801 verbo,
1347 2757 1449 2796 non
1479 2741 1798 2810 patrocinio,
1833 2755 1937 2794 non

362 2828 465 2878 alio
493 2829 741 2896 quapiam
775 2829 1046 2896 proximos
1068 2830 1255 2898 juvare
1290 2832 1495 2896 volunt,
1527 2831 1619 2884 sed
1644 2832 1818 2884 omnia
1843 2832 1938 2885 ab-

362 2917 644 2970 scondunt.
685 2917 795 2971 Cur
831 2926 1008 2972 autem
1043 2921 1156 2972 hate
1205 2920 1453 2987 parabola
1503 2935 1706 2989 regem,
1742 2935 1941 2988 prtece-

360 3007 490 3063 dens
559 3023 686 3062 vero
750 3023 1002 3076 sponsum
1053 3009 1302 3064 inducit?
1347 3010 1414 3065 Ut
1463 3011 1637 3065 discas
1687 3021 1938 3080 quantum

359 3096 604 3151 Christus
631 3097 825 3151 haereat
852 3098 1142 3168 virginibus
1168 3140 1182 3164 ,
1214 3114 1332 3168 qua:
1361 3115 1479 3152 sese
1506 3100 1658 3155 bonis
1688 3102 1798 3154 suis
1819 3115 1942 3169 ερο-

361 3189 572 3242 liarunt.
633 3189 754 3244 llaec
791 3199 876 3244 est
923 3191 1064 3244 enim
1107 3192 1397 3261 virginitas.
1449 3191 1780 3262 Quapropter
1806 3193 1943 3246 Pau-

358 3280 442 3334 lus
470 3281 601 3336 hanc
637 3282 783 3350 ponit
811 3283 888 3336 rei
921 3282 1283 3337 deﬁnitionem
1317 3302 1328 3336 :
1367 3282 1591 3352 lnnupta
1625 3285 1842 3338 sollicita
1868 3295 1940 3338 est

357 3375 419 3424 de
447 3373 508 3426 iis
532 3389 646 3442 qua:
673 3374 863 3426 domini
893 3384 1010 3426 sunt
1032 3416 1045 3437 ,
1073 3385 1126 3426 ut
1154 3375 1216 3427 sit
1248 3376 1472 3427 modesta
1494 3416 1508 3439 ,
1534 3389 1774 3444 quantum
1802 3376 1940 3429 deret

355 3463 520 3526 illam,
565 3478 678 3531 quae
730 3462 944 3515 Domino
973 3463 1158 3516 assidet
1188 3475 1425 3533 perpetuo
1470 3465 1544 3533 (I.
1591 3465 1708 3518 Cor.
1745 3467 1794 3518 7.
1849 3467 1938 3520 54.

450 3556 488 3622 ).
540 3554 665 3610 Ilmc
694 3555 1066 3620 admonemus,
1105 3556 1293 3626 inquit.
1322 3556 1471 3623 Quod
1501 3558 1543 3610 si
1572 3558 1709 3622 apttd
1744 3558 1936 3611 Lucam

357 3645 378 3712 (
411 3645 536 3712 Cap.
569 3646 656 3699 19.
693 3646 778 3698 12.
809 3662 946 3714 seqq.
984 3644 1002 3716 )
1030 3646 1344 3700 talentorum
1377 3647 1622 3714 parabola
1645 3649 1748 3701 alio
1780 3648 1938 3701 modo

359 3745 616 3800 narratur,
653 3735 779 3789 illud
804 3736 1107 3801 dicendum,
1127 3737 1256 3790 alias
1284 3745 1338 3790 et
1366 3737 1603 3790 diversas
1629 3753 1746 3792 esse
1775 3755 1932 3808 para-

359 3828 525 3880 bolas.
556 3827 612 3881 In
652 3828 740 3882 illa
787 3829 927 3882 enim
952 3845 1014 3882 ex
1043 3844 1144 3882 una
1185 3844 1389 3883 summa
1415 3830 1607 3883 diversi
1642 3832 1784 3884 l'uere
1814 3847 1936 3900 pro-

353 3929 545 3972 Ventus
578 3936 590 3970 :
623 3934 740 3972 nam
773 3934 836 3972 ex
869 3936 970 3973 una
1003 3936 1128 3974 mna
1149 3921 1283 3974 alius
1311 3922 1562 3990 quinque,
1591 3923 1725 3976 alius
1751 3923 1934 3977 decem

357 4028 510 4067 muas
559 4012 882 4076 obtulerunt,
934 4014 1156 4084 ideoque
1196 4030 1300 4066 non
1355 4015 1539 4069 eadem
1589 4016 1758 4069 sortiti
1813 4024 1937 4070 sunt

355 4103 493 4157 dona
530 4121 540 4155 :
573 4103 657 4159 hic
684 4119 812 4158 vero
843 4113 1029 4159 contra
1055 4148 1068 4168 ,
1096 4105 1322 4174 ideoque
1363 4121 1520 4175 pares
1548 4122 1759 4160 corona:
1789 4116 1931 4160 sunt.

354 4195 485 4248 Nam
515 4203 566 4248 ut
603 4195 644 4248 is
669 4195 759 4265 qui
790 4195 896 4249 duo
923 4197 1147 4265 accepit,
1176 4197 1274 4250 alia
1293 4196 1398 4250 duo
1419 4197 1665 4263 reddidit,
1693 4198 1934 4253 similiter

351 4286 513 4341 etiam
544 4286 630 4355 qui
671 4285 904 4356 quinque
930 4287 1135 4355 accepit
1163 4303 1177 4340 :
1209 4287 1278 4342 ibi
1323 4303 1450 4341 vero
1479 4303 1543 4342 ex
1569 4287 1755 4342 eadem
1786 4299 1932 4344 sorte

353 4381 487 4432 alius
516 4379 791 4447 majorem,
825 4380 956 4432 alius
991 4381 1246 4434 minorem
1279 4391 1588 4449 proventum
1613 4381 1796 4435 ltahuit
1831 4401 1844 4437 :
1873 4383 1926 4436 in

355 4470 585 4536 pra-miis
603 4483 811 4538 quoque
828 4472 948 4537 jure
973 4485 1076 4522 non
1103 4485 1193 4538 par
1215 4471 1315 4523 erit
1344 4485 1568 4525 merces.
1604 4470 1733 4524 Vide
1754 4482 1928 4524 autem

357 4562 502 4614 illum
531 4561 724 4631 ubique
753 4578 857 4615 non
902 4555 1079 4615 statiiu
1108 4564 1340 4632 exigere.
1386 4563 1518 4616 Nam
1550 4566 1758 4618 vineam
1784 4565 1931 4619 dedit

352 4655 616 4722 agricolis,
664 4664 717 4707 et
758 4669 982 4724 peregre
1016 4656 1285 4724 prolectus
1309 4665 1422 4719 est;
1467 4656 1547 4710 sic
1587 4666 1641 4709 et
1675 4656 1775 4709 hoc
1814 4657 1930 4710 loco

352 4746 467 4800 ba‘c
489 4746 776 4810 commisit,
805 4756 858 4800 et
884 4747 1246 4816 peregrinatus
1263 4757 1340 4800 est
1365 4789 1378 4809 ,
1408 4757 1461 4800 ttt
1491 4747 1663 4801 discas
1685 4763 1926 4818 magnam

351 4837 469 4905 ejus
500 4837 826 4906 patientiam.
875 4835 999 4890 Mihi
1049 4845 1225 4890 autem
1254 4836 1462 4890 videtur
1507 4837 1621 4891 Ιιωρ
1648 4837 1845 4901 dicere,
1873 4849 1930 4893 ut

351 4923 794 4983 resurrectionem
825 4929 1142 4982 subindicet.
1181 4929 1372 4982 Verum
1418 4931 1502 4984 hic
1533 4945 1636 4983 non
1682 4931 1927 5000 agt-icitla:

347 5029 401 5074 et
429 5020 599 5081 vinea,
642 5019 733 5073 sed
763 5021 1206 5089 utnncsOperarii
1237 5031 1381 5075 sunt.
1413 5021 1525 5074 Non
1555 5021 1694 5073 enim
1725 5022 1924 5091 princi-

348 5124 440 5178 pes
469 5119 692 5176 tantum,
728 5125 825 5165 nec
843 5109 1057 5164 JtldtBt)S
1076 5151 1090 5174 ,
1123 5110 1216 5164 sed
1241 5125 1426 5165 omnes
1455 5111 1753 5180 alloquitur.
1787 5112 1927 5166 Oll‘e-

347 5211 526 5255 reutes
575 5213 751 5256 autem
782 5204 1008 5272 ingenue
1051 5203 1297 5256 'l‘atentur
1335 5211 1390 5256 et
1434 5218 1550 5276 quae
1593 5217 1686 5254 sua
1727 5212 1780 5256 et
1810 5218 1926 5270 qu:c

349 5291 556 5344 Domini
585 5303 726 5344 sunt.
757 5292 1006 5362 Aliusqtte
1027 5291 1178 5359 dicit,
1209 5293 1297 5346 20.
1332 5292 1562 5358 Domine,
1595 5292 1811 5363 quinque
1839 5303 1918 5345 ta-

347 5381 483 5433 lenta
521 5382 775 5435 tradidisti
805 5383 927 5436 mihi
949 5399 968 5448 ;
996 5384 1130 5438 alius
1162 5425 1177 5448 ,
1206 5385 1317 5438 Duo
1344 5402 1356 5435 :
1391 5391 1748 5438 monstrantes
1774 5398 1831 5439 se
1858 5385 1926 5439 ab

346 5471 438 5526 ilio
495 5474 817 5542 operationis
865 5475 1200 5529 occasionem
1255 5476 1544 5545 accepisse,
1596 5476 1925 5546 multamque

411 5605 430 5638 ι
455 5604 563 5663 Abi,
585 5607 689 5656 eteo
711 5619 899 5656 carens.

412 5667 552 5717 ’ΔΜ
578 5669 777 5730 habent,
802 5671 980 5735 gloria,
1012 5683 1114 5732 pro,
1136 5671 1332 5725 utilitas.

1270 251 1331 305 IN
1375 247 2043 304 .\l:\TTII.£U.\I-IIO.‘.III..
2089 248 2362 302 LXXVIII.
2404 252 2473 304 al.
2517 251 2750 308 LXXIX.

3550 263 3649 316 7H

2071 363 2167 431 ipsi
2192 366 2413 433 gratiam
2441 366 2656 430 habere,
2681 378 2734 424 et
2759 380 2922 423 totum
2951 373 3049 438 ipsi
3097 385 3361 443 t‘t'pttiarc.
3392 375 3526 442 Quid
3558 377 3659 444 igi-

2071 463 2155 506 tur
2190 455 2474 510 dotninus?
2498 458 2586 513 21.
2615 459 2774 528 Euge,
2805 479 2942 514 serve
2960 464 3106 529 bene,
3141 467 3307 535 inquit
3331 467 3482 536 (illud
3515 470 3657 522 enim

2069 544 2192 599 boni
2218 546 2319 600 viri
2347 557 2447 613 est,
2492 563 2552 600 ea
2581 566 2698 618 qua:
2729 552 2958 619 proximi
2985 565 3105 607 sunt
3135 557 3400 624 respicere
3426 559 3444 628 )
3471 599 3488 623 ,
3521 570 3570 611 et
3589 561 3655 623 ﬁ-

2070 636 2196 689 delis
2227 651 2246 690 :
2273 654 2424 707 super
2454 656 2614 706 pauca
2635 641 2775 707 [tristi
2803 643 2990 709 [ide/is,
3022 660 3178 714 super
3200 648 3358 700 multa
3389 656 3435 700 te
3462 650 3658 702 consti-

2065 735 2199 779 tuam
2223 745 2236 791 ;
2265 729 2399 780 intra
2427 730 2478 782 in
2499 732 2741 799 gaudium
2770 733 2962 787 dontini
2982 737 3074 790 tui.
3107 733 3331 792 Omnem
3371 737 3655 793 beatitudio

2065 833 2186 871 nem
2213 833 2305 887 per
2334 820 2434 874 huc
2459 821 2657 875 dictum
2673 825 2924 880 ostendit.
2944 829 3011 880 At
3041 844 3142 881 non
3160 828 3245 883 ille
3267 829 3362 896 sic,
3385 831 3476 884 sed
3515 847 3650 902 quo-

2063 909 2260 962 modo?
2284 909 2374 964 2-1».
2405 909 2633 965 Sciebant
2656 916 2776 984 quia
2803 917 2950 970 homo
2977 929 3207 972 austeras
3237 938 3308 986 es,
3355 931 3542 976 metens
3569 924 3650 976 ubi

2062 1016 2163 1054 non
2191 1003 2468 1065 seminasti,
2505 1015 2548 1057 et
2582 1022 2891 1077 congregans
2918 1011 3004 1062 ubi
3048 1029 3147 1064 non
3179 1014 3410 1082 sparsisti
3435 1014 3564 1070 :25.
3599 1026 3648 1067 et

2061 1092 2238 1145 timens
2264 1093 2501 1146 abscondi
2531 1095 2772 1148 talentum
2805 1108 2962 1152 tuum.
2999 1100 3128 1154 Ecce
3159 1103 3309 1156 habes
3336 1105 3472 1174 quod
3508 1114 3647 1158 tuum

2059 1195 2151 1238 est.
2173 1186 2306 1251 Quid
2338 1202 2466 1254 ergo
2491 1187 2781 1242 dominus?
2806 1189 2896 1245 9.6.
2945 1190 3100 1247 Serve
3123 1211 3358 1264 nequam,
3388 1200 3648 1266 oportebat

2058 1283 2104 1328 te
2150 1276 2398 1344 deponere
2449 1288 2710 1348 argentum
2761 1297 2926 1333 meum
2969 1286 3319 1340 nummulariis
3371 1302 3389 1339 :
3433 1287 3484 1341 id
3539 1299 3642 1350 est,

2055 1364 2301 1434 Oportuit
2329 1377 2380 1422 te
2425 1370 2717 1431 monuisse,
2755 1371 3108 1427 consuluisse.
3159 1374 3262 1428 Sed
3305 1393 3408 1429 non
3437 1377 3643 1432 obtem-

2056 1458 2282 1524 perant?
2311 1457 2453 1511 Nibil
2479 1459 2576 1512 hoc
2602 1460 2665 1512 ad
2690 1470 2758 1512 te.
2785 1461 2919 1527 Quid
2949 1462 3038 1515 illo
3067 1467 3434 1518 mansuetius?

2128 1548 2180 1600 5.
2215 1547 2469 1602 Homines
2497 1561 2640 1603 certe
2671 1549 2770 1604 hoc
2801 1568 2903 1605 non
2935 1552 3164 1619 faciunt,
3197 1555 3288 1608 sed
3320 1556 3387 1609 ab
3415 1557 3530 1625 ipso
3557 1562 3644 1626 qui

2056 1637 2242 1691 ftenori
2275 1638 2452 1701 dedit,
2489 1640 2733 1706 exigendi
2777 1642 3008 1696 officium
3049 1655 3322 1712 expetunt.
3361 1645 3482 1715 Ipse
3519 1663 3644 1702 vero

2055 1743 2158 1780 non
2191 1729 2267 1781 sic
2315 1745 2329 1785 :
2376 1728 2504 1791 sed,
2555 1729 2632 1783 Te
2675 1733 2954 1798 oportebat
3002 1733 3300 1801 deponere,
3347 1735 3547 1806 inquit,
3592 1751 3644 1791 et

2052 1821 2382 1874 exactionem
2425 1821 2548 1873 mihi
2597 1822 2918 1890 relinquere.
2966 1823 3034 1876 Et
3072 1841 3170 1894 ego
3207 1811 3326 1879 ὅιιιιι
3361 1843 3515 1882 usura
3549 1846 3642 1882 ex-

2054 1910 2278 1976 egissem
2302 1925 2315 1972 ;
2346 1924 2558 1963 usuram
2587 1912 2860 1966 concionis
2890 1913 3005 1967 sive
3029 1915 3239 1970 auditus
3263 1933 3457 1972 vocans
3481 1936 3641 1988 opera

2058 1999 2169 2067 ipsa
2202 1999 2456 2053 exhibita.
2487 2000 2562 2054 Te
2588 2003 2820 2069 oportuit
2847 2003 2897 2056 id
2926 2003 3062 2072 quod
3095 2004 3300 2061 facilius
3328 2017 3438 2062 erat
3463 2027 3642 2079 agere,

2053 2093 2288 2161 mihique
2317 2091 2456 2161 quod
2488 2103 2600 2148 erat
2643 2093 2906 2149 dil‘ticiiius
2949 2098 3266 2166 relinquere.
3309 2101 3439 2167 Quia
3484 2103 3644 2172 igitur

2052 2181 2154 2236 ltoc
2181 2200 2283 2236 non
2317 2185 2472 2250 fecit,
2505 2185 2604 2249 ait,
2635 2186 2724 2241 28.
2758 2188 2978 2257 Accipite
3004 2191 3065 2242 ab
3090 2208 3146 2244 eo
3175 2193 3431 2259 talentum,
3461 2206 3504 2248 et
3526 2197 3640 2248 (late

2050 2275 2095 2326 ei
2121 2275 2206 2342 qui
2232 2274 2404 2328 decem
2435 2276 2619 2330 talenta
2647 2279 2810 2332 habet.
2853 2279 2943 2333 29.
2979 2279 3118 2333 Nam
3149 2287 3285 2335 omni
3316 2285 3518 2339 habenti
3544 2289 3636 2340 da-

2048 2364 2198 2430 bitur,
2227 2375 2272 2417 et
2301 2365 2604 2430 abundabit;
2635 2369 2696 2420 ab
2727 2386 2781 2422 eo
2809 2380 2972 2424 autem
2997 2374 3081 2439 qui
3113 2388 3212 2425 non
3239 2374 3403 2438 habet,
3431 2385 3477 2428 et
3505 2379 3641 2445 quod

2050 2455 2226 2507 habet’
2254 2460 2514 2525 auferetur
2531 2457 2591 2509 ab
2619 2475 2696 2509 eo.
2725 2457 2859 2524 Quid
2891 2471 3066 2514 autem
3101 2463 3198 2517 hoc
3229 2465 3520 2533 signiﬁcat?
3543 2469 3640 2534 Qui

2048 2548 2268 2616 gratiam
2294 2547 2440 2600 verbi
2470 2557 2522 2601 et
2551 2549 2808 2602 doctrina:
2834 2551 2898 2604 ad
2930 2551 3206 2606 utilitatem
3233 2555 3456 2608 aliortttn
3487 2571 3641 2611 arce-

2048 2640 2158 2706 pit,
2207 2654 2304 2692 nec
2344 2639 2428 2692 illa
2471 2655 2596 2693 usus
2628 2649 2741 2704 cst,
2785 2643 3006 2710 gratiam
3052 2643 3218 2712 ipsam
3266 2645 3450 2713 perdet
3496 2665 3508 2700 :
3551 2649 3641 2717 qui

2045 2738 2220 2782 autem
2267 2729 2498 2782 studium
2539 2746 2692 2784 suum
2733 2733 3006 2795 adhibuit,
3053 2734 3223 2800 majus
3267 2737 3366 2791 sibi
3406 2741 3636 2794 altt'altel

2045 2819 2272 2884 donum;
2305 2836 2423 2874 eum
2466 2833 2648 2875 contra
2693 2823 2781 2877 ille
2820 2825 2959 2892 quod
3003 2839 3280 2893 acceperat
3329 2831 3638 2897 perdiderit.

2049 2909 2242 2964 Verum
2270 2911 2443 2964 otioso
2477 2928 2578 2964 non
2611 2912 2661 2965 id
2689 2913 2858 2966 solmu
2895 2914 3072 2968 damni
3103 2918 3226 2979 fuit,
3260 2921 3350 2971 sed
3385 2921 3636 2975 intolera-

2046 3000 2149 3055 bile
2180 3002 2534 3070 supplicium,
2567 3013 2620 3057 et
2650 3019 2769 3057 cum
2802 3007 3058 3074 supplicio
3087 3012 3345 3062 sententia
3379 3012 3626 3065 crimina-

2045 3093 2204 3147 tionis
2236 3093 2408 3163 plena.
2444 3095 2530 3149 50.
2567 3094 2810 3149 lnutilcm
2840 3114 3060 3162 servum,
3096 3100 3294 3168 inquit,
3324 3104 3554 3172 projicite
3585 3105 3634 3156 in

2046 3185 2269 3237 tenebras
2307 3186 2610 3249 exteriores;
2653 3185 2721 3239 ibi
2764 3188 2854 3239 erit
2894 3189 3041 3256 ﬂetus
3078 3199 3125 3242 et
3165 3191 3351 3244 stridor
3390 3195 3632 3248 dentimn.

2045 3274 2231 3328 Viilcn‘
2258 3276 2524 3344 quomodo
2553 3291 2658 3329 non
2688 3277 2859 3330 solum
2899 3288 3077 3348 raptor
3114 3290 3160 3334 et
3208 3285 3294 3350 qui
3338 3285 3474 3336 mala
3509 3303 3631 3354 per-

2048 3376 2250 3433 petrat,
2285 3367 2377 3420 sed
2417 3369 2576 3421 etiam
2617 3369 2661 3421 is
2695 3371 2783 3438 qui
2817 3371 2950 3424 bOna
2999 3389 3100 3426 non
3144 3388 3414 3443 operatur,
3455 3390 3634 3433 extre-

2042 3475 2186 3511 mum
2217 3460 2531 3528 supplicium
2571 3461 2712 3514 luat?
2743 3462 3035 3518 Audiamus
3073 3467 3230 3535 igitur
3275 3468 3386 3524 lucc
3429 3473 3630 3535 verba;

2043 3548 2167 3601 dum
2199 3557 2405 3618 tempus
2431 3561 2544 3616 est,
2581 3561 2816 3606 nostram
2847 3570 3153 3611 asseramus
3194 3559 3455 3627 salutem,
3495 3562 3634 3617 acci~

2045 3642 2251 3709 piamus
2279 3642 2456 3696 oleum
2485 3644 2535 3697 in
2565 3644 2894 3712 lampadibus
2914 3689 2928 3712 ,
2960 3649 3217 3703 talentum
3246 3651 3311 3704 ad
3343 3651 3518 3708 {mnus
3541 3655 3636 3709 de-

2043 3749 2159 3785 mus
2194 3751 2207 3786 :
2239 3734 2282 3786 si
2313 3734 2452 3787 enim
2486 3735 2571 3788 hic
2595 3736 2750 3789 otiosi
2779 3746 2831 3791 et
2861 3740 2989 3806 pigri
3023 3739 3308 3806 fuerimus,
3343 3760 3501 3800 nemo
3537 3761 3630 3800 no-

2041 3824 2134 3875 stri
2167 3824 2274 3877 illic
2307 3825 2664 3887 miserebitur,
2694 3827 2900 3880 etiamsi
2929 3829 3121 3882 millies
3150 3831 3412 3902 laerymas
3444 3834 3627 3888 funda.

2041 3930 2179 3968 mus.
2225 3914 2470 3984 Seipsum
2519 3916 2790 3970 damnavit
2837 3918 2997 3972 etiam
3040 3920 3082 3972 is
3125 3921 3213 3990 qui
3258 3923 3467 3978 sordida
3515 3937 3630 3980 erat

2041 4018 2202 4070 veste,
2235 4015 2289 4060 et
2313 4007 2442 4060 nihil
2475 4008 2676 4078 accepit
2702 4008 2962 4063 utilitatis.
2999 4011 3248 4067 Reddidit
3275 4013 3360 4068 hic
3381 4019 3631 4073 commis-

2041 4113 2156 4151 sum
2188 4098 2284 4152 sibi
2319 4097 2575 4152 talentum
2597 4141 2610 4163 ,
2647 4108 2702 4153 et
2740 4101 2815 4154 sic
2845 4100 3124 4158 damnatus
3157 4115 3257 4158 est.
3288 4105 3627 4176 Rogavcrunt

2039 4188 2165 4243 item
2206 4189 2471 4258 virgines,
2520 4202 2892 4256 accesserunt,
2946 4195 3253 4262 pulsarunt;
3296 4199 3388 4252 sed
3434 4197 3627 4254 frustra

2039 4287 2092 4331 ct
2121 4280 2384 4333 incassum
2415 4281 2614 4332 onmia.
2641 4281 2764 4335 lla-c
2780 4299 2906 4351 ergo
2927 4300 3044 4336 cum
3071 4287 3321 4355 sciamus,
3352 4291 3624 4356 pecunias,

2038 4372 2268 4424 studium
2287 4413 2301 4435 ,
2333 4373 2680 4439 patrocinium
2708 4383 2761 4427 et
2785 4379 2960 4429 omnia
2991 4376 3280 4432 oll'eramus
3305 4381 3368 4432 ad
3395 4383 3620 4449 proximi

2041 4464 2338 4515 utilitatem.
2389 4462 2609 4516 Talenta
2653 4464 2798 4518 enim
2845 4464 2931 4518 hic
2970 4475 3243 4532 vocantur,
3276 4485 3393 4538 quae
3437 4473 3489 4527 in
3535 4488 3626 4527 cu-

2032 4555 2225 4622 jusque
2264 4563 2523 4621 potestate
2553 4564 2703 4614 suut.
2747 4555 2859 4609 sive
2895 4557 3276 4624 patrocinium,
3307 4559 3418 4614 sive
3456 4577 3622 4630 pecu-

2039 4647 2140 4698 nia!
2160 4687 2174 4709 ,
2215 4646 2327 4697 sive
2355 4645 2633 4710 doctrina,
2665 4645 2778 4700 sive
2805 4647 2947 4700 aliud
2976 4648 3258 4718 quidquam
3295 4649 3622 4721 ltujusmoli.

2034 4735 2204 4789 Nemo
2235 4736 2409 4803 itaque
2436 4736 2608 4801 dicat,
2639 4735 2812 4792 Unum
2844 4738 3014 4792 habeo
3054 4740 3338 4809 talentum,
3384 4743 3623 4813 nihilque

2037 4842 2251 4896 possunt
2291 4828 2479 4881 facere.
2513 4827 2671 4882 Potes
2702 4829 2842 4881 enim
2880 4846 2998 4883 cum
3031 4848 3136 4885 uno
3171 4849 3282 4887 rem
3325 4835 3488 4901 probe
3526 4853 3622 4903 ge—

2036 4936 2174 4972 rere.
2214 4919 2392 4985 Neque
2435 4921 2574 4973 enim
2608 4935 2666 4974 cs
2694 4921 2846 4974 vidua
2880 4923 2962 4975 illa
2995 4925 3290 4991 pauperior,
3326 4942 3428 4980 non
3463 4929 3621 4982 Petro

2035 5020 2085 5062 et
2117 5009 2321 5064 Joanne
2359 5010 2562 5075 rudior,
2605 5011 2692 5080 qui
2730 5011 2904 5064 idiota:
2931 5023 2984 5065 et
3016 5012 3242 5064 illm-rati
3271 5026 3442 5070 erant.
3477 5019 3627 5071 Atta-

2036 5117 2154 5154 men
2185 5102 2308 5170 quia
2344 5103 2574 5154 studium
2609 5116 2760 5156 suum
2802 5101 3155 5155 exhibucrunt
3178 5143 3191 5166 ,
3235 5107 3518 5176 omniaque
3557 5109 3622 5161 ad

2033 5208 2370 5246 communem
2423 5192 2660 5248 fecerunt
2699 5193 3018 5259 utilitatem,
3061 5194 3193 5246 czclo
3231 5195 3429 5264 dignati
3477 5207 3622 5252 sunt.

2031 5284 2168 5338 Nihil
2193 5285 2335 5338 enim
2369 5285 2436 5335 ita
2473 5285 2581 5336 Deo
2602 5295 2805 5352 gratum
2830 5293 2930 5346 est,
2965 5296 3021 5337 ut
3043 5286 3085 5339 si
3110 5287 3268 5340 vitam
3291 5289 3354 5342 ad
3380 5305 3623 5344 commu-

2031 5392 2150 5428 nem
2176 5375 2452 5428 utilitatctn
2477 5375 2694 5428 ducas’.
2723 5375 2844 5428 Ideo
2866 5375 3113 5444 loquendi
3147 5378 3448 5434 facultatem
3473 5383 3624 5438 nobis

2052 5610 2063 5632 Ι
2095 5549 2110 5578 ¹
2142 5547 2192 5595 in
2228 5545 2388 5596 Morel.
2415 5554 2466 5594 et
2502 5546 2667 5607 paucis
2706 5552 2811 5595 Mss.
2838 5545 3035 5608 legitur,
3069 5555 3114 5597 et
3152 5551 3280 5611 quod
3323 5551 3499 5605 habere
3543 5551 3614 5603 ri»

2081 5622 2191 5655 YUU'.

2052 5616 2091 5637 ..
2151 5622 2191 5655 ν.

2030 5616 2251 5730 αιξΜΑΙίἰ,
2278 5676 2326 5717 nt
2351 5668 2391 5718 si
2415 5665 2672 5718 certaminis
2697 5675 2942 5730 qmt’ratnr
2971 5669 3151 5723 utilitas
