4000 6206
516 262 622 320 715

513 373 662 430 dedit
693 375 850 435 Deus,
883 387 1100 439 manus,
1128 372 1308 442 pedes,
1348 375 1507 426 rohnr
1535 371 1793 440 corporis,
1827 377 2058 424 mentem
2083 407 2096 432 ,

519 466 918 535 intelligentiam
938 505 953 532 ,
983 473 1039 518 ut
1061 464 1144 518 bis
1169 466 1415 519 omnibus
1437 476 1490 517 et
1516 464 1580 515 ad
1613 463 1835 516 salutem
1865 470 2100 514 nostram

515 568 569 612 ct
595 557 661 610 ad
687 557 912 610 aliorum
946 555 1228 610 utilitatem
1259 566 1488 608 utamur.
1520 554 1750 622 Loquela
1779 554 1919 606 enim
1949 550 2101 604 nobis

515 662 617 702 non
647 647 710 700 ad
740 647 966 718 hymnos
1004 647 1349 700 celebrandas
1387 657 1436 698 et
1463 646 1659 714 gratias
1691 641 1988 697 reddendas
2018 656 2105 694 sou

514 741 620 795 lum
653 740 774 794 data
805 748 918 804 est,
947 739 1039 794 sed
1073 740 1230 794 etiam
1264 739 1333 792 ad
1357 738 1653 792 doctrinam
1686 737 1828 789 utilis
1854 745 1934 788 est
1958 744 2010 787 et
2036 733 2100 785 ad

513 831 948 886 admonitionem.
990 830 1055 884 Et
1092 832 1137 884 si
1171 831 1234 884 ad
1280 831 1382 882 hoc
1423 830 1507 882 illa
1546 837 1776 894 utamur,
1823 825 2102 880 Dominum

518 927 820 992 imitamur;
853 925 898 980 si
931 938 1061 979 vero
1091 923 1158 978 ad
1195 923 1488 986 contraria,
1531 921 1820 974 diabolum.
1851 917 2104 986 Quando-

515 1019 728 1088 quidem
756 1027 808 1072 et
837 1014 1030 1072 Petrus
1055 1031 1176 1074 sum
1199 1015 1468 1068 Christum
1492 1015 1763 1066 confessus
1790 1020 1891 1075 est,
1920 1011 2106 1062 beatus

513 1111 830 1180 praedicatus
875 1109 1004 1174 fuit,
1056 1117 1113 1162 ut
1149 1108 1237 1177 qui
1277 1123 1305 1159 a
1348 1107 1501 1159 Patre
1530 1106 1717 1158 doctus
1753 1104 2056 1172 loqueretur
2088 1117 2100 1151 :

511 1218 632 1256 cum
661 1217 790 1256 vero
819 1215 1034 1255 erucem
1063 1199 1314 1253 horrebat
1354 1205 1406 1250 et
1437 1196 1726 1264 repellebat
1745 1236 1758 1258 ,
1805 1196 2106 1263 increpatus

515 1306 598 1347 est
625 1294 995 1357 vehementer,
1028 1301 1083 1347 ut
1109 1292 1196 1361 qui
1228 1306 1286 1345 ea
1315 1305 1432 1359 quae
1463 1289 1668 1342 diaboli
1694 1297 1847 1342 erant
1871 1293 2101 1354 saperet.

515 1385 571 1440 Si
616 1401 742 1454 ergo
783 1385 870 1438 ubi
912 1399 975 1437 ex
1017 1383 1312 1453 ignorantia
1354 1381 1682 1448 loquebatur.
1731 1388 1832 1430 tam
1872 1377 2105 1446 graviter

517 1478 876 1547 reprehensus
903 1488 983 1530 est
1018 1495 1030 1529 :
1063 1475 1276 1545 quando
1320 1475 1545 1528 libenter
1586 1472 1749 1525 multa
1793 1483 2098 1541 peccaums,

512 1585 669 1638 quam
690 1568 1004 1622 habebimus
1070 1564 1388 1623 veniam‘?
1448 1561 1597 1620 Talia
1650 1563 1806 1632 igitur
1825 1561 2103 1630 loquamur

514 1672 570 1712 ut
616 1661 737 1714 hinc
768 1659 961 1713 Christi
1003 1674 1120 1710 csse
1162 1658 1318 1709 verba
1362 1655 1530 1723 paiam
1577 1653 1664 1706 sit.
1715 1652 1829 1706 Non
1873 1651 2011 1704 enim
2057 1647 2102 1702 si

511 1751 720 1817 dixero,
747 1752 971 1820 Surgeet
995 1750 1196 1802 ambula
1219 1747 1424 1817 (Matth.
1446 1747 1499 1801 9.
1525 1744 1603 1815 5),
1630 1760 1800 1814 neque
1829 1744 1871 1797 si
1893 1744 2094 1805 dixero,

511 1839 764 1894 Thabitha
782 1882 796 1906 ,
828 1857 975 1911 surge
1000 1838 1147 1909 (Act.
1170 1837 1222 1893 9.
1246 1835 1355 1908 40),
1383 1846 1504 1890 tunc
1526 1835 1696 1889 solum
1720 1833 1912 1887 Christi
1943 1833 2099 1886 verba

512 1936 735 2005 loquor;
769 1935 860 1989 sed
894 1934 1060 1986 multo
1091 1933 1255 2001 magis
1287 1932 1328 1984 si
1361 1929 1613 1984 conviciis
1641 1929 1908 1996 impetitus
1941 1925 2096 1978 bene-

512 2029 684 2082 dirain
709 2070 724 2094 ,
766 2027 845 2081 vel
873 2028 913 2080 si
942 2027 1120 2086 laesus,
1156 2040 1342 2094 precer
1373 2038 1466 2090 pro
1487 2021 1726 2075 Ledente.
1755 2019 1932 2089 Nuper
1957 2028 2101 2072 certe

513 2119 800 2185 dicebam,
829 2120 1058 2189 linguam
1092 2129 1325 2171 nostram
1357 2131 1476 2170 esse
1507 2130 1745 2176 manum,
1781 2127 1899 2182 qua:
1942 2110 2101 2180 pedes

515 2212 612 2267 Dei
649 2213 865 2281 attingat
905 2229 916 2264 :
947 2226 1084 2263 nunc
1113 2225 1239 2264 vero
1265 2209 1381 2278 plus
1409 2205 1558 2272 dico,
1600 2205 1827 2275 linguam
1866 2215 2099 2256 nostram

512 2303 706 2359 Christi
741 2304 969 2372 linguam
1002 2302 1193 2355 itnitari
1215 2342 1229 2365 ,
1262 2301 1304 2354 si
1333 2295 1612 2368 diligenter
1633 2299 1842 2351 studeat
1866 2312 1923 2349 ca
1942 2337 1955 2360 ,
1985 2311 2101 2365 qua:

513 2399 625 2469 ipse
652 2415 747 2453 nos
777 2399 922 2463 vult,
955 2397 1120 2466 loqui.
1161 2396 1289 2463 Quae
1320 2411 1446 2448 vero
1476 2404 1598 2448 sunt
1629 2391 1755 2447 illa?
1784 2390 1953 2445 Verba
1984 2408 2100 2443 mo-

515 2489 699 2544 dcstiie
742 2488 1271 2556 mansuelinlinisque
1303 2487 1452 2556 plena
1477 2527 1491 2550 ,
1523 2494 1579 2538 ut
1619 2485 1728 2552 ipse
1770 2483 2098 2551 loquebatur,

514 2581 696 2636 dicens
731 2582 793 2634 iis
819 2580 906 2650 qui
937 2579 1254 2634 Contumelia
1289 2579 1458 2646 ipsum
1492 2575 1792 2629 al'litiebant
1813 2615 1826 2638 ,
1857 2572 1968 2643 Ego
1994 2575 2100 2626 dte-

513 2672 734 2724 monium
761 2688 858 2723 non
883 2670 1038 2724 habeo
1062 2667 1237 2739 (Joun.
1256 2668 1308 2722 8.
1334 2669 1446 2738 4.9);
1472 2677 1525 2720 et
1550 2681 1750 2730 rursus,
1779 2666 1837 2719 Si
1862 2665 1991 2717 male
2021 2665 2100 2718 lo-

512 2774 698 2833 quutus
713 2778 845 2826 sum,
875 2762 1209 2815 testimonium
1228 2760 1425 2829 perhibe
1444 2759 1505 2811 de
1531 2760 1664 2811 malo
1691 2757 1850 2825 (Ibid.
1879 2757 1963 2811 18.
1983 2757 2097 2828 ‘25);

512 2853 882 2922 discipuloque
903 2867 962 2906 se
986 2852 1231 2915 tradenti,
1255 2851 1447 2914 Amice,
1468 2851 1533 2901 ad
1552 2850 1675 2919 quid
1695 2849 1867 2902 venisti
1886 2849 2096 2918 (Matth.

513 2944 602 3000 26.
635 2944 724 3015 50)
744 2945 766 2995 ?
787 2945 839 2998 Si
865 2955 918 2996 tu
940 2944 1017 2997 sic
1039 2943 1289 3012 loquaris,
1314 2941 1357 2996 si
1378 2941 1442 2994 ad
1465 2940 1887 2995 emendationem
1919 2941 2103 3009 proxi-

515 3037 586 3090 mi
608 3079 620 3101 ,
657 3036 885 3105 linguam
917 3035 1080 3089 habes
1112 3033 1183 3087 illi
1215 3033 1462 3087 similem.
1493 3032 1616 3086 lltee
1644 3033 1755 3101 ipse
1780 3032 1915 3085 Deus
1937 3031 2098 3084 dicit:

517 3129 617 3192 Qui
647 3128 810 3181 educit
848 3126 1117 3196 pretiosum
1147 3141 1176 3176 a
1209 3125 1321 3189 vili,
1365 3124 1491 3176 sicut
1532 3138 1586 3174 os
1629 3138 1792 3174 meum
1831 3122 1920 3174 erit
1952 3121 2098 3189 (Jcr.

516 3220 604 3274 15.
635 3219 756 3288 19).
791 3218 924 3272 Cum
956 3231 1081 3286 ergo
1125 3217 1300 3285 lingua
1336 3224 1423 3268 tua
1461 3215 1651 3283 lingua:
1682 3212 1875 3266 Christi
1912 3213 2102 3268 similis

518 3310 703 3374 fuerit,
735 3318 788 3363 et
817 3323 876 3362 os
908 3317 1052 3361 tuum
1086 3307 1217 3360 sicut
1244 3321 1304 3360 os
1345 3305 1535 3369 l'atris,
1574 3313 1626 3358 et
1667 3304 1892 3371 Spiritus
1932 3304 2099 3356 sancti

519 3403 772 3468 templum
802 3400 990 3464 lueris,
1018 3399 1135 3469 quis
1159 3399 1325 3451 honor
1355 3398 1474 3450 huic
1502 3413 1594 3465 par
1615 3412 1733 3450 esse
1762 3398 1962 3465 possit?
1986 3397 2100 3449 Non

518 3494 562 3548 si
599 3508 666 3546 ex
701 3507 832 3545 auro
864 3491 1058 3544 factum
1099 3505 1160 3542 os
1190 3489 1445 3550 haberes,
1496 3504 1600 3540 non
1646 3488 1688 3540 si
1734 3504 1796 3541 ex
1841 3487 2102 3557 lapidibus

517 3585 787 3656 pretiosis,
823 3586 889 3638 ita
920 3581 1160 3652 fulgeret,
1193 3591 1248 3634 ut
1281 3596 1399 3633 cum
1440 3581 1709 3635 lllOdOSllil)
1743 3591 1930 3634 ornatu
1970 3597 2101 3634 con-

518 3680 758 3748 spientim
781 3687 880 3732 est.
898 3677 1031 3743 Quid
1050 3677 1188 3731 enim
1209 3674 1488 3744 optabilius
1513 3690 1606 3728 ore
1626 3673 1763 3743 quod
1789 3676 1954 3728 nescit.
1977 3691 2103 3727 (‘Ull-

521 3769 765 3824 tumelias
793 3767 1051 3837 proferre,
1075 3767 1166 3822 sed
1191 3767 1503 3822 benedicere
1519 3767 1687 3821 solum
1711 3766 1924 3820 studet?
1951 3767 2100 3833 Quod

519 3863 562 3916 si
598 3877 701 3915 non
750 3870 900 3930 potes
932 3860 1245 3916 benedicere
1269 3856 1647 3924 'malediceuti,
1680 3869 1794 3912 tace
1841 3877 1852 3910 :
1897 3857 2104 3927 hocque

517 3954 730 4010 interim
765 3952 943 4018 facito,
977 3951 1304 4019 ulteriusque
1331 3964 1660 4019 progressus,
1689 3950 1734 4005 si
1757 3948 1980 4003 utdecet
2008 3964 2101 4002 co-

521 4047 682 4102 neris.
704 4044 766 4097 ad
789 4044 910 4096 illud
933 4043 1228 4112 pervenies,
1259 4051 1311 4095 et
1340 4057 1399 4095 os
1429 4041 1646 4095 habebis
1670 4042 1824 4110 quale
1845 4041 2098 4095 diximus.

590 4140 644 4192 4.
676 4136 944 4190 Dominica
960 4152 1076 4188 caro
1097 4137 1148 4188 in
1172 4135 1511 4188 Eucharistia.
1537 4133 1721 4188 Christi
1740 4135 1971 4199 imitatio,
1997 4151 2106 4187 mo-

520 4229 809 4297 deratioquc
830 4236 873 4280 et
893 4227 1133 4280 modestia
1149 4224 1734 4280 comniendantur.—Ne
1752 4235 1900 4294 putes
1932 4226 2104 4279 audax

518 4334 638 4373 esse
663 4317 892 4372 dictum:
914 4318 1168 4387 benignus
1180 4316 1374 4386 quippe
1393 4317 1644 4370 Dominus
1665 4325 1763 4379 est,
1781 4325 1833 4372 et
1852 4317 2104 4371 bonitatis

523 4411 640 4480 ejus
666 4420 748 4466 est
777 4411 971 4466 donum
1017 4409 1339 4480 hujusmodi.
1377 4409 1624 4464 Audacite
1644 4418 1806 4468 esset.
1830 4426 1888 4463 os
1908 4409 2104 4464 habere

521 4504 715 4559 diaboli
749 4504 825 4558 ori
857 4503 1064 4567 simile,
1108 4503 1298 4572 lingua:
1327 4501 1586 4556 daemonis
1615 4501 1827 4570 maligni
1872 4502 2101 4571 linguam

522 4593 720 4650 habere
747 4595 1011 4658 similem,
1043 4608 1164 4648 eum
1207 4593 1441 4647 maxime
1479 4593 1567 4662 qui
1599 4593 1777 4646 talium
1819 4596 2104 4662 mysterio-

521 4703 637 4739 rum
669 4701 891 4740 consors
922 4685 1019 4750 sit,
1047 4692 1102 4738 et
1129 4684 1293 4752 ipsius
1319 4682 1599 4737 dominica:
1621 4683 1794 4737 carnis
1822 4685 2102 4752 particeps.

522 4777 646 4832 ιω
679 4787 852 4830 tecum
885 4784 1172 4845 reputans,
1205 4774 1375 4843 ipsum
1403 4788 1502 4843 pro
1538 4773 1736 4827 viribus
1778 4773 2006 4827 imitare.
2050 4773 2105 4827 Si

521 4871 648 4924 talis
686 4868 954 4934 eflieiaris,
998 4883 1065 4922 ne
1107 4875 1156 4921 te
1198 4867 1465 4935 respicere
1493 4866 1706 4936 quidem
1739 4867 1874 4921 ultra
1915 4868 2107 4935 poterit

519 4962 782 5016 diabolus.
815 4960 972 5016 Novit
997 4959 1193 5029 quippe
1229 4959 1428 5027 regiam
1468 4966 1681 5022 notam;
1729 4959 1876 5011 novit
1908 4956 2105 5011 Christi

523 5068 674 5106 arma
693 5093 706 5115 ,
738 5052 928 5121 quibus
956 5052 1125 5104 victus
1151 5059 1250 5105 est.
1282 5048 1532 5115 Quaenam
1556 5049 1643 5102 illa
1668 5049 1828 5102 sunt?
1850 5048 2104 5102 Modestia

520 5154 576 5199 et
605 5143 977 5208 mansuetudo.
1011 5141 1139 5197 Nam
1170 5157 1289 5210 cum
1320 5140 1465 5193 illum
1505 5141 1558 5193 in
1597 5151 1776 5193 monte
1816 5155 1874 5194 se
1919 5154 2106 5210 aggre-

521 5237 753 5290 dientem
784 5235 1054 5304 superavit
1076 5243 1234 5303 atque
1261 5234 1564 5303 prostravit,
1589 5233 1828 5286 Christus
1854 5248 1973 5287 esse
2003 5247 2106 5286 non

521 5327 979 5398 cognoscebatur?
1008 5327 1112 5381 Sed
1141 5327 1319 5380 verbis
1345 5327 1512 5396 ipsum
1539 5325 1687 5395 quasi
1727 5339 1918 5394 sagena
1945 5326 2106 5392 cepit,

524 5420 783 5476 modestia
815 5419 991 5488 cepit,
1025 5417 1428 5472 mansuetudine
1459 5416 1676 5486 fugavit.
1710 5417 1822 5472 lloc
1849 5427 1905 5472 et
1951 5428 2003 5469 tu
2034 5416 2112 5470 fa-

520 5511 665 5577 cito,
707 5511 750 5567 si
793 5509 988 5565 videris
1031 5509 1300 5563 hominem
1343 5508 1612 5564 diabolum
1638 5507 1884 5564 effectum
1903 5549 1924 5575 ,λ
1951 5516 2110 5576 teque

580 5671 597 5702 ⁸
621 5669 770 5731 Editi,
797 5684 940 5735 quam
963 5670 1240 5721 habebimus
1259 5669 1654 5722 excusationem?

1254 260 1309 317 s.
1351 253 1627 317 JOANNIS
1661 246 2137 312 etinvsosront
2176 246 2496 311 ARCHIEP.
2537 248 3067 314 coxsrANT'ixor‘;
3671 253 3762 317 την

2211 367 2515 433 adeuntem,
2547 385 2622 424 διο
2652 383 2698 425 et
2735 382 2787 425 tu
2820 374 3033 429 vincito.
3068 373 3220 428 Dedit
3250 371 3338 426 tibi
3371 371 3606 428 Christus
3633 387 3754 443 pote-

2211 467 2400 513 statem
2432 470 2486 514 ut
2514 478 2609 530 pro
2635 464 2833 518 viribus
2863 466 2962 534 ipsi
2993 467 3178 521 similis
3205 465 3469 521 cfliciaris.
3495 465 3574 520 Ne
3603 468 3756 523 timeas

2213 550 2312 605 hoc
2340 553 2580 608 audiens.
2613 555 2927 611 Timendum
2971 561 3172 626 potius,
3218 575 3284 612 ne
3329 574 3431 612 non
3476 559 3655 612 similis
3679 560 3758 628 ipsi

2213 643 2326 698 tias.
2375 645 2616 716 Loquere
2663 664 2789 718 ergo
2839 660 2895 704 ut
2943 652 3050 708 ille.
3103 661 3155 703 et
3225 647 3278 699 in
3320 646 3424 698 hoc
3455 648 3563 700 eris
3594 648 3750 701 similis

2213 735 2307 799 illi,
2337 747 2396 790 ut
2424 753 2544 792 esse
2573 751 2740 808 potest
2789 741 2965 795 homo.
3002 741 3318 810 ldeomajor
3353 752 3437 796 est
3465 758 3553 811 qui
3593 741 3660 795 sic
3692 744 3756 797 lo-

2213 827 2411 895 quitur,
2444 845 2599 897 quam
2629 833 2717 900 qui
2751 835 3050 901 prephetat.
3081 832 3212 886 lllud
3242 837 3382 886 enim
3413 849 3478 890 ex
3509 833 3666 902 gratia
3691 844 3754 887 to-

2215 927 2322 972 tum
2353 932 2436 974 est
2468 939 2479 973 :
2515 921 2600 976 hic
2629 939 2756 977 vero
2795 926 2952 978 etiam
2996 926 3144 979 labor
3177 925 3443 995 sudorque
3473 934 3618 980 tuus.
3649 926 3762 980 Doce

2213 1011 2441 1064 animam
2476 1023 2650 1080 tuam,
2683 1025 2738 1068 ut
2763 1031 2823 1069 os
2855 1025 2999 1070 tuum
3031 1015 3108 1071 sic
3141 1017 3412 1082 eli'orniet,
3443 1027 3498 1070 ut
3532 1017 3602 1070 sit
3635 1018 3756 1070 Chri-

2211 1103 2277 1157 sti
2306 1105 2385 1158 ori
2412 1106 2606 1176 simile.
2649 1107 2831 1162 Potest
2857 1109 2998 1162 enim
3027 1109 3126 1163 hoc
3155 1109 3394 1173 efﬁcere,
3423 1110 3469 1162 si
3506 1109 3651 1163 velit.
3673 1108 3758 1161 No-

2212 1198 2285 1250 vit
2316 1197 2450 1252 hanc
2480 1209 2682 1264 artem,
2719 1200 2817 1252 nisi
2851 1210 3070 1268 torpeat.
3100 1201 3162 1253 Et
3193 1200 3456 1268 quamodo
3481 1200 3762 1252 ellormalur

2211 1305 2270 1343 os
2300 1290 2471 1343 illud?
2496 1292 2746 1360 inquies;
2771 1294 2962 1362 quibus
2983 1293 3287 1347 coloribus?
3313 1309 3376 1346 ex
3404 1308 3508 1361 qua
3535 1293 3761 1346 materia?

2211 1381 2492 1435 Coloribus
2528 1383 2739 1451 quidem
2780 1392 2833 1436 et
2873 1383 3090 1437 materia
3125 1384 3294 1446 nulla,
3324 1384 3416 1437 sed
3450 1384 3648 1436 virtute
3671 1392 3762 1436 tan-

2209 1483 2354 1536 tum,
2388 1472 2666 1539 modestia,
2691 1474 3005 1529 humilitate.
3033 1474 3317 1528 Videamus
3337 1475 3493 1528 etiam
3523 1475 3767 1543 quomodo

2209 1579 2269 1619 os
2286 1564 2477 1619 diaboli
2499 1565 2824 1632 ell'ormetur,
2844 1581 2912 1620 ne
2933 1565 3057 1620 illud
3079 1567 3236 1618 etiam
3258 1565 3408 1618 nobis
3433 1579 3757 1620 assumamus.

2209 1656 2487 1723 Quomodo
2516 1673 2644 1727 ergo
2685 1657 3025 1711 cliormatur?
3061 1656 3381 1722 Maledictis,
3415 1657 3759 1723 contumeliis,

2209 1749 2462 1819 perjurio,
2494 1751 2706 1805 invidia.
2739 1750 2870 1805 Cum
2899 1752 3038 1804 enim
3069 1751 3206 1804 illius
3237 1749 3376 1804 dicta
3403 1750 3522 1819 quis
3555 1766 3762 1818 pronun-

2209 1843 2323 1907 tiat,
2361 1842 2521 1910 ipsius
2549 1842 2776 1913 linguam
2799 1843 3035 1897 assumit.
3052 1843 3217 1909 Quam
3242 1857 3370 1911 ergo
3386 1843 3596 1895 veniam
3621 1843 3762 1910 impe-

2210 1934 2503 1988 trabin‘ius?
2532 1935 2640 1988 imo
2670 1935 2809 2004 quod
2843 1949 2945 1988 non
2973 1933 3288 2002 supplicium
3316 1933 3546 1998 luemus,
3579 1932 3762 2001 quando

2210 2024 2476 2093 linguam,
2509 2041 2611 2094 qua
2640 2025 2922 2094 dignamur
2944 2025 3263 2079 dominicam
3293 2039 3507 2078 carnem
3539 2032 3765 2094 gustare,

2207 2117 2401 2172 diaboli
2435 2119 2592 2172 verba
2622 2120 2762 2188 loqui
2790 2119 3052 2173 sinimus?
3075 2118 3152 2172 Ne
3177 2119 3432 2180 sinamus,
3462 2132 3656 2186 quieso,
3687 2119 3761 2171 sed

2207 2223 2365 2262 omne
2407 2211 2636 2263 studium
2675 2211 3047 2270 adhibeamus,
3091 2218 3147 2264 ut
3182 2210 3468 2263 doceamus
3508 2209 3642 2262 illam
3678 2224 3762 2278 quo

2207 2313 2361 2372 pacto
2393 2304 2669 2358 Dominum
2701 2319 2854 2358 suum
2887 2305 3138 2359 imitetur.
3171 2303 3237 2358 Si-
3255 2306 3394 2357 enim
3427 2303 3567 2357 illam
3591 2303 3652 2355 ad
3681 2304 3762 2356 lioc

2208 2395 2580 2462 instituamus,
2612 2413 2731 2451 cum
2765 2412 2953 2468 magna
2985 2397 3172 2450 ﬁducia
3202 2413 3297 2450 nos
3325 2397 3478 2451 sistet
3511 2397 3576 2449 ad
3616 2397 3760 2449 tribu-

2209 2489 2293 2541 nal
2324 2487 2544 2544 Christi.
2574 2488 2680 2541 Nisi
2711 2489 2830 2557 quis
2856 2489 2924 2541 ita
2954 2488 3093 2557 loqui
3125 2489 3284 2551 sciat,
3308 2487 3469 2555 judex
3503 2503 3603 2539 non
3635 2487 3758 2540 illuni

2207 2578 2403 2633 audiet.
2435 2578 2582 2633 Sicut
2608 2579 2747 2633 enim
2776 2587 2974 2648 quanto
3003 2578 3276 2631 Romanus
3303 2587 3383 2631 est
3420 2577 3580 2645 judex
3599 2619 3612 2641 ,
3651 2593 3759 2630 Call-

2207 2689 2320 2728 satn
2348 2673 2610 2727 dicentem
2643 2687 2746 2726 noa
2781 2673 3054 2741 intelliget,
3089 2671 3188 2724 nisi
3220 2672 3263 2724 is
3290 2670 3478 2725 Latine
3517 2671 3762 2738 laquatur;

2209 2767 2278 2819 ita
2307 2775 2357 2819 et
2386 2765 2648 2827 Christus,
2681 2765 2722 2817 si
2751 2779 2856 2825 non
2886 2764 2950 2816 ad
2977 2762 3118 2816 illius
3144 2762 3356 2816 modum
3385 2763 3611 2831 loquaris
3631 2804 3643 2827 ,
3672 2778 3756 2816 non

2209 2855 2466 2924 intelliget
2495 2866 2581 2920 te,’
2614 2869 2780 2923 neque
2809 2853 3044 2907 attendet
3085 2852 3195 2905 tibi.
3233 2853 3505 2906 Discamus
3547 2868 3665 2921 ergo
3699 2854 3762 2904 ita

2209 2946 2387 3015 loqui,
2433 2955 2487 2999 ut
2531 2946 2666 2998 solet
2703 2943 2887 2997 audire
2929 2944 3036 2997 ltex
3078 2953 3290 3007 noster;
3336 2941 3755 3009 studeamuscjus

2208 3038 2438 3106 linguam
2469 3036 2681 3090 imitari.
2715 3034 2769 3089 Si
2801 3035 2851 3088 in
2883 3035 3078 3088 luctum
3108 3033 3374 3099 incideris,
3408 3048 3535 3086 cave
3560 3050 3621 3086 ne
3649 3048 3756 3085 nim-

2207 3131 2344 3184 roris
2389 3129 2466 3182 vis
2511 3137 2653 3181 tuam
2693 3129 2962 3181 subvertat
3000 3127 3231 3195 linguam
3280 3143 3294 3178 :
3335 3126 3429 3180 sed
3479 3127 3680 3195 loquere
3710 3135 3753 3177 ut

2207 3219 2451 3274 Christus
2483 3221 2729 3288 loqnutns
2754 3228 2855 3272 est.
2883 3217 3039 3272 Luxit
3067 3218 3206 3271 enim
3237 3227 3292 3271 et-
3319 3217 3408 3270 ille
3436 3217 3677 3270 Lazarum
3713 3227 3751 3267 et

2207 3314 2417 3368 Judain.
2450 3315 2504 3367 Si
2539 3315 2589 3366 in
2624 3320 2818 3365 metum
2852 3311 3085 3378 incidas,
3121 3310 3191 3364 ita
3220 3310 3363 3379 loqui
3400 3311 3632 3362 student
3657 3309 3748 3360 ille'

2209 3409 2458 3477 loquitur.
2489 3406 2542 3459 ln
2577 3416 2774 3459 metum
2802 3405 2940 3458 enim
2970 3414 3021 3457 ct
3050 3404 3362 3472 ipseincidit
3391 3413 3601 3471 prOpter
3627 3412 3668 3453 te
3689 3416 3750 3452 θε-

2209 3502 2438 3556 cundum
2467 3499 2875 3568 diSltCllSaliUIIiS
2905 3499 3185 3551 rationem.
3228 3497 3320 3550 Dic
3346 3507 3398 3549 et
3428 3505 3480 3548 tu
3519 3514 3531 3548 :
3575 3493 3749 3547 Verum-

2209 3605 2370 3646 tamen
2405 3609 2501 3645 non
2533 3593 2658 3644 sicut
2687 3608 2776 3659 ego
2803 3591 2932 3650 volo,
2964 3589 3050 3641 sed
3075 3589 3202 3641 sicut
3231 3597 3282 3640 tu
3312 3587 3532 3656 (Matth.
3557 3585 3638 3639 ‘36.
3663 3584 3747 3653 59).

2208 3686 2260 3739 Si
2293 3685 2500 3738 lleveris
2521 3724 2534 3747 ,
2570 3683 2842 3736 moderate
2872 3682 3163 3750 lacryniare
3197 3688 3251 3732 ut
3283 3680 3414 3746 ipse.
3446 3677 3645 3730 Insidiis
3666 3677 3748 3728 cir-

2209 3785 2521 3830 cmnventus
2547 3788 2637 3840 es,
2668 3774 2750 3826 vel
2781 3773 2829 3826 in
2859 3772 3096 3825 dolorem
3127 3770 3393 3824 incidisti?
3421 3769 3543 3823 llaec
3563 3779 3612 3822 ut
3632 3767 3750 3821 Chri-

2209 3879 2320 3922 stus
2349 3867 2550 3936 accipe.
2581 3865 2712 3919 Nam
2739 3873 2792 3918 et
2813 3864 2923 3933 ipse
2950 3862 3154 3915 insidiis
3182 3862 3449 3930 impetitus
3480 3861 3602 3920 fuit.
3633 3859 3748 3912 dolo-

2209 3976 2372 4029 reque
2399 3960 2640 4023 allectus,
2672 3959 2849 4036 aitque
2882 3975 2895 4010 :
2923 3955 3104 4009 Tristis
3133 3967 3202 4009 est
3229 3957 3398 4008 anima
3428 3971 3533 4007 mea
3549 3954 3753 4022 usquead

2211 4064 2418 4108 mortem
2468 4051 2638 4122 (Ibid.
2682 4068 2728 4104 v.
2778 4050 2899 4117 58).
2939 4049 3231 4118 Omniaque
3281 4050 3369 4104 ille
3410 4051 3500 4103 tibi
3546 4048 3746 4113 exempla

2212 4147 2454 4216 prmbuit,
2490 4155 2543 4198 ut
2573 4143 2815 4199 eumdem
2847 4158 3028 4196 serves
3058 4142 3292 4206 modum,
3323 4151 3376 4194 et
3405 4141 3550 4194 datas
3579 4141 3656 4193 tibi
3683 4155 3748 4189 ic-

2210 4242 2358 4310 gulas
2383 4255 2488 4293 non
2516 4239 2701 4292 violes.
2730 4237 2818 4291 Sic
2849 4236 3045 4305 poteris
3083 4250 3144 4289 os
3183 4236 3376 4287 habere
3419 4234 3552 4286 illius
3587 4235 3654 4284 ori
3690 4236 3746 4282 si-

2211 4333 2334 4387 mile
2365 4351 2377 4384 :
2409 4333 2485 4386 sic
2513 4331 2562 4384 in
2600 4341 2738 4384 terra
2767 4330 3033 4399 gradiens,
3077 4343 3285 4381 sursum
3331 4328 3558 4380 sedentis
3591 4327 3745 4393 lingua

2212 4426 2365 4480 nobis
2389 4425 2616 4480 similem
2651 4425 2880 4492 linguam
2911 4421 3158 4475 ostendes
3181 4462 3194 4482 ,
3237 4422 3449 4473 modum
3480 4434 3672 4473 servans
3707 4419 3743 4466 in

2211 4531 2473 4580 maerore,
2507 4517 2557 4569 in
2586 4517 2685 4581 ira,
2716 4517 2767 4569 in
2798 4515 2960 4576 luctu,
2985 4514 3034 4567 in
3058 4515 3318 4583 angustia.
3345 4514 3482 4577 Quot
3513 4509 3743 4564 v't-struiii'

2211 4610 2327 4679 ejus
2356 4611 2576 4662 formam
2607 4608 2786 4661 videre
2807 4606 3148 4660 desiderant?
3175 4606 3310 4660 Ecce
3337 4621 3438 4659 non
3472 4605 3630 4657 vidch
3653 4615 3745 4652 mo-

2211 4701 2300 4767 do,
2329 4702 2420 4756 sed
2449 4709 2504 4756 et
2528 4701 2729 4754 similes
2765 4699 2862 4765 ipsi
2899 4698 3037 4752 efﬁci
3069 4698 3228 4760 licet,
3274 4697 3318 4751 si
3357 4696 3660 4751 Studeamus.
3686 4690 3748 4744 Ne

2212 4795 2517 4849 dill‘eramus
2546 4808 2692 4862 ergo.
2734 4791 2846 4846 Non
2895 4792 2962 4844 ita
3015 4790 3236 4844 libenter
3280 4789 3633 4858 praphetarum
3672 4797 3748 4835 ora

2212 4887 2499 4953 osculatur,
2523 4895 2580 4940 ut
2600 4885 2958 4939 modestorum
2979 4891 3477 4951 mansuctmumque
3495 4880 3747 4933 hominum.

2214 4979 2267 5032 ,11
2277 4980 2365 5032 ulli
2411 4981 2541 5032 enim
2571 4979 2734 5031 dicent
2761 4977 2917 5042 mihi,
2952 4975 3148 5043 inquit,
3185 4973 3369 5027 Nonne
3396 4975 3444 5025 in
3472 4972 3648 5025 nomine
3681 4977 3750 5018 tuo

2215 5072 2658 5144 prophetavimus?
2690 5069 2755 5124 Et
2785 5069 3092 5136 respondebo
3127 5069 3217 5132 eis,
3264 5066 3444 5120 Nescio
3485 5081 3564 5118 vos
3605 5060 3751 5130 (Ibid.

2216 5166 2266 5218 7.
2299 5165 2386 5218 2⁸2.
2414 5163 2539 5233 25).
2569 5161 2640 5217 Os
2667 5176 2792 5215 vero
2819 5158 3043 5230 Muysis,
3084 5160 3202 5226 quia
3235 5157 3322 5210 ille
3356 5155 3620 5209 adinodtnn
3653 5167 3754 5201 mu—

2214 5257 2398 5310 destus
2424 5264 2540 5310 erat
2567 5262 2620 5309 et
2649 5261 2957 5306 mansuetus
2984 5249 3220 5320 (Moyses
3261 5249 3423 5312 enim,
3476 5245 3643 5314 inquit.
3668 5245 3758 5294 erat

2215 5349 2507 5403 mitissimus
2549 5346 2773 5400 omnium
2821 5345 3080 5397 hominum
3125 5343 3210 5412 qui
3255 5350 3370 5395 sunt
3415 5357 3558 5408 super
3597 5343 3764 5387 terra!"

2217 5440 2421 5514 [tl/um.
2452 5437 2536 5494 19..
2569 5438 2638 5512 5]
2662 5441 2709 5510 ),
2744 5438 2814 5491 ita
2842 5436 3094 5507 diligebat
3119 5444 3172 5489 et
3198 5433 3547 5495 osculabatur,
3573 5436 3622 5482 ut
3642 5439 3760 5494 inne-

2305 5619 2321 5648 ί
2350 5612 2502 5663 Savil.
2533 5611 2678 5673 legit,
2708 5610 2944 5666 Christus,
2974 5625 3080 5672 pro,
3109 5607 3205 5658 ille.

2305 5680 2324 5709 ²
2345 5676 2511 5726 Monii.
2543 5673 2758 5724 ctSmii.
2783 5683 3014 5723 uestrum.
