4104 6218
387 321 492 379 ﬂ?

387 449 593 498 sentem
645 450 707 491 os
751 433 816 488 ad
865 448 925 488 os
968 433 1344 502 alloqueretur,
1400 427 1549 498 quasi
1597 425 1799 479 amicus
1843 439 1962 477 cum

387 534 575 589 amico.
606 529 756 587 Nunc
781 526 1110 583 dmmonibus
1137 539 1241 577 non
1274 523 1524 591 imperas,
1557 517 1648 572 sed
1681 514 1967 584 imperabis

388 636 512 679 tunc
538 623 798 694 gehenme
825 619 962 690 igni,
1005 617 1051 672 si
1090 631 1151 670 os
1194 614 1389 667 habeas
1419 612 1496 665 ori
1537 607 1730 665 Christi
1773 606 1965 660 simile.

387 715 676 784 lmperahis
717 714 911 784 abysso
957 710 1123 779 ignis,
1169 716 1222 762 et
1261 705 1443 771 dices,
1488 702 1646 764 Tace,
1693 699 1970 753 obtumesce

387 809 590 882 (Marc.
622 807 675 861 4.
705 803 844 877 59);
875 812 1071 858 etcum
1104 800 1268 854 multa
1301 795 1488 851 ﬁducia
1515 794 1568 848 in
1595 792 1754 846 czelos
1773 803 1964 844 ascen-

785 921 2018 950 _______________________

1268 311 1333 367 IN
1382 308 1787 366 MATTHJEUM
1827 307 2056 362 HOMIL.
2099 307 2334 363 LXXIX.
2375 311 2444 367 al.
2486 311 2700 368 LXXX.

3560 320 3662 376 7l8

2071 421 2166 476 des
2187 463 2201 487 ,
2234 439 2504 494 regnoque
2535 425 2726 479 frueris
2759 443 2771 476 :
2803 425 2943 496 quod
2973 426 3171 482 utinam
3198 443 3385 484 omnes
3411 445 3662 500 asseqna<

2071 530 2210 578 mur,
2244 517 2405 584 gratia
2437 527 2491 571 ct
2517 517 2840 587 benignitate
2869 519 3075 573 Domini
3102 523 3266 576 nostri
3294 521 3419 576 Jt-su
3443 523 3660 586 Christi.

2059 605 2154 669 cui
2181 619 2298 659 cum
2330 606 2472 661 Patri
2514 623 2614 661 una
2646 624 2766 664 cum
2798 620 2982 665 sancto
3012 611 3210 678 Spiritu
3254 613 3420 681 gloria
3441 655 3456 678 ,
3490 615 3662 684 impc-

2072 696 2209 750 rium
2232 739 2245 761 ,
2279 698 2472 765 honor,
2506 715 2647 756 nunc
2672 711 2724 756 et
2755 718 2989 774 semper,
3019 714 3067 758 ct
3106 705 3157 758 in
3199 705 3397 760 sarcula
3437 708 3662 761 sacculo.

2073 803 2212 842 rum.
2244 791 2435 844 Amen.

2024 920 3632 950 Ἢ

1453 998 1799 1064 HOMILIA
1841 992 2136 1055 LXXIX.
2183 996 2267 1055 al.
2313 997 2577 1060 LXXX.

380 1157 512 1213 Car.
544 1157 635 1210 ‘25.
663 1171 714 1208 ν.
739 1156 826 1208 3i.
872 1154 1004 1209 Cum
1033 1163 1210 1206 autem
1233 1151 1424 1203 venerit
1453 1146 1626 1201 Filius
1648 1145 1872 1199 hominis
1903 1144 1958 1196 in

449 1251 620 1321 gloria
639 1248 821 1300 Patris
837 1247 1024 1308 suihet
1042 1260 1216 1297 omnes
1239 1242 1409 1294 sancti
1425 1241 1596 1310 angeli
1609 1255 1726 1292 cum
1740 1254 1819 1304 eo,
1837 1248 1959 1290 tunc

449 1337 635 1393 sedebit
661 1352 811 1406 super
841 1335 1025 1388 solium
1060 1333 1234 1401 gloria:
1269 1344 1408 1393 aute;
1438 1338 1493 1382 et
1530 1326 1801 1396 separabit
1833 1338 1962 1378 oves

450 1430 516 1483 ab
541 1427 706 1482 hardis
730 1444 742 1480 :
775 1435 830 1481 et
855 1425 954 1480 hos
979 1423 1190 1494 quidem
1219 1420 1538 1489 acceptabit,
1570 1418 1689 1488 quia
1715 1418 1960 1471 esurien-

449 1531 556 1575 tem
589 1519 760 1589 ipsum
787 1517 1116 1580 cibaverunt,
1146 1523 1202 1568 et
1233 1512 1430 1567 sitienti
1459 1519 1640 1580 potum
1674 1508 1958 1569 dederunt,

449 1621 504 1666 et
549 1611 811 1680 hospitem
861 1608 1211 1676 collegerunt,
1254 1614 1307 1659 et
1337 1603 1534 1657 nudum
1566 1601 1879 1664 vestierunt,
1909 1607 1963 1652 et

450 1704 804 1757 inﬁrmantcm
851 1699 1219 1758 visitaverunt,
1268 1704 1321 1750 et
1366 1695 1416 1748 in
1461 1707 1681 1748 carcere
1727 1691 1956 1760 positum

449 1796 778 1858 invisertmt;
807 1801 861 1846 et
901 1790 1047 1846 dabit
1093 1803 1308 1858 regnum
1342 1786 1490 1854 ipsis.
1534 1784 1681 1839 Alios
1705 1798 1832 1836 vero
1863 1796 1960 1850 pro

449 1885 728 1941 contrariis
757 1883 968 1938 delictis
1009 1881 1182 1935 mittet
1223 1879 1274 1933 in
1328 1879 1500 1947 ignem
1546 1884 1829 1939 aeternum,
1869 1874 1960 1942 qui

448 1988 662 2048 paratus
682 1985 764 2032 est
785 1974 998 2029 diabolo
1026 1982 1079 2028 et
1113 1971 1311 2042 angelis
1339 1971 1474 2040 ejus.

453 2073 504 2126 l.
534 2069 855 2126 Suavissima
896 2067 1011 2122 htec
1052 2065 1236 2131 verba,
1274 2079 1393 2134 quae
1430 2064 1482 2118 in
1522 2077 1617 2118 ore
1661 2076 1958 2126 versamus,

379 2177 521 2218 nunc
547 2176 666 2216 cum
697 2159 874 2212 studio
918 2167 972 2212 et
1010 2155 1419 2227 compunctione
1465 2154 1611 2208 omni
1660 2152 1957 2217 audiamus,

380 2264 538 2324 atque
565 2263 832 2323 postrema
865 2250 1023 2305 verba
1057 2251 1107 2303 in
1140 2263 1257 2320 quae
1283 2262 1462 2303 sermo
1485 2247 1606 2315 jure
1633 2245 1810 2299 desiit.
1852 2243 1961 2297 Ma-

379 2360 480 2414 gna
507 2345 644 2399 enim
678 2343 752 2397 illi
801 2341 1146 2395 humanitatis
1186 2348 1239 2396 et
1280 2336 1659 2393 misericordia:
1688 2351 1814 2390 cura
1856 2344 1958 2390 est.

379 2437 581 2492 Idcirco
623 2435 785 2488 multa
825 2433 1068 2503 superius
1101 2433 1168 2487 de
1195 2431 1293 2485 hac
1330 2431 1541 2485 diverse
1584 2430 1831 2498 loquutus
1857 2437 1957 2489 est,

379 2526 571 2596 hicque
616 2525 827 2580 demum
882 2525 1080 2579 clarius
1126 2537 1189 2577 ae
1233 2523 1622 2582 vehementius,
1674 2535 1778 2573 non
1827 2517 1961 2572 duas

376 2631 634 2686 personas
659 2616 739 2670 vel
767 2624 874 2669 tres
899 2615 981 2668 vel
1009 2613 1244 2684 quinque
1279 2611 1556 2671 inducens,
1603 2609 1696 2664 sed
1741 2609 1958 2664 univer-

377 2720 493 2761 sum
523 2706 728 2760 orbem.
757 2705 871 2760 Etsi
915 2706 968 2758 in
1004 2704 1369 2773 superioribus
1409 2702 1625 2772 quando
1662 2701 1793 2755 duas
1833 2715 1958 2770 per-

375 2812 535 2851 sonas
589 2795 902 2859 indueebat,
959 2811 1064 2847 non
1120 2793 1253 2847 duas
1307 2806 1561 2861 personas
1614 2791 1952 2858 signiﬁcaret,

376 2889 469 2947 sed
513 2887 644 2941 duas
689 2895 899 2955 partes;
946 2885 1168 2938 alteram
1218 2898 1322 2938 non
1376 2882 1774 2945 obedientium,
1826 2881 1959 2935 alte-

375 2995 488 3034 ram
530 2977 890 3032 ohedientinm
927 2993 942 3032 :
987 2991 1171 3030 verum
1206 2974 1292 3029 hic
1331 2974 1639 3029 horribilius
1695 2974 1809 3027 lure
1861 2984 1960 3026 tra-

376 3082 518 3138 ctat,
561 3081 616 3126 et
665 3070 878 3124 clarius.
925 3068 1258 3138 Quapropter
1296 3083 1398 3121 non
1444 3066 1572 3120 dicit
1622 3065 1756 3118 ultra
1785 3107 1798 3130 ,
1861 3065 1953 3119 Si-

375 3164 494 3216 mile
520 3170 590 3216 est
641 3177 846 3232 regnum
880 3160 1137 3226 ctelorum,
1187 3158 1280 3213 sed
1330 3159 1566 3227 scipsum
1613 3157 1847 3212 ostendit
1895 3172 1956 3211 ac

376 3255 596 3320 revelat,
625 3254 846 3308 dicens:
872 3253 997 3307 Cum
1031 3262 1199 3306 autem
1235 3251 1418 3305 venerit
1459 3250 1626 3304 Filius
1655 3250 1870 3304 hominis
1905 3250 1957 3302 in

376 3347 538 3419 gloria
579 3362 691 3400 sua.
720 3345 872 3399 Nune
896 3345 1037 3399 enim
1066 3345 1212 3398 venit
1251 3343 1302 3396 in
1346 3342 1656 3413 ignominia,
1688 3342 1740 3396 in
1770 3350 1957 3396 contu-

376 3438 568 3501 meliis,
603 3438 654 3492 in
681 3437 982 3506 opprobriis
1008 3453 1020 3488 :
1047 3444 1170 3488 tunc
1199 3443 1373 3488 autem
1407 3432 1614 3487 sedebit
1639 3447 1799 3501 super
1816 3431 1959 3486 thro-

375 3545 499 3584 num
531 3528 715 3600 gloriae
765 3541 894 3581 sua}.
935 3528 1011 3580 Ac
1041 3525 1345 3594 frequenter
1388 3523 1618 3593 gloriam
1671 3530 1953 3577 memorat.

375 3622 506 3689 Quia
535 3621 674 3676 enim
703 3635 833 3676 crux
857 3632 1022 3688 prope
1055 3625 1192 3682 erat,
1223 3631 1340 3686 qua:
1377 3630 1464 3670 res
1495 3614 1724 3668 maxime
1751 3613 1959 3682 vitupe-

375 3714 556 3770 rahilis
583 3711 886 3774 videbatur;
916 3709 1036 3763 idco
1065 3708 1220 3777 erigit
1253 3706 1571 3766 auditorem,
1598 3713 1652 3758 et
1677 3712 1800 3756 ante
1833 3718 1960 3757 ocu-

375 3805 459 3861 los
483 3805 579 3874 ipsi
602 3802 856 3872 judicium
883 3801 1050 3870 ponit,
1081 3799 1372 3867 orbemqne
1395 3805 1562 3851 totum
1592 3795 1750 3850 sistit.
1778 3794 1960 3864 Neque

375 3895 480 3949 hoc
525 3891 894 3947 tantummodo
941 3890 1234 3946 terribilem
1277 3889 1453 3943 reddit
1495 3901 1822 3951 sermonem,
1865 3887 1956 3940 sed

376 3987 516 4058 quod
563 4001 755 4040 vacuos
802 3985 962 4039 caelos
1012 3981 1277 4038 ostendat.
1306 3980 1503 4036 Omnes
1543 3979 1738 4048 quippe
1784 3977 1956 4047 angeli

378 4093 496 4134 cum
525 4079 640 4146 ipso
666 4087 841 4143 erunt,
883 4084 940 4130 et
969 4076 1067 4145 ipsi
1109 4073 1476 4137 testiﬁcantes,
1507 4081 1760 4139 quantum
1791 4071 1960 4123 admi-

377 4169 720 4225 nistraverint
742 4167 888 4221 missi
910 4181 940 4220 a
969 4166 1196 4220 Domino
1225 4164 1289 4217 ad
1320 4164 1592 4216 hominum
1621 4163 1868 4216 salutem.
1894 4162 1960 4214 Et

384 4261 614 4329 undique
635 4258 870 4314 horroris
903 4257 1092 4329 plenus
1123 4255 1211 4310 ille
1236 4255 1350 4309 dies
1385 4255 1592 4308 futurus
1623 4262 1724 4309 est.
1759 4252 1959 4307 Deinde

379 4353 470 4412 32.
515 4351 978 4422 Congregobuntur,
1021 4348 1212 4417 inquit,
1251 4363 1420 4400 omnes
1467 4357 1670 4416 gentes;
1716 4345 1816 4397 hoc
1857 4352 1957 4407 est,

378 4448 630 4503 universa
658 4443 930 4497 hominum
958 4451 1165 4494 natura.
1209 4438 1272 4492 Et
1310 4439 1585 4508 segregabit
1622 4453 1705 4490 eos
1731 4437 1798 4488 ad
1827 4436 1959 4488 inri-

378 4554 506 4604 cem,
538 4535 666 4590 sicut
691 4543 863 4604 pastor
886 4541 1087 4600 separat
1123 4546 1256 4584 oves.
1299 4529 1450 4583 Nunc
1470 4529 1610 4583 enim
1651 4543 1754 4581 non
1784 4541 1964 4597 segre-

379 4628 507 4700 gati,
547 4625 640 4681 sed
684 4624 833 4679 mixti
882 4631 1006 4678 sunt
1047 4635 1277 4676 omnes:
1309 4619 1575 4688 separatio
1620 4627 1797 4672 autem
1838 4627 1962 4672 tunc

378 4717 776 4779 accuratissime
810 4715 934 4780 ﬁet;
977 4714 1292 4782 interimque
1318 4728 1380 4766 ex
1413 4713 1523 4781 ipsa
1555 4711 1780 4766 statione
1819 4711 1963 4778 ipsos

380 4811 657 4882 distinguit
683 4819 736 4866 et
759 4809 1074 4877 conspicuos
1099 4806 1274 4861 reddit
1303 4822 1318 4860 :
1348 4803 1540 4882 deinde
1569 4819 1631 4859 ex
1664 4804 1965 4858 nominibus

381 4905 708 4974 singulorum
740 4916 915 4956 mores
944 4898 1178 4965 exhibet,
1212 4898 1332 4952 illos
1361 4880 1562 4964 haedos,
1595 4897 1693 4951 hos
1719 4911 1846 4952 oves
1867 4912 1964 4966 ap—

382 4997 609 5066 pellans,
639 5004 694 5048 ut
732 4993 941 5047 illorum
979 4991 1311 5046 sterilitatem
1347 4989 1581 5046 indicet:
1609 4989 1786 5043 nullus
1820 4989 1963 5042 enim

383 5105 448 5144 ex
480 5087 645 5142 haedis
673 5087 869 5141 fruetus
892 5083 1243 5155 proﬁciscitur
1267 5101 1280 5150 ;
1314 5083 1502 5141 horum
1531 5099 1657 5138 \cro
1678 5093 1968 5154 proventus

385 5181 583 5235 multus
611 5179 698 5251 qui
730 5194 795 5234 ex
837 5178 1023 5232 ovibus
1062 5177 1284 5245 paritur,
1324 5187 1379 5230 ut
1419 5178 1563 5244 lana,
1603 5177 1682 5231 lac
1726 5185 1779 5230 et
1809 5177 1965 5241 fctus,

385 5274 577 5343 quibus
605 5271 849 5326 omnibus
879 5286 1078 5325 vacuus
1106 5279 1187 5324 cst
1212 5270 1417 5324 luedus.
1453 5269 1644 5324 Verum
1679 5269 1827 5324 bruta
1857 5270 1972 5324 ani-

386 5366 582 5420 mantia
614 5380 678 5418 ex
717 5375 900 5419 natura
944 5378 1035 5417 sua
1077 5365 1158 5418 vel
1200 5363 1423 5417 fructum
1466 5363 1710 5427 afferunt,
1759 5365 1839 5418 vel
1884 5381 1973 5418 sc-

387 5471 511 5517 cns;
545 5455 616 5509 illi
646 5470 772 5509 vero
810 5471 875 5511 ex
916 5453 1224 5520 voluntate;
1267 5453 1490 5524 ideoque
1535 5455 1607 5508 illi
1650 5455 1970 5525 plectuntur,

389 5551 442 5609 bi
473 5559 818 5605 coronantur.

472 5738 487 5767 ί
517 5736 636 5790 Vile
661 5737 1000 5792 Aduolattoncs
1021 5739 1263 5792 Friderici
1289 5740 1454 5805 Field,
1474 5743 1534 5793 ad
1553 5757 1664 5812 pag.
1693 5743 1803 5794 757.

2144 1141 2508 1202 Misericorditc
2541 1166 2694 1218 opera
2732 1156 3030 1221 necessaria,
3079 1156 3272 1224 facilia,
3323 1167 3368 1209 et
3417 1173 3480 1211 ea:
3525 1157 3656 1209 mul-

2072 1235 2134 1289 tis
2182 1239 2429 1305 capitibus
2477 1240 2793 1311 obligatoria.
2827 1244 3107 1314 —-Neque
3160 1248 3303 1314 prius
3358 1248 3475 1301 illos
3527 1262 3655 1316 sup-

2071 1328 2226 1395 plicio
2248 1329 2429 1397 afﬁcit,
2457 1347 2612 1402 quam
2642 1349 2760 1388 cum
2801 1335 2904 1388 illis
2929 1335 2979 1388 in
3003 1336 3204 1404 judicio
3235 1339 3606 1407 disceptaverit
3640 1357 3652 1390 :

2069 1417 2189 1474 ideo
2215 1428 2492 1490 postquam
2541 1423 2660 1477 illos
2691 1425 2740 1478 in
2789 1425 2906 1480 loco
2952 1442 3050 1481 suo
3094 1428 3388 1490 constituit,
3427 1427 3653 1481 crimina

2068 1511 2287 1579 profert.
2319 1511 2395 1567 llli
2426 1529 2552 1568 vero
2579 1516 2817 1570 modeste
2852 1517 3206 1585 respondent;
3237 1518 3329 1572 scd
3363 1517 3502 1570 nulla
3534 1517 3656 1570 hinc

2067 1602 2198 1670 ipsis
2239 1603 2473 1658 utilitas:
2506 1614 2559 1660 ct.
2589 1606 2710 1675 jure
2735 1607 2965 1676 quidem,
3013 1592 3132 1676 quia
3182 1623 3316 1673 rem,
3358 1623 3515 1675 quam
3563 1607 3655 1661 ille

2065 1694 2350 1749 admodum
2403 1698 2639 1762 curabat,
2694 1700 3057 1767 neglexerunt.
3113 1699 3242 1753 Nam
3287 1709 3336 1754 et
3383 1699 3653 1769 propheta:

2067 1786 2167 1842 hoc
2196 1803 2408 1856 semper
2441 1798 2496 1843 et
2537 1790 2730 1859 ubique
2763 1790 3030 1858 dicebant,
3071 1790 3474 1844 Misericordiam
3515 1792 3648 1858 volo,

2065 1895 2164 1933 non
2190 1881 2494 1948 sacriﬁcium
2527 1882 2679 1952 (Osee
2730 1882 2782 1936 6.
2814 1882 2868 1951 6)
2895 1901 2907 1947 ;
2948 1891 3002 1936 ct
3041 1883 3308 1951 legislator
3335 1891 3439 1936 tam
3468 1883 3649 1937 verbis

2065 1987 2222 2040 quam
2251 1971 2412 2027 rebus
2437 1972 2504 2026 ad
2548 1972 2650 2028 hoc
2678 1974 2870 2043 ubique
2902 1974 3164 2041 hortatur,
3208 1974 3427 2044 ipsaque
3467 1983 3650 2029 natura

2065 2061 2116 2115 id
2145 2062 2319 2116 docet.
2349 2063 2727 2119 Animadverte
2754 2075 2928 2119 autem
2956 2065 3072 2119 illos
3098 2081 3200 2120 non
3229 2082 3392 2120 unum
3417 2067 3497 2121 vel
3520 2067 3648 2134 duo,

2064 2153 2156 2208 sed
2183 2156 2360 2208 omnia
2383 2158 2805 2224 praetermisisse.
2834 2158 2946 2211 Non
2983 2159 3142 2212 modo
3169 2160 3307 2214 enim
3330 2160 3648 2215 esurientem

2064 2261 2169 2300 non
2213 2247 2475 2313 cibarunt,
2509 2249 2708 2302 nudum
2743 2265 2845 2304 non
2890 2259 3170 2314 texerunt;
3205 2252 3297 2306 sed
3346 2268 3460 2317 nec,
3506 2253 3646 2323 quod

2065 2346 2240 2391 tamen
2270 2337 2439 2392 levius
2463 2347 2517 2392 et
2557 2339 2760 2393 facilius
2785 2351 2918 2407 erat,
2963 2341 3226 2396 inﬁrmum
3259 2343 3554 2397 visitarunt.
3585 2343 3652 2397 Et

2064 2429 2335 2498 perpende
2363 2445 2520 2500 quam
2553 2431 2686 2486 levia
2710 2433 3004 2502 prrecipiat.
3031 2434 3148 2489 Non
3174 2435 3323 2500 dixit,
3358 2435 3412 2490 ln
3437 2451 3650 2492 carcere

2064 2536 2231 2585 eram,
2261 2531 2313 2576 et
2335 2523 2602 2578 liberastis
2631 2541 2737 2591 me,
2767 2527 3027 2594 inﬁrmus,
3057 2537 3108 2583 et
3138 2529 3382 2583 erexistis
3411 2544 3527 2596 me;
3557 2529 3649 2585 sed

2072 2615 2324 2671 Visitastis
2359 2635 2457 2684 me,
2490 2628 2562 2683 et,
2624 2619 2839 2674 Venislis
2883 2621 2951 2673 ad
2992 2639 3087 2675 me.
3131 2622 3236 2677 Sed
3285 2639 3456 2692 neque
3507 2624 3646 2678 circa

2065 2709 2385 2762 esurientem
2415 2710 2695 2764 molestum
2721 2712 2989 2780 quidpiam
3021 2713 3256 2782 jubetur.
3287 2714 3467 2784 Neque
3505 2715 3646 2770 enim

2063 2798 2259 2853 lautam
2283 2800 2503 2869 requirit
2531 2817 2789 2865 mensam,
2815 2804 2906 2857 sed
2929 2806 3287 2859 necessarium
3311 2806 3649 2860 solummodo

2062 2892 2260 2955 cibum,
2292 2892 2451 2961 idque
2492 2894 2650 2947 modo
2686 2894 2750 2947 ad
2792 2895 3209 2950 misericordiam
3247 2909 3512 2954 movente.
3543 2898 3650 2952 lla-

2061 2997 2166 3051 que
2195 2983 2370 3037 omnia
2403 2983 2610 3037 illorum
2641 2985 2956 3054 supplicium
3001 2996 3254 3055 expetunt
3289 3005 3302 3042 :
3342 2989 3416 3043 rei
3462 2998 3648 3058 postu-

2061 3072 2182 3126 lata:
2228 3072 2466 3134 facilitas,
2514 3089 2632 3126 nam
2682 3076 2832 3143 panis
2881 3084 3080 3129 tantum
3133 3087 3280 3144 erat;
3330 3078 3648 3132 miserabilis

2062 3165 2290 3234 petentis
2316 3164 2570 3230 conditio,
2601 3165 2871 3219 mendicus
2898 3166 3040 3220 enim
3072 3176 3215 3228 erat;
3257 3168 3650 3221 commiseratio

2065 3264 2290 3319 natura),
2315 3270 2433 3307 nam
2459 3254 2619 3308 homo
2647 3264 2727 3308 est
2752 3256 2838 3322 qui
2870 3258 3025 3323 petit;
3051 3259 3418 3326 promissionis
3443 3259 3649 3328 magni-

2065 3345 2212 3408 tudo,
2255 3359 2375 3397 nam
2404 3359 2622 3414 regnum
2667 3345 2984 3413 pollicetur;
3033 3347 3277 3416 supplicii
3326 3357 3516 3414 terror,
3557 3364 3650 3419 ge-

2064 3435 2294 3488 hennam
2324 3436 2463 3490 enim
2491 3435 2876 3500 comminatur;
2905 3435 3133 3506 dignitas
3157 3438 3482 3507 accipientis,
3509 3439 3650 3495 Deus

2063 3527 2202 3581 enim
2233 3535 2347 3581 erat
2376 3526 2462 3595 qui
2491 3541 2585 3595 per
2619 3527 2896 3581 mendicos
2937 3527 3263 3596 accipiebat;
3299 3528 3516 3584 honoris
3546 3547 3652 3585 en-

2064 3617 2256 3680 tnulus,
2295 3615 2436 3684 quod
2469 3625 2668 3669 tantum
2696 3616 3020 3671 descendere
3049 3618 3295 3687 dignatus
3322 3620 3418 3686 sit;
3445 3621 3648 3689 justitia

2063 3705 2406 3775 crogationis,
2439 3720 2557 3758 nam
2581 3721 2645 3758 cx
2666 3705 2822 3759 bonis
2848 3706 2960 3759 suis
2988 3707 3196 3776 accipit.
3223 3708 3416 3762 Verum
3446 3709 3510 3763 ad
3535 3711 3649 3766 ha'c

2063 3799 2241 3852 omnia
2271 3812 2423 3850 amor
2452 3797 2689 3866 pecuniae
2719 3797 2836 3850 illos
2862 3799 3165 3863 excaecavit,
3188 3808 3236 3852 et
3261 3798 3375 3853 lure
3397 3811 3510 3868 post
3546 3809 3651 3854 tan-

2065 3901 2171 3946 tam
2200 3892 2687 3947 commiuationem.
2720 3893 2852 3947 Nam
2874 3908 3031 3963 supra
3059 3895 3207 3958 dicit,
3234 3895 3372 3960 illos,
3396 3896 3482 3965 qui
3519 3912 3648 3963 pau-

2064 3998 2218 4052 peres
2264 3998 2368 4037 non
2409 3984 2699 4054 excipiunt,
2744 3985 2985 4054 graviora
3028 4000 3278 4055 passuros
3319 4000 3456 4047 esse,
3491 4001 3648 4055 quam

2063 4073 2397 4141 Sodomitas;
2446 4083 2500 4130 et
2548 4074 2632 4129 hic
2660 4075 2733 4128 ait
2768 4095 2779 4129 :
2810 4073 2874 4128 In
2917 4085 3156 4143 quantum
3193 4092 3292 4128 non
3332 4076 3517 4144 fecistis
3563 4077 3652 4127 uni

2065 4167 2243 4219 horum
2286 4165 2607 4218 minimarum
2634 4168 2850 4235 fratrum
2891 4181 3135 4230 meorum,
3185 4182 3274 4219 nec
3299 4166 3422 4218 mihi
3468 4167 3654 4236 fecistis

2065 4259 2279 4332 (Matth.
2308 4259 2398 4313 25.
2427 4259 2542 4328 45).
2568 4258 2701 4324 Quid
2730 4259 2842 4311 ais?
2869 4257 3059 4313 fratres
3086 4258 3158 4312 tui
3190 4266 3345 4320 sunt;
3387 4257 3654 4326 quomodo

2063 4352 2312 4406 minimos
2342 4349 2614 4418 appellas?
2643 4347 2764 4401 Ideo
2809 4358 2953 4402 certe
2979 4348 3188 4411 fratres,
3221 4351 3340 4417 quia
3388 4349 3614 4403 humiles
3635 4391 3650 4414 ,

2064 4457 2347 4515 pauperes,
2377 4441 2587 4510 objecti.
2617 4439 2724 4494 llos
2759 4441 2898 4494 enim
2920 4440 3149 4493 maxime
3169 4440 3232 4492 ad
3269 4439 3653 4494 fraternitatem

2066 4545 2220 4591 vocat
2258 4531 2282 4588 ἐ
2335 4535 2577 4602 ignotos,
2623 4541 2992 4599 contemptus;
3043 4546 3141 4584 nec
3194 4531 3482 4584 monachos
3527 4531 3657 4584 dicit

2069 4639 2292 4692 tantum,
2317 4626 2538 4694 illosque
2562 4623 2649 4693 qui
2682 4624 2732 4676 in
2764 4621 3030 4676 montibus
3061 4620 3319 4688 habitant,
3352 4621 3446 4676 sed
3473 4621 3655 4676 ﬁdeles

2068 4719 2328 4789 singulos,
2371 4716 2577 4772 etiamsi
2613 4714 2894 4769 smculares
2947 4713 3072 4777 sint,
3112 4712 3155 4766 si
3185 4714 3288 4766 sint
3323 4713 3655 4778 esurientes,

2069 4811 2318 4875 famelici,
2347 4807 2495 4874 nudi,
2520 4807 2774 4875 hospites,
2803 4804 2946 4858 nulla
2965 4818 3070 4858 non
3103 4803 3244 4872 ipsos
3274 4819 3397 4858 cura
3422 4804 3532 4857 vult
3564 4819 3650 4857 ex-

2070 4904 2192 4974 cipi.
2229 4903 2463 4958 Fratrem
2493 4899 2633 4955 enim
2663 4907 2717 4952 et
2741 4898 3032 4968 baptismus
3062 4896 3242 4955 efﬁcit.
3271 4904 3324 4950 et
3355 4895 3658 4951 divinorum

2071 4997 2442 5068 mysteriorum
2473 4992 2819 5049 consortium.

2142 5093 2198 5146 2.
2227 5092 2416 5146 Postea
2443 5098 2500 5141 ttt
2537 5086 2750 5141 aliunde
2791 5084 2949 5138 ctiam
2988 5082 3264 5136 sententia:
3289 5081 3544 5150 justitiam
3575 5082 3658 5135 vi-

2074 5186 2219 5247 deas,
2251 5183 2423 5252 primo
2447 5181 2564 5234 illos
2594 5179 2680 5247 qui
2708 5178 2843 5232 bene
2866 5189 2977 5228 rem
3001 5189 3214 5244 gessere
3242 5172 3440 5238 laudat,
3468 5181 3522 5227 et
3545 5173 3615 5225 ait
3651 5189 3668 5224 :

2075 5283 2164 5336 ⁸54.
2203 5279 2396 5338 Venite,
2441 5273 2678 5329 benedicti
2727 5270 2898 5324 Patris
2949 5269 3080 5334 mei,
3130 5268 3402 5321 hereditate
3452 5266 3660 5334 accipin

2079 5383 2310 5446 paratum
2335 5369 2468 5424 vobis
2495 5381 2704 5436 regnum
2731 5380 2762 5414 a
2797 5361 3150 5415 constitutione
3178 5359 3370 5411 mundi.
3397 5358 3484 5412 55.
3521 5355 3661 5409 Est:-

2077 5465 2172 5518 rivi
2201 5463 2354 5527 enim,
2382 5469 2427 5512 et
2453 5456 2661 5511 dedistis
2686 5454 2810 5506 mihi
2837 5453 3160 5514 manducare,
3193 5459 3247 5505 et
3272 5464 3388 5520 qum
3425 5463 3662 5517 sequun~

2080 5565 2165 5608 tur
2191 5551 2388 5607 omnia.
2421 5548 2497 5604 Ne
2540 5547 2780 5600 dicerent
2815 5543 2977 5606 enim,
3022 5557 3080 5597 se
3124 5556 3226 5595 non
3280 5538 3549 5597 habuisse,
3596 5549 3663 5594 cx

2080 5656 2459 5700 conservorum
2485 5637 2636 5691 factis
2663 5635 2879 5689 damnat
2903 5649 3032 5699 eos;
3066 5643 3122 5688 ut
3147 5633 3377 5700 virgines
3409 5645 3475 5684 ex
3504 5627 3664 5695 virgi-

2082 5735 2259 5800 nibus,
2317 5745 2529 5786 scrvum
2573 5727 2775 5784 ebrium
2819 5741 2880 5780 ac
2932 5724 3098 5781 ventri
3154 5722 3413 5788 deditum,
3451 5734 3482 5773 a
3521 5718 3672 5775 ﬁde“
