4104 6218
1019 229 1046 248 ο

484 269 586 328 719

486 397 664 445 servo,
693 390 746 435 et
773 395 896 436 cum
925 379 1013 450 qui
1051 377 1302 432 talentum
1335 375 1641 439 sull'oderat,
1671 373 1738 427 ab
1759 388 1824 426 eo
1848 372 1936 441 qui
1967 370 2073 424 duo

484 477 682 530 talenta
721 475 991 538 attulerat,
1023 479 1076 526 et
1113 479 1422 540 peccatores
1469 463 1704 538 singulos
1726 482 1756 520 a
1788 465 2072 534 proborum

485 568 750 636 exemplo.
784 567 850 620 Et
872 567 984 620 tunc
1010 564 1334 632 comparatio
1364 575 1759 629 nonnumquam
1791 573 1856 612 ex
1885 557 2072 625 aequali

485 659 716 724 ducitur,
751 668 808 712 ut
840 667 896 713 et
925 658 1009 711 hic
1034 664 1088 709 et
1128 656 1178 709 in
1212 653 1456 716 parabola
1487 652 1554 706 de
1589 651 1907 719 virginibus;
1942 663 2076 702 non-

489 767 774 821 numquam
803 767 831 804 a
861 750 1069 817 majori,
1099 761 1157 802 ut
1197 763 1316 804 cum
1357 746 1483 799 dicit
1516 763 1528 797 :
1567 743 1670 796 Viri
1700 742 1939 796 Ninivitaz
1964 759 2077 794 sur-

485 853 623 913 gent,
657 854 703 896 et
733 842 1134 896 condemnabnnt
1172 841 1544 910 generationem
1583 837 1732 901 hanc,
1765 836 1880 902 quia
1911 835 2075 888 credi-

488 932 667 986 derunt
698 935 748 985 in
772 932 1132 1002 praedicatione
1155 929 1304 982 Jonw
1336 945 1353 982 :
1379 939 1424 982 et
1453 945 1564 981 ecce
1593 927 1706 996 plus
1735 943 1882 995 quam
1910 924 2073 978 Jonas

489 1027 588 1077 hic.
628 1024 690 1077 Et
722 1025 894 1092 regina
934 1023 1104 1075 Austri
1134 1021 1481 1074 condemnabit
1510 1020 1876 1088 generationem
1919 1017 2071 1080 hanc,

485 1118 606 1184 quia
647 1118 777 1170 venit
818 1117 996 1168 audire
1041 1115 1337 1184 sapientiam
1381 1111 1716 1165 Salomonis:
1755 1122 1801 1162 et
1828 1125 1936 1162 ecce
1963 1107 2076 1176 plus

487 1225 640 1277 quant
665 1208 908 1263 Salomon
941 1208 1020 1258 hic
1050 1205 1261 1271 (Matth.
1302 1203 1384 1256 19..
1428 1203 1515 1256 41.
1551 1201 1661 1266 42).
1695 1200 1759 1252 Et
1785 1200 1850 1252 ab
1887 1199 2074 1267 :equali

489 1313 709 1359 rursus;
758 1297 888 1363 Quia
927 1297 1024 1365 ipsi
1060 1296 1259 1366 judices
1304 1293 1450 1346 vestri
1475 1301 1618 1344 erunt
1652 1290 1811 1361 (Ibid.
1854 1306 1899 1342 υ.
1944 1289 2069 1358 27);

488 1399 541 1442 et
566 1403 595 1440 a
627 1388 813 1456 majori
847 1388 1057 1450 itermn,
1086 1385 1304 1439 Nescitis
1333 1385 1449 1455 quia
1476 1384 1678 1452 angelus
1697 1380 2076 1450 judicabimus?

487 1489 676 1548 quanto
704 1480 864 1549 magis
888 1479 1152 1532 swcalaria
1190 1477 1262 1547 (Ι.
1289 1474 1402 1530 Cor.
1443 1475 1492 1529 6.
1526 1476 1579 1542 5)
1597 1475 1618 1524 ’ἒ
1646 1474 1710 1527 Et
1741 1474 1826 1526 hic
1865 1489 2075 1541 quoque

488 1571 558 1624 ab
584 1569 773 1638 mquali
799 1569 988 1621 divites
1018 1567 1288 1630 divitibus,
1315 1579 1571 1633 pauperes
1603 1563 1921 1632 pauperibus
1943 1578 2073 1615 con-

489 1662 611 1716 fert.
642 1661 822 1730 Neque
862 1660 960 1713 hoc
995 1658 1357 1712 tantummodo
1400 1657 1578 1725 prohat
1610 1656 1752 1722 ju~te
1779 1654 1901 1708 ferri
1948 1670 2073 1708 sen-

492 1753 730 1816 tentiam,
755 1749 892 1820 quod
921 1751 1161 1804 conservi
1208 1750 1444 1817 ipsorum
1489 1749 1540 1800 in
1579 1747 1691 1814 pari
1723 1761 1899 1800 rerum
1933 1755 2073 1799 statu

489 1845 656 1915 probe
678 1859 736 1899 se
758 1843 1039 1913 gesserint,
1076 1841 1166 1895 sed
1205 1841 1344 1910 quod
1385 1856 1553 1908 neque
1580 1839 1631 1891 in
1665 1839 1769 1892 illis
1800 1838 2075 1906 obtempe-

490 1936 678 2000 rarint,
727 1936 814 1989 ubi
848 1944 1134 2003 paupertas
1186 1933 1329 1985 nullo
1372 1940 1488 1986 erat
1544 1930 1924 1998 impedimento
1968 1949 1979 1981 :
2018 1938 2075 1983 ut

492 2035 672 2094 polum
704 2025 832 2079 dare
863 2025 1081 2088 sitienti,
1112 2024 1341 2077 vinetum
1371 2023 1607 2086 visitare,
1638 2021 1907 2075 inﬁrmum
1942 2022 2075 2074 invi-

489 2133 626 2173 sere.
679 2117 962 2187 Postquam
1017 2125 1194 2170 aulem
1257 2114 1453 2183 probos
1513 2113 1786 2177 laudavit,
1845 2112 2076 2166 ostendit

488 2218 682 2280 quanta
707 2210 816 2278 jam
846 2210 970 2263 olim
1001 2208 1144 2276 ipsos
1177 2209 1398 2262 caritate
1439 2207 1882 2273 C()m|tl(,‘ClCl'€iﬂl‘
1910 2223 1922 2256 :
1954 2221 2074 2258 nam

489 2303 563 2356 ait
595 2318 609 2355 :
649 2299 842 2365 Venite,
891 2300 1137 2355 benedicti
1166 2299 1341 2352 Patris
1370 2299 1485 2359 mei,
1531 2297 1802 2349 hereditate
1832 2297 2078 2365 possidete

492 2403 727 2463 paratum
754 2392 888 2446 vobis
912 2408 1124 2461 regnum
1163 2400 1279 2442 ante
1301 2389 1702 2442 constitutionem
1733 2388 1925 2439 mundi.
1967 2387 2078 2441 lloc

491 2501 685 2539 nomen
715 2491 843 2553 quot
870 2483 1186 2551 quantisque
1212 2481 1366 2535 bonis
1387 2479 1698 2548 aequiparari
1724 2486 1914 2546 potest,
1938 2477 2076 2546 quod

492 2577 752 2633 benedicti
797 2577 923 2641 sint,
970 2583 1022 2628 et
1067 2589 1095 2626 a
1139 2573 1294 2627 Patre
1340 2570 1644 2626 benedicti?
1699 2570 1760 2622 Et
1811 2569 2076 2622 undenam

494 2679 638 2722 tanto
661 2669 862 2722 honore
892 2665 1088 2735 dignati
1117 2664 1278 2717 sunt?
1312 2678 1550 2733 quaenam
1580 2676 1739 2714 eausa
1770 2660 1907 2713 fuit?
1942 2659 2074 2713 Esu-

492 2762 586 2813 rivi
607 2762 758 2821 enim,
793 2770 836 2812 et
867 2757 1074 2810 dedistis
1103 2757 1227 2808 mihi
1253 2755 1599 2815 manducare;
1630 2754 1781 2814 sitivi,
1815 2762 1860 2805 et
1905 2761 2078 2821 potum

491 2851 698 2904 dedistis
723 2850 866 2914 mihi,
913 2858 1016 2902 etc.
1050 2847 1242 2910 Quanti
1286 2846 1522 2907 honoris,
1555 2854 1765 2912 quanta:
1796 2844 2076 2896 beatitudi-

488 2940 576 2993 ias
607 2939 809 2993 verba?
835 2937 948 2991 Non
978 2935 1124 2999 dicit,
1159 2934 1418 3003 Accipite,
1449 2933 1562 2998 sed,
1598 2932 1883 2985 Ilereditate
1921 2934 2081 3002 possi—

493 3032 621 3094 dete,
668 3029 816 3099 quasi
865 3028 1155 3096 proprium,
1209 3025 1357 3094 quasi
1408 3031 1681 3092 patermnn
1726 3031 1780 3076 et
1814 3033 2072 3086 vestrum,

489 3123 598 3190 jam
628 3120 752 3174 olim
787 3118 936 3172 vobis
962 3117 1222 3172 debitum.
1251 3115 1550 3183 Antequam
1577 3113 1714 3187 enim
1745 3113 1955 3173 essetis,
1991 3112 2073 3164 in-

493 3213 628 3282 quit,
664 3211 776 3264 hth
799 3209 948 3262 vobis
981 3216 1158 3278 parata
1202 3216 1372 3269 erant,
1407 3205 1528 3274 quia
1568 3203 1800 3257 sciebam
1832 3218 1923 3256 vos
1949 3204 2080 3258 tales

493 3315 612 3355 esse
641 3299 861 3353 futuros.
894 3297 956 3352 Et
990 3312 1084 3366 pro
1109 3295 1300 3366 quibus
1329 3294 1442 3348 lucc
1465 3293 1772 3361 accipiunt?
1796 3291 1896 3345 Pro
1919 3301 2078 3356 tecto,

492 3406 591 3462 pro
614 3391 863 3454 vestibus,
902 3404 996 3457 pro
1029 3402 1182 3456 pane,
1219 3401 1313 3455 pro
1340 3399 1472 3454 aqua
1518 3382 1726 3451 frigida,
1777 3398 1871 3449 pro
1901 3383 2080 3436 visita-

497 3483 658 3546 tione,
695 3496 792 3551 pro
816 3481 1054 3550 ingressu
1090 3479 1140 3532 in
1171 3493 1460 3532 carcerem.
1496 3475 1703 3545 [ibique
1729 3476 1868 3528 enim
1899 3484 1954 3528 ut
1984 3491 2081 3530 ne-

494 3571 742 3626 cessariis
790 3569 1132 3640 providentur
1172 3568 1411 3637 requirit,
1459 3567 1564 3620 imo
1610 3565 1926 3634 quandoque
1973 3582 2078 3619 non

497 3660 836 3716 necessariis.
866 3659 1047 3729 Neque
1077 3659 1240 3721 enim,
1277 3657 1455 3727 utjam
1484 3656 1610 3719 dixi,
1630 3665 1860 3725 aegrotus
1889 3667 1942 3710 ct
1968 3657 2082 3711 vin-

496 3762 613 3806 ctus
644 3751 844 3806 visitari
891 3751 1062 3804 solum
1093 3750 1298 3812 volunt,
1329 3747 1422 3801 sed
1450 3748 1584 3801 alius
1615 3746 1836 3811 exsolvi,
1868 3754 1918 3798 et
1947 3747 2082 3800 alius

495 3862 526 3899 a
553 3845 741 3900 morbo
768 3844 944 3898 sanari
984 3851 1219 3912 exoptat.
1253 3841 1446 3895 Verum
1488 3839 1594 3899 ille,
1627 3847 1930 3891 mansuetus
1960 3852 2081 3891 eum

496 3935 584 4000 sit,
615 3936 702 3989 illa
727 3943 929 3990 tantum
958 3933 1181 4002 requirit
1217 3945 1334 4000 quae
1387 3927 1649 3983 facultatis
1689 3937 1885 3980 nostra:
1916 3938 2078 3990 sunt;

497 4029 605 4082 imo
634 4028 806 4081 mintts
840 4041 998 4095 quam
1044 4023 1268 4077 facultas
1299 4030 1479 4074 nostra
1530 4019 1666 4073 ferre
1697 4019 1885 4086 possit,
1926 4018 2080 4073 nobis

497 4119 805 4188 relinquens
849 4125 906 4170 ut
935 4115 999 4168 ad
1039 4115 1240 4181 majora
1287 4124 1587 4181 pergamus.
1632 4109 1738 4163 lllis
1766 4124 1892 4164 vero
1930 4109 2078 4175 dicit,

497 4209 756 4264 Discedite
776 4225 807 4260 a
835 4223 933 4272 me,
962 4205 1216 4259 maledicti
1241 4221 1258 4257 :
1281 4219 1384 4257 non
1413 4218 1441 4254 a
1475 4202 1658 4265 Patre;
1692 4216 1796 4254 non
1823 4200 1963 4253 enim
1996 4201 2082 4255 ille

500 4299 630 4367 ipsis
651 4297 943 4361 maledixit,
968 4296 1061 4350 sed
1086 4310 1244 4364 opera
1271 4295 1503 4363 ipsorum
1534 4291 1776 4360 propria;
1820 4289 1884 4342 In
1919 4291 2084 4360 ignem

498 4397 761 4453 internum,
789 4397 1044 4459 paratum,
1073 4401 1180 4440 non
1205 4385 1378 4448 vobis,
1420 4382 1514 4437 sed
1541 4380 1772 4443 Diabolo,
1822 4391 1865 4432 et
1892 4382 2083 4450 angelis

497 4494 626 4550 ejus.
673 4478 804 4532 Nam
849 4493 968 4532 cum
1001 4478 1067 4532 de
1097 4491 1261 4546 regno
1307 4475 1528 4539 diceret,
1594 4471 1768 4526 Venite
1816 4472 2079 4538 benedicti,

497 4575 768 4630 hereditate
797 4573 1047 4640 possidete
1075 4585 1301 4640 regnum,
1355 4565 1616 4634 adjnnxit,
1657 4562 1900 4617 Paratum
1941 4564 2083 4617 tabis

497 4676 616 4719 ante
663 4663 1066 4718 constitutionem
1107 4657 1323 4712 mundi:
1349 4657 1413 4710 de
1457 4657 1576 4726 igne
1605 4669 1733 4708 vero
1780 4669 1884 4707 non
1930 4656 2081 4720 item,

498 4756 617 4823 sed,
661 4755 910 4812 Paratum
953 4751 1178 4816 diabolo,
1210 4760 1258 4802 et
1299 4747 1491 4818 angelis
1535 4747 1666 4816 ejus.
1717 4747 1825 4814 Ego
1855 4761 2084 4815 namque

499 4865 718 4919 regnum
750 4847 902 4902 vobis
930 4845 1128 4916 paravi,
1184 4843 1358 4913 ignem
1403 4853 1554 4905 vero,
1604 4853 1708 4890 non
1767 4837 1938 4901 vobis,
1988 4837 2084 4892 sed

499 4941 712 4996 diabolo
733 4948 786 4996 et
823 4938 1025 5009 angelis
1055 4937 1168 5006 ejus
1200 4950 1214 4987 :
1243 4933 1365 5004 quia
1396 4946 1525 4986 vero
1553 4945 1647 4982 vos
1679 4930 1729 4982 in
1762 4929 1933 4998 ipsum
1962 4944 2085 4983 con-

501 5033 722 5106 iecistis,
760 5030 813 5085 id
840 5028 1122 5097 vobisipsis
1162 5032 1424 5094 reputate.
1456 5021 1569 5076 Non
1620 5020 1702 5075 his
1733 5029 1956 5082 tantum,
1990 5021 2082 5074 sed

501 5130 659 5180 etiam
691 5125 744 5179 in
775 5121 1136 5194 sequentibus,
1169 5115 1318 5188 quasi
1349 5129 1468 5170 sese
1510 5127 1740 5183 purgans
1765 5111 1901 5180 apud
1945 5111 2082 5176 illos,

499 5233 714 5275 causam
742 5217 869 5286 ipsis
909 5212 1162 5269 adscribit
1193 5229 1206 5264 :
1237 5209 1329 5266 42.
1359 5206 1561 5262 Esurivi
1589 5207 1741 5273 enim,
1790 5216 1834 5259 et
1865 5223 1962 5259 non
1995 5206 2085 5260 de-

504 5311 648 5364 distis
674 5309 798 5362 mihi
829 5305 1152 5360 manducare.
1193 5300 1412 5356 Etiamsi
1465 5299 1606 5354 enim
1655 5297 1899 5350 inimicus
1943 5308 2087 5351 esset

506 5403 552 5456 is
606 5401 692 5471 qui
726 5397 1036 5458 accedebat,
1070 5408 1246 5449 annon
1278 5391 1409 5446 satis
1447 5399 1599 5445 erant
1651 5404 1905 5442 aerumna:
1961 5389 2083 5453 illae,

505 5501 563 5545 ut
591 5492 674 5545 vel
719 5486 1194 5544 immisericordem
1238 5482 1514 5538 ﬂecterent
1565 5491 1617 5535 et
1658 5480 1981 5549 frangerent,
2010 5479 2088 5531 fa-

508 5596 643 5647 mes,
677 5580 864 5650 frigus,
903 5579 1134 5644 vincula,
1166 5574 1399 5638 auditas,
1430 5571 1732 5635 inﬁrmitas,
1764 5569 1941 5640 vagari
1972 5569 2088 5625 sine

498 5675 680 5732 tecto?
707 5672 832 5728 llmc
858 5669 1183 5726 inimicitiam
1208 5667 1416 5724 solvere
1443 5672 1706 5735 poterant.
1740 5665 1806 5721 At
1842 5677 1936 5718 vos
1971 5663 2086 5719 lucc

1206 262 1264 320 5.
1293 254 1582 319 'JOANNIS
1619 253 2091 316 CEIRYSOSTOMI
2129 256 2442 316 ARCHIEP.
2484 260 2994 319 CONSTANTINOP

3655 270 3763 326 7‘30

2182 387 2287 428 non
2311 376 2641 439 prmstabatis
2670 376 2862 442 amico,
2890 393 2992 431 non
3025 377 3374 445 benefactori,
3400 395 3504 434 non
3537 381 3768 438 homno

2180 473 2377 520 vestro.
2412 465 2468 521 Si
2496 481 2680 521 canem
2711 468 2986 522 videamus
3011 469 3354 536 esurientem,
3378 483 3520 539 saepe
3562 462 3765 542 frangi-

2178 574 2334 624 mur;
2369 560 2472 613 imo
2513 560 2556 614 si
2597 559 2734 615 feras
2778 561 3050 615 videamus
3083 565 3397 627 esurientes,
3452 560 3716 620 ﬁeetinutr
3747 607 3764 622 .

2178 662 2374 734 etcum
2419 653 2698 708 Dominum
2729 664 2873 708 tuum
2905 655 3073 717 vides,
3107 670 3209 709 non
3256 654 3518 710 ﬂecteris?
3546 673 3645 727 qua
3675 675 3766 712 ra-

2181 745 2322 799 tione
2348 745 2461 799 haec
2492 755 2738 814 poterunt
2764 748 3052 802 excusari?
3077 746 3206 801 Nam
3249 749 3291 801 si
3321 748 3371 801 id
3397 742 3567 802 solum
3594 760 3763 814 esset,

2179 851 2355 890 nonne
2376 837 2642 891 sufficeret
2673 837 2736 891 ad
2789 838 3129 892 mercedem?
3170 854 3272 890 non
3313 838 3452 900 dion,
3502 849 3560 892 ut
3599 840 3762 893 talem

2178 941 2358 980 vocem
2383 927 2510 981 orbe
2539 938 2803 996 priesente
2832 928 2899 981 ab
2919 942 2984 982 eo
3009 928 3097 997 qui
3124 927 3273 982 sedet
3301 928 3352 981 in
3377 929 3512 982 solio
3539 941 3764 997 paterno

2177 1019 2381 1084 audias,
2409 1030 2460 1073 et
2505 1027 2727 1090 regntIm
2759 1023 3120 1090 consequaris,
3154 1022 3245 1075 sed
3275 1020 3376 1076 hoc
3411 1024 3582 1089 ipsum
3614 1023 3762 1090 quod

2180 1111 2566 1167 fecerisnonne
2595 1115 2726 1167 satis
2752 1128 2894 1167 esset
2933 1113 2998 1167 ad
3046 1114 3385 1168 mercedem?
3405 1113 3554 1168 Nunc
3578 1124 3760 1170 autem

2177 1203 2308 1257 orbe
2352 1213 2634 1272 praesente,
2686 1213 2739 1258 et
2784 1203 3033 1258 ineffabili
3091 1205 3177 1257 illa
3229 1213 3533 1274 apparente'
3567 1206 3756 1275 gleria,

2177 1295 2429 1363 praedicat
2454 1306 2506 1350 et
2550 1305 2768 1350 coronat
2809 1305 2881 1360 te,
2931 1297 3334 1366 promnlgatque
3373 1297 3654 1351 nutricium
3701 1308 3759 1353 et

2178 1386 2437 1455 hospitem
2471 1405 2482 1440 :
2516 1402 2687 1456 neque
2717 1388 2980 1441 erubescit
3002 1387 3117 1442 haec
3145 1387 3346 1450 dicens,
3380 1397 3436 1440 ut
3466 1389 3558 1442 tibi
3580 1389 3761 1458 splen-

2178 1477 2437 1532 didiorem
2462 1492 2716 1532 coronam
2752 1477 2962 1532 reddat.
2997 1478 3072 1531 Ex
3103 1478 3286 1547 gratiae
3322 1476 3639 1532 liberalitate
3665 1494 3758 1534 co-

2178 1585 2305 1621 rona
2337 1569 2513 1623 datur.
2543 1569 2665 1624 ldeo
2707 1570 2778 1623 illi
2803 1570 2944 1639 juste
2989 1570 3298 1640 puniuntur,
3349 1568 3400 1622 hi
3431 1578 3760 1625 coronantur

2177 1674 2272 1726 per
2299 1661 2540 1728 gratiam.
2571 1659 2685 1713 Etsi
2717 1658 2857 1713 enim
2899 1661 3060 1713 millia
3094 1659 3229 1712 bona
3279 1675 3440 1727 Opera
3481 1660 3753 1726 fecissent,

2176 1751 2357 1820 gratia:
2388 1751 2676 1804 liberalitas
2710 1760 2810 1813 est,
2841 1750 2980 1819 quod
3021 1751 3089 1802 ita
3125 1765 3222 1819 pro
3247 1750 3479 1802 minimis
3506 1752 3759 1818 cperibus

2180 1852 2380 1895 tantum
2411 1843 2618 1907 cznlutn,
2655 1851 2854 1895 tantum
2900 1856 3121 1910 regnum
3168 1841 3323 1895 detur
3365 1841 3416 1894 in
3450 1844 3750 1910 praemium.

2182 1933 2328 2006 (Cap.
2352 1933 2541 2003 XXVI)
2573 1935 2624 1988 1.
2656 1932 2722 1986 Et
2748 1935 2935 2003 factum
2961 1945 3034 1986 est
3054 1949 3166 1986 cum
3197 1943 3586 1986 consummasset
3607 1933 3770 1987 Jesus

2177 2029 2268 2081 hos
2297 2045 2567 2090 sermones,
2600 2027 2728 2080 dixit
2761 2027 3020 2095 discipulis
3047 2027 3150 2079 suis
3181 2025 3275 2078 :2.
3307 2025 3459 2079 Scitis
3496 2026 3614 2095 quia
3650 2037 3758 2093 post

2178 2121 2384 2192 biduum
2415 2121 2602 2189 pascha
2635 2121 2736 2185 ﬁet,
2769 2129 2815 2173 et
2843 2117 3009 2172 Filius
3039 2119 3252 2170 hominis
3296 2118 3520 2174 tradetur
3559 2128 3613 2169 ut
3642 2134 3761 2170 eru-

2178 2213 2432 2281 ci/igatnr.
2489 2212 2691 2265 Rursus
2745 2219 3044 2280 Opportune
3090 2210 3158 2263 de
3205 2211 3451 2278 passione
3502 2209 3758 2278 loquitur,

2179 2304 2390 2372 quando
2420 2303 2488 2356 do
2513 2318 2694 2372 regno,
2721 2302 2787 2355 de
2815 2302 3163 2355 retributione
3195 2299 3384 2365 futura,
3416 2309 3468 2353 et
3493 2299 3560 2352 de
3597 2309 3758 2352 a-ter-

2181 2399 2262 2450 nis
2282 2397 2598 2450 cruciatibus
2623 2395 2778 2449 verba
2807 2394 3034 2460 fecerat;
3062 2409 3122 2447 ae
3144 2394 3185 2446 si
3204 2393 3404 2447 diceret
3431 2409 3443 2444 :
3467 2391 3571 2446 Cur
3605 2393 3762 2446 time-

2184 2490 2250 2542 tis
2265 2489 2329 2543 de
2351 2487 2709 2556 temporaneis
2731 2486 2904 2550 malis,
2925 2500 3043 2539 cum
3075 2485 3194 2538 talia
3215 2499 3308 2538 vos
3329 2484 3762 2536 maneauthona?

2252 2583 2303 2635 5.
2339 2580 2413 2634 Tu
2443 2596 2568 2633 vero
2591 2579 2718 2632 mihi
2745 2576 3051 2631 consideres
3078 2577 3236 2630 velim
3259 2575 3524 2644 quomodo
3548 2573 3597 2627 id
3621 2574 3761 2642 quod

2182 2673 2301 2725 illos
2332 2673 2560 2725 maxime
2585 2670 2831 2738 angebat,
2867 2684 2988 2722 cum
3020 2677 3134 2720 arte
3165 2682 3296 2718 nova
3326 2665 3556 2733 quadam
3585 2665 3634 2717 in
3667 2679 3764 2717 su-

2184 2765 2478 2834 perioribus
2508 2762 2921 2817 adumbraverit.
2949 2759 3063 2814 Non
3094 2759 3233 2812 enim
3263 2757 3411 2815 dixit.
3444 2756 3608 2811 Scitis
3640 2756 3765 2822 quia

2185 2865 2303 2924 post
2323 2854 2457 2908 duos
2485 2854 2598 2907 dies
2631 2853 2842 2914 tradar;
2891 2851 2982 2904 sed
3011 2849 3171 2920 quid?
3220 2848 3370 2902 Scitis
3407 2848 3525 2916 quia
3555 2856 3662 2914 post
3693 2847 3768 2899 bi-

2183 2947 2339 2997 duum
2371 2945 2554 3013 pascha
2583 2944 2688 3010 ﬁet,
2721 2953 2778 2999 et.
2799 2941 2968 2995 Filius
3009 2941 3224 2994 hominis
3261 2939 3527 3000 tradetur;
3559 2947 3612 2990 et
3640 2947 3766 2990 tunc

2183 3038 2381 3106 adjicit,
2417 3035 2482 3091 Ut
2511 3035 2834 3105 cruci/igatur
2856 3051 2874 3099 ;
2900 3032 3189 3088 ostendens
3222 3031 3533 3102 mysterium
3560 3043 3684 3084 esse
3715 3028 3767 3082 id

2182 3129 2323 3199 quod
2357 3129 2531 3194 ﬁebat,
2566 3128 2756 3182 festum
2786 3136 2840 3182 et
2867 3125 3227 3180 celebritatem
3253 3122 3317 3176 ad
3349 3122 3575 3175 salutem
3619 3121 3767 3173 orbis

2183 3223 2394 3288 lact-tm,
2421 3232 2474 3277 et
2503 3237 2560 3276 se
2605 3236 2878 3290 passurum
2909 3233 3050 3283 esse,
3097 3232 3215 3271 cum
3246 3215 3422 3269 omnia
3462 3212 3766 3283 prmscivis-

2184 3324 2283 3370 set.
2312 3314 2434 3368 Ideo
2460 3314 2609 3384 quasi
2635 3313 2736 3366 hoc
2771 3311 2900 3366 satis
2935 3320 3075 3365 esset
3104 3306 3170 3363 ad
3195 3308 3617 3362 consolationem
3646 3307 3767 3360 illu-

2183 3421 2320 3465 rum.
2357 3405 2489 3458 nihil
2527 3405 2631 3458 illis
2668 3417 2810 3458 nunc
2839 3401 3060 3456 dicitde
3107 3399 3501 3454 resurrectione
3535 3414 3546 3449 :
3579 3413 3767 3466 snper-

2184 3496 2345 3549 ﬁnum
2369 3496 2509 3549 enim
2531 3493 2740 3556 fuisset,
2762 3502 3036 3561 postquam
3059 3500 3130 3544 tot
3153 3498 3398 3557 tantaque
3416 3489 3762 3549 disseruerat,

2185 3588 2251 3642 de
2299 3587 2384 3640 illa
2437 3587 2629 3640 iterum
2661 3584 2858 3638 dicere.
2900 3582 3146 3650 Alioquin
3203 3595 3356 3644 vero,
3391 3589 3442 3632 ut
3470 3579 3580 3647 jam
3633 3579 3763 3642 dixi,

2185 3678 2420 3733 ostendit
2445 3679 2611 3746 ipsam
2636 3676 2935 3744 passionem
2967 3689 2995 3726 a
3025 3673 3165 3726 mille
3192 3671 3343 3724 malis
3374 3671 3619 3724 homines
3639 3671 3765 3722 lihe-

2185 3785 2325 3830 rare.
2379 3769 2504 3823 dum
2538 3783 2633 3836 per
2679 3765 2868 3835 pascha
2901 3773 3080 3819 vetera
3123 3762 3378 3818 beneﬁcia
3430 3761 3480 3814 in
3536 3749 3770 3830 {Egypr

2187 3864 2417 3933 prtestita
2449 3867 2847 3915 commemorat.
2879 3859 2931 3912 '5.
2968 3856 3104 3908 Tunc
3153 3853 3435 3924 congregati
3481 3863 3598 3905 sunt
3635 3853 3770 3920 prin-

2185 3957 2319 4025 cipes
2361 3954 2690 4016 sacerdotum,
2719 3951 2914 4015 scribae,
2959 3959 3004 4002 et
3053 3948 3269 4001 seniores
3317 3944 3490 4016 papuli
3541 3946 3594 3996 in
3638 3945 3768 3996 atrio

2185 4046 2366 4100 summi
2392 4044 2679 4109 sacerdotis,
2727 4043 2810 4110 qui
2840 4039 3107 4095 vocabatur
3149 4038 3388 4106 Caiphas,
3429 4037 3481 4090 4.
3529 4046 3573 4087 et
3603 4036 3768 4088 consi-

2187 4137 2309 4190 lium
2343 4137 2558 4188 inierunt
2597 4144 2648 4187 ut
2681 4133 2856 4186 Iesum
2895 4131 3011 4184 dolo
3039 4139 3278 4190 tenerent,
3307 4138 3351 4180 et
3379 4125 3680 4181 occiderent.
3709 4127 3762 4180 5.

2186 4227 2428 4281 Dicebant
2459 4236 2641 4290 autem,
2676 4223 2795 4277 Non
2825 4225 2877 4276 in
2907 4223 2988 4276 die
3013 4226 3157 4293 festo,
3192 4237 3254 4273 ne
3285 4219 3525 4272 tumultus
3553 4221 3690 4288 ﬁeret
3716 4219 3768 4271 in

2188 4319 2397 4389 populo.
2441 4318 2630 4371 Vidisti
2661 4318 2944 4370 maximam
2991 4313 3331 4368 Judaicarum
3377 4322 3554 4366 rerum
3585 4329 3769 4366 corru.

2189 4410 2461 4480 ptionem?
2495 4410 2596 4464 Res
2627 4411 2832 4477 iniquas
2859 4406 3249 4476 aggredientes,
3287 4405 3352 4456 ad
3381 4420 3650 4457 summum
3680 4420 3767 4458 sa-

2188 4501 2459 4556 cerdotem
2487 4500 2723 4564 veniunt,
2752 4498 2876 4552 dum
2908 4497 3028 4550 inde
3054 4497 3236 4549 volunt
3279 4503 3596 4563 potestatem
3623 4495 3766 4548 acci-

2189 4609 2316 4664 pere
2345 4592 2484 4646 unde
2515 4589 2757 4660 impediri
2793 4587 3091 4659 oportebat.
3130 4585 3199 4639 Et
3227 4594 3357 4653 quot
3395 4593 3548 4638 erant
3576 4585 3768 4638 summi

2187 4682 2529 4738 sacerdotes?
2555 4682 2664 4735 Lex
2692 4682 2835 4735 enim
2857 4694 3017 4734 unum
3041 4691 3158 4732 esse
3184 4677 3293 4730 vult
3317 4694 3331 4729 :
3355 4675 3447 4730 sed
3474 4686 3599 4730 tunc
3620 4675 3770 4729 multi

2189 4786 2358 4831 erant.
2388 4775 2538 4831 Unde
2568 4775 2738 4842 palam
2757 4781 2858 4836 est,
2890 4771 3106 4825 Judaica
3130 4770 3239 4838 jam
3271 4768 3489 4823 dissolvi
3515 4770 3770 4838 ccepisse.

2188 4867 2396 4938 Moyses
2425 4866 2588 4929 enim,
2621 4873 2680 4919 ut
2707 4863 2835 4927 dixi,
2862 4876 3024 4917 unum
3051 4875 3170 4914 esse
3195 4859 3352 4929 jussit
3382 4877 3394 4913 :
3426 4873 3533 4930 quo
3560 4870 3771 4914 mortuo

2188 4959 2349 5012 alium
2404 4957 2584 5026 deligi,
2629 4956 2679 5009 in
2730 4955 2992 5024 ltujusque
3029 4952 3136 5006 vita
3179 4952 3421 5006 exsilium
3467 4953 3772 5006 terminavit

2189 5066 2372 5106 eorum
2422 5049 2511 5119 qui
2577 5047 2926 5102 involuntarie
2990 5059 3177 5099 necem
3235 5044 3394 5097 alicui
3448 5044 3771 5098 intulissent.

2189 5141 2468 5211 Quomodo
2514 5141 2672 5208 igitur
2719 5148 2844 5192 tunc
2897 5136 3044 5190 multi
3093 5134 3396 5190 sacerdotes
3435 5133 3557 5204 (a)?
3600 5135 3769 5188 Anuui

2190 5236 2442 5304 deinceps
2467 5233 2590 5288 facti
2617 5241 2760 5286 sunt.
2796 5231 2905 5284 Hoc
2930 5227 3246 5299 signiﬁcavit
3270 5227 3616 5296 evangelista,
3651 5243 3770 5280 cum

2191 5329 2257 5385 de
2286 5329 2539 5384 Zacharia
2585 5327 2912 5396 loqueretur,
2942 5322 3127 5376 dicens
3157 5320 3305 5374 illum
3354 5319 3516 5373 fuisse
3562 5317 3637 5372 De
3675 5321 3775 5370 vice

2256 5482 2328 5546 (a)
2354 5483 2408 5531 In
2433 5488 2593 5530 Grmoo
2617 5481 2798 5542 legitur
2821 5491 3013 5546 ἀρχιφιξς,
3051 5477 3097 5525 id
3140 5480 3236 5546 est,
3270 5471 3448 5546 summi
3480 5471 3774 5546 sacerdotes.

2193 5533 2557 5606 Cltry'sostomus
2580 5549 2632 5591 ut
2658 5533 2792 5606 patet
2832 5533 3342 5606 é"s'ubs_equentibns,
3369 5535 3569 5596 putabat
3603 5533 3774 5606 gaetu-

2193 5594 2313 5655 riau'i
2335 5606 2527 5654 Joannis
2548 5594 2767 5666 Baptistae
2787 5607 2977 5664 patrem
3009 5594 3158 5648 fuisse
3179 5594 3418 5666 summum
3444 5594 3771 5666 sacerdotem.

2190 5672 2288 5725 Alit
2315 5683 2459 5721 secus
2495 5665 2800 5747 existimant.
2844 5669 2900 5722 V.
2925 5666 3106 5720 Adnot.
3131 5665 3291 5728 Field,
3313 5666 3373 5716 ad
3391 5680 3443 5730 p.
3469 5665 3581 5716 761.
