4104 6218
432 375 527 429 73.1

431 488 556 542 Abiu
579 487 733 559 (Luc.
766 489 815 546 ι.
848 488 924 559 5).
969 486 1244 557 Principes
1282 487 1440 557 igitur
1480 486 1812 540 sacerdotum
1847 485 2008 539 fuisse

431 580 560 632 dicit
605 595 721 646 eos,
770 581 860 651 qui
905 579 973 635 de
1017 579 1342 648 principibus
1389 577 1723 631 sacerdotum
1779 576 2004 630 fuerant.

431 671 583 737 Quod
614 680 789 725 autem
819 671 1098 725 consilium
1131 669 1396 724 inierunt?
1426 677 1482 722 ut
1523 683 1642 723 eum
1679 668 1812 722 clam
1854 682 2010 736 cape-

432 762 586 815 rent?
607 770 698 814 aut
731 761 1146 815 ntoccidereut?
1170 760 1461 828 Utrumque
1491 776 1504 811 :
1533 759 1788 813 timebant
1817 757 1960 811 enim
1988 757 2005 787 ί

432 851 659 920 plebem.
713 851 836 906 Ideo
875 853 1146 920 praeterire
1197 851 1384 906 festum
1437 851 1714 915 volebant;
1765 849 2009 904 dicebant

417 944 592 1006 enim,
637 941 757 996 Non
783 944 834 996 in
869 944 950 996 die
976 946 1123 1013 festo.
1165 942 1296 996 Nam
1335 942 1596 1004 diabolus,
1630 958 1695 996 ne
1727 941 2007 996 manifesta

433 1034 609 1100 passio
636 1043 800 1093 esset.
827 1033 1039 1088 nolebat
1064 1034 1234 1087 occidi
1256 1034 1310 1086 in
1339 1033 1622 1102 paschale;
1657 1033 1729 1086 illi
1768 1048 1914 1098 vero,
1944 1047 2010 1086 ne

415 1123 687 1176 .tunntltus
709 1133 869 1178 esset.
912 1123 1290 1178 Animadverte
1313 1132 1488 1176 autent
1516 1124 1634 1176 illos
1670 1124 1877 1186 timere,
1904 1137 2008 1176 non

418 1213 623 1275 TDcum,
669 1228 841 1282 neque
869 1228 937 1266 ne
966 1214 1138 1282 majus
1168 1215 1342 1268 scelus
1371 1223 1514 1270 esset
1544 1229 1572 1266 a
1603 1223 1879 1282 tempore;
1913 1213 2007 1269 sed

435 1306 625 1374 ultique
651 1304 877 1359 humana
902 1314 1161 1360 metuere.
1194 1308 1440 1361 Altamen
1489 1307 1669 1360 animo
1713 1307 2005 1370 ferventes,

418 1409 613 1465 “puStea
663 1400 984 1454 sententiam
1035 1407 1323 1452 mutarunt.
1369 1399 1497 1452 Cum
1543 1398 1800 1452 dixissent
1842 1398 2006 1463 enim,

436 1488 555 1543 Non
592 1491 644 1543 in
691 1491 774 1546 die
822 1491 971 1560 (esto,
1017 1507 1136 1545 cum
1187 1491 1510 1560 proditorem
1557 1492 1898 1556 invenissent,
1943 1493 2010 1547 de

434 1589 672 1648 tempore
707 1596 811 1636 non
839 1590 1109 1646 curarunt,
1139 1581 1231 1635 sed
1274 1583 1326 1635 in
1376 1581 1491 1651 ipso
1520 1581 1656 1636 festo
1681 1582 2006 1637 occiderunt.

431 1671 538 1724 Cur
563 1681 739 1728 autem
773 1673 916 1727 illum
950 1682 1073 1727 tunc
1098 1673 1399 1740 ceperunt?
1437 1674 1501 1726 Et
1526 1671 1705 1728 furore
1733 1671 2005 1740 ardentes,

432 1772 488 1814 ιιι
513 1762 640 1827 dixi,
669 1772 723 1818 et
751 1763 889 1832 quod
919 1774 1044 1818 tunc
1069 1777 1126 1817 se
1151 1764 1296 1816 illum
1329 1763 1640 1817 inventuros
1672 1776 1790 1816 esse
1829 1776 2010 1831 Spera-

432 1863 570 1916 rent,
604 1861 763 1924 atque
791 1855 970 1908 omnia
1000 1854 1150 1923 quasi
1171 1854 1296 1908 caeci
1337 1853 1590 1908 facerent.
1635 1853 1745 1907 Etsi
1783 1853 2010 1908 maxime

432 1943 523 1996 ille
555 1944 788 2009 ipsorum
812 1945 1047 2014 nequitia
1074 1944 1138 1998 ad
1171 1945 1434 2013 pr0priam
1467 1953 1704 1997 uteretur
1726 1943 2008 2012 dispensa-

433 2038 666 2098 tionem;
700 2051 804 2088 non
835 2035 954 2090 ideo
982 2036 1099 2090 sine
1141 2036 1293 2104 culpa
1333 2045 1502 2100 erant,
1546 2034 1640 2088 sed
1684 2034 1826 2088 mille
1865 2034 2009 2103 digiti

431 2124 756 2179 cruciatibus
785 2125 853 2178 ob
881 2125 983 2180 tale
1014 2126 1362 2194 propositum.
1391 2125 1611 2190 Quando
1639 2126 1794 2194 igitur
1822 2139 2010 2179 omnes

417 2215 698 2286 etiamque
729 2216 916 2271 noxios
937 2218 1069 2271 solvi
1095 2216 1392 2285 Oportebat,
1428 2227 1550 2270 tunc
1573 2215 1645 2268 illi
1675 2217 2008 2270 innocentem

431 2306 760 2373 occiderunt,
791 2307 880 2376 qui
914 2307 1039 2376 ipsis
1081 2307 1225 2360 mille
1253 2304 1508 2361 beneficia
1538 2305 1858 2372 contulerat,
1885 2305 2009 2372 qui-

431 2411 534 2463 que
557 2405 768 2464 propter
794 2396 912 2451 illos
939 2395 1148 2451 interim
1176 2403 1360 2465 gentes
1398 2394 1674 2464 negligere
1710 2393 2006 2448 videbatur.

429 2485 556 2552 Sed,
589 2503 621 2541 o
643 2488 1019 2557 benignitatem
1044 2491 1056 2541 !
1089 2488 1344 2544 scelestos
1374 2488 1494 2542 illos
1524 2490 1592 2541 ita
1617 2502 1831 2556 pravos,
1861 2487 2009 2542 mille

431 2578 586 2632 malis
615 2589 860 2647 onustos,
891 2595 1075 2635 rursus
1112 2580 1285 2634 salvos
1315 2579 1458 2645 facit,
1501 2580 1765 2649 mittitque
1792 2591 2009 2649 aposto-

429 2667 512 2720 los
540 2683 637 2736 pro
675 2670 801 2738 ipsis
836 2671 1178 2737 occidendos,
1205 2682 1259 2726 et
1287 2687 1383 2740 pro
1418 2672 1543 2740 ipsis
1569 2672 2010 2741 supplicationem

429 2758 642 2811 emittit.
674 2757 780 2812 Pro
810 2759 1009 2814 (.‘Itriato
1037 2762 1177 2815 enim
1208 2762 1454 2831 legatione
1483 2763 1743 2833 fungimur
1776 2762 1851 2834 (2.
1890 2764 2006 2816 Cor.

427 2847 465 2901 5
502 2848 614 2920 20),
637 2849 821 2919 inquit.
848 2850 994 2904 Talia
1015 2851 1172 2920 igitur
1187 2853 1426 2920 exempla
1447 2853 1718 2918 habentes,
1739 2869 1846 2908 non
1865 2854 2006 2919 dico,

432 2942 720 2996 moriamur
747 2957 844 3011 pro
889 2944 1138 3006 inimicis,
1171 2944 1294 2998 licet
1323 2945 1424 2999 hoc
1451 2960 1660 3015 quoque
1689 2957 1959 3015 oporteret
1991 2966 2006 3002 :

430 3031 524 3084 sed
553 3032 672 3102 quia
703 3033 1019 3088 infirmiores
1039 3050 1241 3098 sumus,
1272 3035 1398 3088 illud
1425 3036 1629 3090 interim
1652 3037 1790 3101 dico,
1817 3040 2004 3092 saltem

433 3137 499 3177 ne
524 3122 686 3177 livore
715 3124 971 3177 ducamur
1000 3140 1121 3194 erga
1153 3126 1370 3190 amicos,
1401 3141 1468 3179 ne
1497 3126 1825 3182 invideamus
1853 3127 2008 3182 benc-

432 3212 734 3267 factoribus.
783 3214 1024 3269 Nondum
1052 3216 1191 3279 dico,
1224 3217 1359 3269 mala
1406 3217 1554 3270 nobis
1596 3218 1882 3274 inferentes
1910 3219 2005 3274 be-

432 3308 620 3361 neficio
667 3307 959 3363 afficiamus
991 3327 1002 3362 :
1034 3309 1160 3363 illud
1209 3321 1355 3364 certe
1405 3326 1692 3378 cuperem;
1739 3314 1832 3367 sed
1885 3315 2005 3383 quia

429 3399 718 3454 crassiores
779 3403 940 3464 estis,
977 3402 1165 3454 saltem
1209 3402 1328 3454 illos
1374 3417 1438 3454 ne
1483 3402 1834 3457 nlciseamini.
1869 3404 2003 3457 Num

424 3504 588 3544 scena
631 3499 751 3544 sunt
784 3500 985 3556 nostra,
1039 3506 1164 3544 num
1206 3491 1550 3544 ltistrionica?
1585 3491 1690 3545 Cur
1795 3493 2009 3552 veritati

425 3595 494 3634 ex
521 3581 780 3636 diametro
822 3583 1048 3651 oppositi
1095 3582 1257 3636 estis?
1300 3581 1414 3635 Non
1459 3583 1574 3637 sine
1607 3596 1767 3636 causa
1810 3583 2006 3652 scripta

429 3681 553 3725 sunt
581 3684 690 3726 tum
717 3673 818 3726 alia
843 3673 1043 3738 omnia,
1078 3682 1186 3726 tum
1217 3687 1276 3726 ca
1308 3689 1424 3742 quae
1452 3673 1624 3726 crucis
1663 3681 1899 3739 tempore
1928 3673 2007 3728 fe-

425 3763 520 3825 cit.
545 3777 662 3832 quae
688 3763 984 3831 potuissent
1008 3778 1101 3816 eos
1128 3776 1406 3825 revocare;
1437 3761 1530 3816 sed
1564 3771 1619 3815 ut
1647 3761 1868 3818 imiteris
1893 3763 2008 3832 ejus

430 3851 740 3918 bonitatem,
767 3863 822 3908 ut
847 3853 1113 3907 aemuleris
1136 3853 1531 3923 benignitatem.
1561 3853 1691 3907 Nam
1709 3863 1762 3909 et
1787 3856 2006 3924 supinos

424 3943 550 3998 illos
579 3945 826 4013 conjecit,
864 3955 918 3999 et
955 3943 1246 3997 auriculam
1282 3943 1476 3997 famqu
1506 3946 1755 4009 restituit,
1804 3956 2006 4000 etcum

427 4035 686 4090 modestia
718 4034 1028 4104 respondit:
1059 4043 1113 4087 et
1141 4050 1327 4104 magna
1355 4035 1408 4088 in
1436 4049 1593 4088 cruce
1622 4043 1830 4090 erectus
1854 4037 2007 4090 mira-

427 4127 546 4182 cula
575 4126 760 4192 edidit,
785 4125 962 4180 radios
991 4125 1192 4180 solares
1232 4133 1495 4190 avertens,
1529 4134 1704 4194 petras
1733 4127 2001 4194 scindens,

429 4228 668 4274 mortuos
706 4219 988 4282 suscitans,
1014 4216 1207 4286 judicis
1232 4233 1452 4272 uxorem
1486 4232 1580 4286 per
1617 4218 1818 4272 somnia
1847 4220 2004 4272 terri-

429 4321 564 4374 tans,
591 4311 641 4363 in
685 4311 800 4379 ipso
836 4310 1037 4379 judicio
1077 4323 1291 4363 omnem
1338 4307 1794 4362 mansuetudinem
1846 4309 2000 4363 exhi-

428 4403 579 4466 bens,
609 4419 726 4472 qute
771 4417 874 4456 non
926 4404 1100 4455 minus
1140 4417 1298 4471 quam
1342 4402 1595 4456 miracula
1643 4411 1821 4469 posset
1860 4403 2003 4471 ipsos

424 4493 711 4556 attrahere,
744 4495 904 4546 multa
938 4493 1231 4561 prtedicens
1269 4492 1321 4544 in
1345 4491 1565 4561 judicio,
1599 4492 1649 4544 itt
1693 4492 1804 4561 ipsa
1845 4508 2002 4547 cruce

424 4586 679 4647 clamans,
721 4583 898 4649 Pater,
941 4584 1133 4636 dimitte
1165 4583 1266 4636 illis
1309 4583 1402 4635 hoc
1431 4593 1686 4650 peccatum
1719 4581 1864 4654 (Luc.
1906 4583 1997 4638 2'5.

421 4677 539 4742 δι).
571 4676 818 4744 Sepultus
870 4691 1016 4738 vero,
1064 4684 1194 4743 quot
1232 4673 1298 4728 ad
1330 4674 1538 4727 illorum
1584 4674 1806 4726 salutem
1849 4675 2001 4728 exhi-

425 4766 580 4819 buit?
612 4783 732 4819 cum
763 4765 1140 4818 resurrevisset
1165 4774 1362 4829 autem,
1389 4778 1564 4817 annon
1591 4763 1768 4817 statim
1786 4763 2001 4821 Judatos

423 4856 662 4909 vocavit?
692 4870 867 4908 annon
885 4855 1089 4908 veniam
1117 4863 1452 4924 peccatorum
1484 4853 1670 4906 dedit?
1692 4870 1866 4908 :mnon
1885 4870 1999 4910 sex-

421 4956 575 4999 centa
599 4947 731 4999 bona
756 4945 1016 4999 Contulit?
1040 4945 1174 5012 Quid
1201 4944 1299 4998 hoc
1327 4944 1656 4998 mirabilius?
1687 4946 1784 5013 Qui
1828 4948 1998 5001 cruci-

423 5041 664 5102 lixcrant,
697 5037 787 5106 qui
833 5053 1018 5091 necem
1061 5035 1350 5105 spirabant,
1396 5047 1676 5106 postquam
1722 5039 1998 5093 crucifixe-

420 5138 542 5182 runt
566 5143 707 5192 eum,
742 5128 834 5182 filii
866 5127 956 5182 Dei
997 5128 1118 5183 lacti
1149 5137 1293 5182 sunt.
1334 5128 1471 5196 Quid
1501 5128 1622 5183 huic
1652 5130 1996 5198 providentia

423 5238 518 5290 par
538 5222 664 5276 est?
694 5221 818 5276 Htec
860 5221 1135 5276 audientes
1165 5236 1272 5290 pra:
1311 5221 1514 5291 pudore
1561 5237 1658 5277 nos
1704 5222 1998 5279 absconda-

421 5329 559 5375 tnns,
591 5312 732 5382 quod
761 5321 962 5366 tantum
991 5310 1252 5367 distentus
1281 5311 1346 5366 ab
1376 5313 1483 5377 illo,
1512 5327 1671 5382 quem
1698 5313 1890 5368 imitari
1909 5315 1996 5382 ju-

419 5402 629 5457 bemur.
663 5401 948 5456 Videamus
981 5409 1173 5470 quanta
1213 5402 1279 5455 sit
1321 5401 1676 5470 intercapedo,
1711 5412 1764 5456 ut
1805 5403 1994 5456 saltem

421 5507 519 5546 nos
545 5491 878 5558 damnemus,
902 5507 967 5546 eo
996 5491 1136 5561 quod
1164 5491 1282 5546 illos
1322 5492 1708 5561 impugnemus,
1750 5507 1847 5560 pro
1874 5494 1992 5562 qui-

419 5583 517 5637 bus
545 5583 788 5637 Christus
812 5583 1042 5636 animam
1073 5583 1277 5652 posuit;
1311 5596 1407 5635 nec
1432 5581 1531 5635 illis
1557 5582 1779 5636 velimus
1801 5597 1991 5637 recon-

484 5674 500 5701 ¹
517 5671 674 5741 ‘Anpud
687 5671 806 5722 alios
827 5671 1126 5741 εἱρεπειήιρι-
1147 5671 1241 5741 _ltic
1274 5670 1407 5741 locus
1429 5685 1440 5718 :
1473 5676 1530 5719 Iit
1554 5683 1663 5741 eum
1686 5669 1991 5741 clamnequ-

419 5737 526 5841 zent
548 5731 676 5804 funt
703 5741 754 5784 ut
777 5731 1048 5784 occiderent
1070 5731 1094 5781 ?
1113 5731 1212 5783 sive
1234 5737 1286 5782 ut
1306 5738 1556 5792 utrumque
1579 5733 1790 5792 facerent
1813 5732 1838 5783 ?
1860 5731 1992 5786 time-

453 5805 533 5844 ιιιιι
551 5808 693 5845 munt.

1345 371 1410 426 ΙΝ
1445 367 1850 426 ΜΑΤΤΙΙᾹΞΗΜ
1890 363 2118 421 HOMlL.
2153 364 2387 421 LXXIX.
2427 366 2502 420 al.
2545 367 2758 422 LXXX.

3591 371 3688 424 72⁵1

2113 482 2301 547 eiliari,
2338 499 2471 552 quos
2510 493 2568 539 ut
2600 484 3002 550 reconciliaret,
3047 500 3147 540 nec
3199 488 3368 542 occidi
3408 499 3690 544 recusavit.

2113 574 2193 626 An
2220 588 2454 642 expensa
2479 584 2638 630 estet
2662 577 3001 644 pecuniarum
3027 575 3284 646 profusio,
3312 577 3524 646 quodin
3550 579 3690 635 cice-

2112 678 2332 735 mosyna
2367 665 2654 721 obtenditis
2681 667 2703 721 ?

2182 757 2237 810 4.
2277 755 2591 826 Injuriarum
2632 758 2858 812 remissio
2909 768 2955 811 et
2998 758 3175 812 oblivio
3220 757 3588 812 desiderantur.
3621 789 3691 801 —

2114 845 2294 913 Cogita
2339 862 2494 914 quam
2526 849 2712 901 noxius
2751 849 2844 914 sis,
2871 860 2922 902 et
2948 864 3050 902 non
3081 849 3239 903 modo
3271 865 3375 902 non
3413 852 3684 906 recusabis

2116 936 2433 991 laedentibus
2460 948 2508 992 te
2530 939 2735 992 veniam
2773 940 2920 1005 dare,
2951 941 3044 994 sed
3071 942 3229 995 etiam
3259 940 3324 994 ad
3358 942 3477 996 illos
3501 957 3688 996 accur-

2115 1044 2221 1094 res,
2251 1040 2306 1083 ut
2343 1030 2435 1083 tibi
2465 1030 2513 1084 id
2543 1030 2609 1085 sit
2643 1032 2973 1088 remissionis
2999 1035 3230 1099 occasio,
3257 1043 3310 1087 ut
3340 1036 3679 1104 propriorum

2117 1122 2209 1176 tibi
2241 1123 2496 1178 malorum
2521 1117 2950 1180 consolationem
2976 1129 3229 1196 reperias.
3263 1128 3501 1186 Gentiles
3545 1146 3688 1201 saepe

2114 1213 2247 1267 nihil
2275 1217 2448 1283 magni
2470 1225 2860 1284 exspectantes,
2893 1218 2942 1270 in
2977 1218 3123 1272 hisce
3144 1223 3303 1274 rebus
3329 1221 3688 1292 phil050phati

2115 1313 2236 1356 sunt
2265 1321 2278 1357 :
2306 1314 2358 1357 et
2380 1314 2454 1370 tu,
2484 1305 2572 1374 qui
2602 1305 2667 1358 ad
2711 1314 2910 1359 tantam
2947 1323 3093 1375 spem
3142 1309 3474 1376 profecturus
3497 1327 3576 1375 es,
3606 1329 3692 1367 re-

2118 1391 2254 1462 fugis
2290 1403 2344 1448 et
2377 1397 2674 1463 torpescis?
2700 1405 2752 1450 et
2786 1396 2926 1466 quod
2971 1407 3177 1466 tempus
3219 1399 3363 1464 facit,
3419 1401 3520 1455 hoc
3577 1418 3683 1456 non

2115 1486 2346 1540 sustines
2373 1497 2585 1556 propter
2613 1487 2708 1541 Dei
2733 1487 2902 1556 legem
2931 1497 3052 1542 ante
3085 1498 3293 1557 tempus
3308 1489 3502 1555 facere,
3529 1501 3582 1545 et
3611 1492 3690 1545 vis

2119 1579 2291 1648 potius
2321 1580 2436 1633 sine
2467 1579 2743 1643 mercede,
2774 1595 2929 1649 quam
2962 1596 3080 1634 cum
3115 1581 3359 1635 mercede
3381 1582 3682 1648 passionem

2118 1678 2260 1723 tuam
2281 1669 2587 1738 exstingui?
2617 1668 2797 1738 Neque
2843 1671 2982 1722 enim
3015 1671 3057 1722 si
3108 1670 3158 1722 id
3207 1685 3235 1722 a
3289 1679 3530 1739 tempore
3578 1671 3687 1738 fiat,

2115 1761 2288 1828 majus
2306 1759 2574 1829 quidpiam
2604 1760 2696 1813 tibi
2720 1759 3002 1827 supererit,
3030 1760 3137 1814 imo
3165 1775 3322 1827 grave
3349 1762 3688 1829 supplicium,

2115 1852 2256 1921 quod
2284 1851 2334 1905 id
2375 1852 2515 1921 quod
2546 1861 2753 1920 tempus
2781 1852 2956 1906 facere
2998 1853 3185 1920 potuit,
3219 1853 3318 1906 hoc
3351 1853 3432 1906 lex
3461 1854 3553 1907 Dei
3589 1854 3681 1908 tibi

2118 1943 2292 1997 facere
2321 1960 2423 1996 non
2453 1945 2795 2012 persuaserit.
2820 1943 2969 2009 Quod
2987 1945 3029 1998 si
3057 1942 3277 2009 dixeris,
3300 1953 3350 1999 te
3372 1944 3686 2000 inflammari

2115 2049 2234 2088 cum
2262 2035 2600 2089 contumelia:
2629 2036 2924 2089 recttrdaris
2946 2077 2960 2099 ,
2987 2035 3038 2088 in
3068 2037 3373 2090 memoriam
3407 2051 3616 2102 revoca,
3646 2037 3691 2090 si

2115 2124 2238 2194 quid
2271 2124 2360 2178 tibi
2389 2125 2511 2179 boni
2541 2139 2571 2178 a
2602 2125 2827 2180 lmdente
2855 2127 3177 2188 accesserit,
3207 2135 3260 2180 et
3285 2126 3457 2194 cogita
3488 2137 3686 2195 quanta

2117 2223 2171 2268 ttt
2198 2215 2317 2269 aliis
2346 2215 2482 2269 mala
2505 2216 2766 2270 intuleris.
2797 2217 2910 2270 Tibi
2937 2215 3225 2279 maledixit,
3258 2225 3308 2270 te
3331 2217 3529 2284 probro
3565 2215 3692 2269 affe-

2115 2305 2226 2358 cit?
2254 2305 2448 2358 Tecum
2480 2315 2666 2374 reputa
2699 2315 2749 2360 te
2774 2322 2983 2375 quoque
3011 2307 3126 2360 aliis
3155 2306 3516 2361 maledixisse.
3547 2307 3692 2373 Qno~

2117 2399 2274 2452 modo
2304 2415 2429 2469 ergo
2458 2401 2665 2455 veniam
2695 2402 3055 2472 consequeris,
3086 2418 3242 2470 quam
3291 2403 3410 2456 aliis
3452 2419 3555 2456 non
3585 2404 3683 2458 dc-

2116 2489 2275 2542 disli?
2304 2488 2410 2544 Sed
2441 2491 2571 2544 nihil
2601 2491 2705 2545 tale
2733 2491 2946 2545 dixisti?
2974 2491 3077 2546 Sed
3105 2492 3264 2546 alium
3292 2493 3403 2548 htL‘C
3429 2494 3693 2549 dicentem

2117 2579 2308 2633 audisti
2337 2621 2351 2644 ,
2383 2580 2540 2651 idque
2567 2582 2844 2652 amplexus
2870 2598 2948 2637 es.
2976 2583 3156 2650 Neque
3185 2584 3312 2638 illud
3340 2586 3493 2653 culpa
3521 2595 3692 2642 vacat.

2122 2669 2211 2724 Vis
2239 2671 2442 2726 discere
2485 2684 2740 2742 quantum
2786 2676 2855 2728 sit
2899 2676 3092 2728 honmn
3125 2675 3434 2744 injuriarum
3465 2678 3692 2746 oblivio,

2117 2770 2170 2812 et
2198 2776 2354 2827 quam
2389 2762 2524 2815 Deus
2550 2762 2650 2816 hac
2682 2763 2747 2817 de
2776 2779 2835 2816 re
2866 2763 3107 2817 laetetur?
3138 2765 3244 2819 Eos
3285 2767 3374 2834 qui
3417 2767 3693 2836 ltetantur,

2115 2867 2236 2909 cum
2265 2854 2443 2908 vident
2468 2856 2727 2924 quosdam
2752 2857 2818 2910 ab
2847 2871 2910 2910 eo
2932 2857 3074 2926 juste
3095 2859 3363 2928 castigari,
3387 2862 3692 2918 ulciscitur:

2115 2945 2322 2998 etiamsi
2352 2947 2495 2999 enim
2535 2947 2607 3000 illi
2640 2948 2779 3015 juste
2826 2949 3126 3017 puuianlur,
3174 2959 3225 3005 te
3262 2950 3440 3006 dehis
3467 2953 3695 3022 gaudere

2115 3051 2218 3090 non
2251 3045 2481 3106 oportet.
2514 3037 2724 3091 Etenim
2758 3040 3012 3108 propheta
3045 3040 3207 3094 multa
3237 3041 3565 3106 criminatus,
3597 3043 3695 3100 hoc

2114 3129 2385 3197 subjunxit
2407 3148 2418 3182 :
2445 3128 2593 3183 Nihil
2613 3132 2748 3199 passi
2769 3142 2883 3184 sunt
2906 3134 2956 3184 in
2978 3134 3273 3186 contritione
3287 3132 3477 3203 Joseplt
3498 3133 3693 3206 (Amos.

2114 3219 2166 3273 6.
2203 3219 2293 3288 6);
2339 3229 2392 3272 et
2434 3235 2665 3285 rursum,
2720 3221 2839 3272 Non
2865 3223 3013 3274 exivit
3049 3223 3210 3276 vicina
3251 3225 3318 3275 ad
3357 3225 3696 3293 plangendum

2115 3326 2268 3362 unum
2309 3310 2512 3362 domum
2551 3312 2868 3380 conjunctam
2909 3312 2954 3364 ei
3001 3311 3185 3380 (Mich.
3221 3314 3270 3366 1.
3299 3313 3412 3382 Η).
3445 3313 3696 3381 Quamvis

2113 3398 2333 3465 Joseph,
2372 3398 2422 3452 id
2450 3408 2552 3463 est,
2583 3401 2748 3453 tribus
2770 3415 2835 3454 ex
2869 3401 2960 3454 illo
2988 3411 3120 3456 orta:
3146 3418 3208 3457 ac
3236 3403 3412 3468 vicini,
3443 3404 3532 3459 Dei
3559 3415 3690 3460 nutu

2115 3490 2467 3558 punirentur;
2509 3490 2601 3544 sed
2631 3492 2742 3544 vult
2773 3495 2874 3544 nos‘
2895 3491 3000 3546 illis
3030 3491 3332 3548 condolere.
3365 3493 3496 3547 Nam
3526 3495 3571 3548 si
3599 3510 3694 3550 nos

2113 3581 2202 3648 qui
2234 3581 2456 3650 improbi
2487 3598 2688 3646 sumus,
2712 3599 2832 3637 cum
2857 3598 3066 3638 servum
3095 3585 3433 3655 castigamus,
3465 3587 3506 3638 si
3535 3601 3692 3655 quem

2113 3688 2494 3727 conservorum
2525 3674 2783 3728 ridentem
2812 3675 3104 3738 videamus,
3130 3676 3297 3744 magis
3323 3676 3688 3744 indignamur,

2114 3772 2168 3816 et
2214 3764 2267 3817 in
2317 3763 2462 3817 illum
2513 3764 2646 3817 iram
2695 3765 3097 3818 convertimus:
3130 3765 3296 3819 multo
3339 3767 3505 3834 magis
3551 3766 3692 3820 Deus

2114 3869 2300 3922 pceuas
2332 3864 2534 3922 repetet
2556 3855 2622 3907 ab
2646 3855 2729 3918 iis,
2755 3854 2841 3923 qui
2869 3853 2934 3906 de
2963 3853 3234 3922 suppliciis
3260 3853 3479 3907 aliorum
3503 3854 3693 3909 laetan-

2120 3956 2224 4001 tur.
2259 3945 2410 4012 Quod
2443 3947 2487 4000 si
2520 3946 2571 3999 in
2603 3960 2696 4002 eos
2722 3946 2808 4015 qui
2840 3961 2869 3998 a
2900 3945 3007 3998 Deo
3050 3944 3337 4012 puniuntur
3376 3959 3478 3998 non
3519 3946 3692 4000 insur.

2111 4053 2256 4107 gere,
2287 4037 2379 4091 sed
2411 4037 2515 4091 illis
2542 4036 2827 4092 condolere
2854 4046 3084 4105 oportet,
3125 4036 3292 4088 multo
3322 4036 3486 4104 magis
3515 4036 3576 4090 iis
3602 4037 3690 4106 qui

2111 4139 2293 4184 contra
2321 4144 2415 4184 nos
2444 4136 2746 4198 peccarunt.
2771 4128 2880 4181 lloc
2899 4127 3038 4181 enim
3062 4127 3296 4182 caritatis
3320 4136 3690 4196 argumentum

2111 4231 2211 4284 est,
2245 4221 2382 4274 hanc
2407 4235 2533 4275 vero
2569 4221 2816 4274 omnibus
2854 4221 3127 4287 anteponit
3151 4219 3308 4274 Deus.
3331 4218 3690 4284 Quemadmo-

2110 4313 2235 4366 dum
2279 4313 2419 4365 enim
2469 4311 2520 4365 in
2555 4327 2784 4380 purpura
2831 4311 2973 4378 regia
3025 4311 3099 4363 illi
3148 4310 3324 4374 ﬂores,
3374 4311 3446 4363 illi
3485 4311 3690 4366 colores

2110 4403 2328 4472 pretiosi
2353 4380 2500 4468 sunt,
2529 4403 2618 4471 qui
2645 4400 2975 4470 chlamydem
3004 4402 3080 4454 sic
3099 4411 3359 4454 exornant
3381 4402 3486 4456 :sic
3507 4411 3561 4457 et
3582 4403 3689 4458 illae

2111 4495 2357 4562 pretiosa:
2403 4493 2625 4546 virtutes
2675 4499 2834 4553 sunt,
2885 4506 3003 4558 quae
3045 4491 3318 4544 caritatem
3362 4493 3684 4547 contineant.

2108 4584 2250 4638 Nihil
2281 4593 2456 4637 autem
2493 4583 2567 4636 ita
2594 4582 2864 4636 caritatem
2894 4589 3105 4645 servat,
3138 4589 3196 4634 ut
3223 4580 3418 4634 oblivio
3443 4593 3686 4650 peccato-

2109 4691 2258 4738 rum,
2306 4690 2425 4743 qute
2469 4674 2520 4727 in
2569 4688 2668 4728 nos
2712 4673 2942 4727 admissa
2987 4680 3130 4727 sunt.
3175 4672 3366 4726 Annon
3413 4672 3479 4726 de
3519 4673 3686 4729 altera

2110 4777 2259 4835 parte
2287 4765 2486 4820 curavit
2515 4765 2688 4820 Deus?
2717 4779 2891 4818 annon
2920 4763 3062 4816 misit
3081 4762 3358 4817 lmdentem
3381 4762 3445 4816 ad
3467 4763 3650 4817 ltesum
3675 4766 3696 4817 ?

2108 4872 2285 4912 annon
2311 4858 2378 4911 ab
2404 4857 2556 4910 altari
2596 4856 2662 4909 ad
2691 4854 2937 4917 eumdem
2971 4854 3142 4923 ipsum
3181 4853 3342 4915 misit,
3374 4861 3426 4906 et
3453 4863 3572 4922 pust
3597 4869 3684 4908 re-

2104 4947 2528 5002 conciliationem
2559 4946 2624 4999 ad
2647 4954 2884 4999 mensam
2903 4952 3058 4998 vocat
3081 4943 3225 4995 illum
3246 4941 3455 5014 (Matth.
3477 4943 3532 4998 5.
3549 4943 3642 5012 25)
3661 4945 3685 4994 τ

2103 5039 2174 5093 At
2205 5050 2256 5092 tu
2289 5054 2355 5092 ne
2385 5038 2502 5092 ideo
2532 5045 2815 5105 exspectes
2842 5035 2987 5089 illum
3015 5032 3280 5103 :alioquin
3308 5039 3474 5086 totum
3502 5033 3681 5102 perdi-

2104 5129 2249 5184 disti.
2278 5128 2566 5198 Pr0pterea
2588 5127 2729 5182 enim
2756 5125 3075 5182 ineffabilem
3104 5123 3193 5176 tibi
3220 5121 3517 5179 mercedem
3546 5139 3680 5177 con-

2103 5223 2292 5286 stituit,
2331 5231 2388 5274 ιιι
2420 5221 2716 5290 przeveuias
2746 5220 2949 5289 ipsum;
2981 5218 3051 5271 ita
3083 5224 3134 5269 ιιι
3168 5215 3211 5270 si
3242 5225 3458 5284 rogatus
3485 5229 3679 5269 recou-

2102 5311 2301 5366 cilieris
2326 5352 2340 5375 ,
2371 5326 2476 5363 non
2500 5310 2606 5378 jam
2634 5325 2696 5362 ex
2726 5306 2816 5362 Dei
2850 5316 3116 5376 praecepto
3142 5305 3368 5359 amicitia
3397 5306 3679 5376 jungatur,

2101 5403 2194 5456 sed
2222 5419 2285 5456 ex
2313 5403 2454 5456 illius
2482 5401 2688 5456 studio:
2712 5399 3056 5470 quamobrem
3082 5399 3422 5453 incoronatus
3449 5399 3676 5466 recedis,

2104 5493 2194 5546 illo
2220 5493 2403 5546 bravia
2439 5491 2758 5560 accipiente.
2787 5489 2922 5556 Quid
2953 5490 3119 5544 dicis?
3159 5490 3432 5544 inimicum
3474 5489 3675 5557 habes,

2103 5598 2200 5635 nec
2228 5591 2277 5636 te
2309 5581 2502 5650 pudet?
2528 5584 2718 5633 Annon
2747 5579 2940 5633 sufficit
2965 5579 3118 5633 nobis
3143 5578 3403 5643 diabolus,
3434 5589 3492 5633 ut
3516 5580 3676 5635 etiam

2101 5687 2428 5742 CUllgeltt‘l'CS
2474 5671 2625 5725 nobis
2667 5670 2909 5725 inimicos
2951 5670 3312 5725 attrahamus?
3358 5670 3566 5725 Utinam
3608 5686 3677 5725 ne

2106 5766 2192 5819 ille
2217 5764 2424 5827 quidem
2454 5763 2731 5819 nobiscum
2763 5763 2921 5818 vellet
2963 5778 3227 5834 pugnare,
3274 5763 3472 5816 utinam
3503 5776 3676 5832 neque
