4104 6218
501 352 603 408 7ὲὸ

503 463 592 518 ille
623 461 867 517 diabolus
887 467 1052 516 esset.
1078 459 1265 515 Nescis
1294 467 1487 528 quanta
1518 459 1587 512 sit
1615 466 1731 528 post
1761 456 2075 511 reconcilia-

507 555 712 607 tionem
755 552 1037 620 voluptas?
1076 551 1210 618 Quid
1257 552 1434 618 enim,
1475 551 1518 604 si
1552 550 1604 604 in
1636 550 1763 619 ipsis
1788 548 2076 603 inimicitiis

503 645 591 696 illa
621 659 732 698 non
762 645 1020 713 apparet?
1049 643 1177 697 Nam
1205 643 1346 712 quod
1377 642 1591 697 suavius
1620 643 1688 695 sit
1713 642 1990 695 laedentem
2018 654 2077 693 se

498 749 701 796 amare,
727 751 883 803 quam
906 735 1028 789 odio
1050 733 1265 797 habere,
1288 744 1564 803 postquam
1584 731 1872 787 inimicitiae
1888 733 2076 786 soluta:
2112 808 2124 814 ἱ

499 826 714 890 fuerint,
753 837 876 880 tunc
896 827 1095 897 poteris
1127 827 1289 893 probe
1317 826 1544 880 discere.

572 918 625 972 5.
655 915 777 986 Ipsa
805 927 941 971 vetus
969 917 1048 970 lea:
1070 918 1370 988 injuriarunt
1409 917 1741 970 recordationi
1763 916 2070 969 adversatur.

510 1003 601 1060 Vir
627 1007 782 1061 bonus
816 1008 942 1061 nihil
971 1007 1092 1060 mali
1132 1009 1234 1077 pati
1275 1018 1453 1077 potest.
1473 1007 1670 1062 —Cur
1698 1022 1823 1077 ergo
1851 1008 2076 1062 furiosos

507 1098 808 1163 imitamur,
855 1098 944 1167 qui
992 1113 1049 1152 se
1088 1107 1271 1151 mutuo
1316 1098 1578 1161 lacerant,
1614 1099 1700 1166 qui
1729 1098 1779 1151 in
1810 1099 2073 1166 pr0priam

503 1202 715 1241 carnem
748 1189 1048 1241 insaniunt?
1065 1190 1202 1242 Audi
1224 1198 1414 1257 quanta
1438 1189 1653 1258 hujusce
1677 1189 1751 1243 rei
1772 1205 1896 1243 cura
1917 1193 2072 1244 etiam

506 1279 556 1331 in
586 1280 747 1333 veteri
777 1279 890 1348 lege
922 1279 1098 1332 fuerit.
1141 1279 1273 1340 Vite,
1315 1281 1481 1349 inquit
1504 1323 1519 1346 ,
1548 1282 1915 1334 recordantium
1942 1282 2076 1334 mala

503 1372 553 1423 in
577 1382 782 1423 mortem
808 1369 988 1441 (Prov.
1010 1372 1096 1425 Η.
1113 1371 1223 1440 9.8).
1249 1371 1414 1424 Homo
1438 1373 1625 1424 homini
1649 1383 1903 1426 conservat
1925 1375 2072 1436 iram,

508 1474 552 1514 et
575 1480 605 1515 a
637 1461 744 1516 Deo
782 1464 957 1531 quaerit
997 1463 1238 1515 medelam
1267 1465 1282 1531 (
1311 1463 1468 1516 Eccli.
1497 1463 1586 1518 28.
1617 1464 1712 1530 5).
1763 1465 1917 1532 Atqui
1945 1479 2073 1516 ocu-

504 1551 611 1603 lum
644 1566 738 1618 pro
761 1552 935 1616 oculo,
965 1561 1019 1604 et
1045 1553 1255 1604 dentem
1284 1567 1379 1619 pro
1409 1552 1566 1606 dente
1595 1554 1858 1608 concessit
1881 1553 2071 1622 (Exod.

504 1641 593 1694 2i.
625 1641 715 1712 24)
741 1659 754 1693 :
779 1643 1041 1710 quomodo
1070 1643 1228 1712 igitur
1248 1647 1498 1698 accusat?
1527 1646 1656 1711 Quia
1682 1647 1767 1698 illa
1790 1647 2070 1710 concessit,

505 1746 607 1785 non
640 1741 697 1785 ut
723 1733 859 1786 alter
888 1734 1038 1786 alteri
1072 1734 1352 1797 faciamus,
1388 1735 1476 1787 sed
1511 1745 1566 1787 ut
1600 1734 1877 1788 formidine
1906 1750 2074 1803 ptenrc

505 1839 532 1876 a
559 1824 652 1876 tali
680 1839 809 1878 ausu
837 1825 1216 1879 abstineamus.
1260 1826 1501 1894 Alioquin
1545 1838 1719 1882 autem
1756 1829 1843 1881 illa
1873 1839 2076 1897 tempo-

507 1930 680 1968 raneze
701 1915 973 1983 cujusdam
997 1917 1088 1968 ira:
1104 1924 1245 1980 sunt,
1264 1916 1570 1984 injuriarum
1588 1929 1760 1971 autent
1781 1919 2074 1972 recordatio

507 2005 695 2057 animm-
749 2005 1032 2074 nequitiam
1076 2007 1396 2060 meditantis.
1429 2007 1529 2061 Sed
1559 2009 1694 2061 male
1734 2018 1951 2064 vexatus
1981 2010 2076 2063 es?

505 2097 610 2150 Sed
639 2112 740 2150 non
775 2107 975 2150 tantum
1025 2098 1115 2151 tibi
1164 2099 1282 2152 ntali
1327 2099 1535 2164 intulit,
1584 2109 1834 2167 quantum
1862 2110 1931 2160 tu
1963 2101 2074 2168 ipse

509 2187 620 2249 tibi,
654 2188 696 2240 si
738 2187 942 2254 injuriae
983 2189 1288 2242 recordatus
1334 2189 1513 2244 fueris.
1561 2192 1803 2260 AliOquin
1842 2206 1968 2244 vero
1996 2193 2076 2245 vir

507 2277 674 2330 bonus
705 2277 833 2331 nihil
859 2279 981 2331 mali
1006 2279 1108 2347 pati
1135 2289 1327 2346 potest.
1356 2279 1433 2333 Sit
1457 2282 1596 2334 enim
1624 2282 1759 2348 quis,
1786 2297 2002 2335 uxorem
2023 2292 2077 2336 et

510 2366 698 2420 liberos
730 2367 949 2430 habens,
980 2369 1066 2437 qui
1100 2369 1516 2438 phil0s0phetnr,
1549 2371 1844 2440 habeatque
1875 2373 2067 2425 multas

506 2455 682 2509 damni
711 2459 998 2527 accipiendi
1027 2459 1332 2514 occasiones
1355 2501 1370 2524 ,
1403 2461 1653 2530 pecunias
1681 2461 1901 2526 multas,
1934 2463 2076 2530 prin-

506 2548 732 2614 cipatum
757 2589 771 2613 ,
803 2551 1001 2603 amicos
1027 2551 1219 2602 multos
1239 2592 1252 2615 ,
1286 2550 1616 2620 honoresque
1647 2551 1912 2616 obtineat;
1943 2561 2077 2606 atta-

506 2651 626 2689 men
682 2638 1107 2707 phil0sophetur;
1163 2640 1263 2692 hoc
1308 2642 1448 2693 enim
1495 2642 1894 2709 supponendum
1944 2653 2071 2696 est:

506 2742 771 2780 aerumnas
816 2728 889 2781 illi
937 2730 1190 2782 accedere
1235 2730 1513 2799 fingamus.
1563 2732 1791 2785 Accedat
1817 2732 2072 2801 quispiam

509 2817 769 2870 scelestus
814 2816 971 2871 homo
1002 2818 1092 2887 qui
1125 2819 1369 2872 damnum
1401 2821 1451 2872 in
1483 2822 1674 2890 opibus
1700 2821 1889 2876 inferat
1914 2843 1926 2876 :
1950 2823 2073 2891 quid

507 2906 611 2960 hoc.
636 2907 700 2960 ad
732 2908 900 2961 virum
939 2910 1027 2977 qui
1073 2911 1322 2976 pecunias
1367 2911 1496 2963 nihil
1541 2927 1660 2966 esse
1707 2914 1883 2982 putat?
1913 2914 2074 2967 Filios

505 2996 736 3062 occidat:
773 2997 896 3066 quid
924 2998 1021 3050 hoc
1044 2998 1108 3051 ad
1136 3000 1324 3065 virum,
1349 3001 1437 3069 qui
1465 3001 1603 3055 circa
1632 3004 2072 3057 resurrectionem

507 3088 948 3158 phi|050phatur?
986 3089 1216 3145 Uxorem
1248 3091 1455 3161 jugulet
1488 3111 1501 3146 :
1533 3094 1655 3163 quid
1702 3094 1800 3148 hoc
1843 3096 1908 3150 ad
1951 3113 2069 3150 eum

509 3195 3699 3220 ________________________________________..—____

1243 348 1300 402 S.
1338 345 1610 404 JOANNIS
1645 342 2119 401 CIIRYSOSTOMI
2146 344 2458 401 ARCHIEP.
2487 349 3012 410 CONSTANTINOP.

3655 362 3760 420 ’ΞΜ

2185 458 2272 525 qui
2303 459 2486 515 doctus
2511 469 2590 516 est
2621 479 2725 517 non
2766 465 3020 535 lugendos
3046 482 3166 523 esse
3194 469 3551 526 dormientes?
3582 471 3755 528 Dede-

2184 565 2277 602 cus
2304 551 2377 602 illi
2403 551 2814 623 conferatzquid
2853 556 2954 611 hoc
2979 558 3132 613 laedat
3160 576 3281 615 eum
3306 603 3320 626 ,
3353 561 3442 632 qui
3471 568 3758 632 prtesentia

2185 642 2358 693 omnia
2402 642 2588 697 florem
2619 660 2739 699 esse
2783 646 2910 701 fceni
2943 651 3125 716 putat?
3167 652 3223 705 Si
3263 654 3342 707 vis
3369 654 3529 707 etiam
3559 670 3753 722 corpus

2185 733 2479 799 percutiat,
2523 743 2576 786 et
2621 733 2672 787 in
2704 750 2969 792 carcerem
3008 740 3256 809 conjiciat
3280 761 3291 794 :
3315 742 3439 812 quid
3471 743 3571 798 hoc
3597 745 3755 798 laedet

2183 836 2324 886 eum,
2350 824 2436 890 qui
2464 823 2723 887 didicerit,
2755 828 2959 880 etiamsi
2987 832 3216 883 exterior
3241 843 3422 885 noster
3447 834 3604 886 homo
3627 849 3752 886 eor-

2184 926 2475 982 rumpalur,
2509 916 2811 971 interiorem
2841 928 3010 973 tamen
3039 923 3372 990 renovari(2.
3401 921 3520 978 Cor.
3549 923 3602 976 4.
3636 923 3748 993 {6),

2183 1018 2234 1060 et
2258 1008 2595 1062 tribulatione
2623 1010 2982 1078 probationem
3028 1012 3164 1066 effici
3207 1013 3380 1081 (Rom.
3414 1015 3465 1069 5.
3514 1015 3606 1083 3)?
3638 1015 3750 1084 Ego

2181 1113 2311 1152 sane
2350 1099 2602 1166 polliceor
2637 1101 2794 1155 talem
2841 1101 3105 1156 hominem
3155 1104 3207 1156 in
3250 1103 3392 1157 nullo
3433 1105 3617 1159 laesum
3649 1106 3751 1161 iri:

2183 1189 2353 1241 oratio
2393 1198 2568 1242 autem
2615 1190 2749 1243 ultra
2798 1191 3087 1258 procedens
3131 1193 3364 1246 ostendit
3410 1194 3581 1263 ipsum
3627 1195 3752 1250 hinc

2182 1283 2401 1332 multum
2445 1280 2652 1348 juvari,
2697 1282 2939 1335 renovari
2983 1290 3036 1336 et
3083 1283 3435 1351 probatiorem
3481 1285 3638 1338 effici.
3674 1285 3752 1339 Ne

2182 1371 2354 1438 itaque
2378 1371 2515 1438 apud
2537 1371 2669 1424 alios
2694 1371 2931 1426 dolorem
2954 1380 3191 1426 nostrum
3214 1374 3570 1442 exprimamus
3592 1393 3606 1428 :
3626 1375 3752 1430 hinc

2181 1463 2322 1515 enim
2355 1477 2449 1515 nos
2480 1463 2620 1530 ipsos
2652 1463 2890 1517 lmdimus
2913 1505 2926 1528 ,
2969 1465 3306 1532 animumque
3337 1473 3570 1518 nostrum
3603 1465 3755 1518 infir-

2181 1552 2402 1604 miorem
2423 1552 2707 1605 reddimus.
2733 1553 2892 1605 Dolor
2909 1553 3047 1606 enim
3067 1553 3153 1607 ille
3176 1568 3278 1606 non
3303 1561 3406 1606 tam
3427 1569 3490 1608 ex
3516 1555 3751 1621 proximi

2183 1643 2434 1711 nequitia,
2465 1660 2619 1713 quam
2652 1661 2714 1698 ex
2762 1645 2963 1714 ignavia
3013 1655 3192 1698 nostra
3240 1645 3494 1713 procedit.
3529 1645 3671 1712 Ideo,
3704 1647 3750 1700 si

2181 1734 2297 1801 quis
2325 1747 2422 1786 nos
2450 1734 2766 1788 contumelia
2793 1733 3008 1798 afficiat,
3038 1736 3393 1804 lacrymamur
3417 1745 3470 1790 et
3495 1735 3751 1804 deprimi-

2179 1840 2333 1888 mur;
2365 1827 2408 1879 si
2441 1826 2558 1893 quis
2584 1837 2759 1878 nostra
2785 1827 2970 1895 rapiat,
2999 1825 3221 1893 idipsum
3251 1827 3498 1895 patimur,
3527 1827 3762 1895 perinde,

2179 1926 2336 1984 atque
2366 1917 2563 1982 pueruli
2598 1916 2704 1978 illi,
2751 1932 2884 1983 qttos
2925 1916 3198 1970 liberiores
3227 1917 3373 1984 pueri
3405 1917 3624 1971 incitant
3656 1933 3751 1984 pro

2180 2021 2238 2058 re
2270 2005 2462 2057 nullius
2493 2006 2746 2058 momenti
2788 2005 3025 2058 dolorem
3057 2004 3370 2070 inferentes;
3404 2007 3447 2059 si
3481 2021 3605 2059 vero
3631 2006 3752 2059 illos

2181 2097 2416 2149 rixantes
2445 2095 2671 2148 viderint
2695 2136 2709 2160 ,
2741 2096 2984 2149 mordere
3015 2111 3117 2148 non
3147 2105 3388 2159 cessant;
3430 2095 3474 2149 si
3514 2095 3753 2150 ridentes

2182 2188 2412 2251 videant,
2445 2198 2566 2241 tunc
2596 2187 2874 2240 desistunt.
2902 2189 2969 2240 At
2997 2201 3092 2240 nos
3119 2188 3199 2240 his
3229 2187 3652 2256 insipientiores,
3683 2186 3751 2241 de

2181 2282 2244 2336 iis
2269 2281 2337 2333 ob
2370 2297 2486 2349 quae
2510 2279 2681 2333 ridere
2705 2287 2992 2346 Oportcret,
3011 2279 3230 2332 multum
3259 2278 3518 2332 dolemus.
3545 2279 3749 2344 Quam-

2180 2371 2364 2425 obrem
2411 2385 2560 2439 rogo,
2615 2369 2717 2422 hoc
2759 2369 2944 2438 puerili
2989 2369 3195 2438 abjecto
3238 2370 3435 2432 animo,
3465 2369 3626 2422 caelos
3651 2384 3752 2438 ap-

2182 2462 2592 2533 prehendamus.
2615 2461 2742 2513 Nam
2775 2460 3015 2514 Christus
3041 2475 3136 2513 nos
3167 2475 3284 2513 esse
3314 2462 3455 2514 viros
3480 2468 3658 2529 optat,
3697 2469 3751 2514 et

2179 2557 2320 2608 viros
2348 2555 2626 2623 perfectos.
2651 2550 2738 2605 Sic
2765 2551 2904 2604 enim
2926 2551 3074 2619 jubet
3097 2559 3150 2604 et
3179 2551 3366 2604 Paulus
3390 2568 3404 2602 :
3433 2549 3656 2615 Fratres,
3690 2563 3754 2603 ne

2179 2650 2287 2702 sitis
2315 2649 2455 2716 pueri
2482 2655 2660 2709 mente,
2693 2644 2780 2698 sed
2806 2643 2998 2696 malitia
3025 2643 3219 2711 parvuli
3244 2652 3396 2695 estote
3417 2643 3491 2709 (L
3512 2641 3632 2696 Cor.
3660 2641 3747 2696 H.

2179 2739 2290 2810 20).
2312 2738 2542 2792 Infantes
2559 2751 2684 2804 ergo
2701 2735 2894 2788 malitia
2913 2733 3098 2799 simus,
3116 2741 3170 2788 et
3187 2733 3470 2802 nequitiam
3489 2731 3750 2801 fugientes

2180 2831 2428 2883 virtutem
2453 2827 2850 2895 amplectamur,
2875 2833 2934 2876 ut
2957 2832 3152 2876 aeterna
3178 2836 3565 2890 censequamur
3587 2822 3751 2886 bona,

2179 2920 2345 2989 gratia
2373 2928 2425 2972 et
2455 2917 2778 2985 benignitate
2808 2913 3012 2967 Domini
3045 2912 3209 2967 nostri
3239 2912 3362 2966 .lesu
3393 2911 3621 2976 Christi,
3655 2914 3744 2966 cui

2179 3011 2341 3081 gloria
2368 3018 2421 3064 et
2450 3007 2729 3078 imperium
2763 3007 2815 3059 in
2845 3004 3035 3060 saecula
3067 3003 3399 3058 smculorum.
3430 3004 3621 3058 Amen.

1566 3278 1904 3339 HOMILIA
1945 3282 2210 3342 LXXX.
2257 3281 2342 3342 al.
2388 3278 2680 3339 LXXXI.

503 3418 630 3473 CAP.
675 3419 764 3474 26.
812 3435 864 3472 v.
895 3419 945 3473 6.
991 3419 1113 3473 Cum
1157 3428 1319 3473 autem
1367 3429 1490 3474 esset
1539 3419 1686 3474 Iesus
1723 3421 1773 3473 in
1827 3421 2073 3475 Bethania

574 3511 626 3561 in
653 3509 800 3563 domo
831 3510 1052 3562 Simonis
1094 3511 1277 3578 leprosi
1296 3550 1310 3574 ,
1345 3511 1394 3564 7.
1433 3513 1635 3563 accessit
1659 3511 1726 3563 ad
1754 3528 1862 3564 eum
1894 3513 2072 3566 mulier

576 3602 760 3654 habens
790 3601 1093 3655 alabastrum
1120 3602 1358 3670 unguenti
1385 3603 1605 3671 pretiosi,
1636 3613 1680 3656 et
1718 3602 1897 3669 effudit
1925 3621 2074 3674 super

573 3703 723 3761 caput
747 3693 855 3755 eius
884 3693 1223 3745 recumbentis.
1836 3692 1838 3694 ⁷

577 3785 627 3836 l.
662 3782 846 3836 Mulier
882 3800 994 3852 qua:
1033 3784 1180 3852 pedes
1209 3781 1391 3836 Christi
1421 3784 1614 3849 abluit,
1655 3799 1766 3852 qua:
1793 3785 1874 3836 sit.
1909 3783 2074 3848 Quare

504 3874 642 3942 lepra
658 3874 878 3929 Simonis
892 3884 934 3926 et
950 3892 1125 3927 nomen
1141 3875 1273 3927 urbis
1286 3885 1634 3928 memorentur.
1645 3874 1943 3928 Peccatricis
1955 3893 2073 3944 erga

503 3963 700 4028 Jesum,
719 3974 764 4017 et
785 3963 906 4016 Iesu
933 3981 1048 4034 erga
1077 3965 1395 4032 peccatricem
1422 3965 1602 4034 agendi
1624 3967 1751 4017 ratio
1771 3976 2074 4018 commenta-

505 4066 606 4109 tur.
628 4085 698 4095 —-
722 4056 844 4108 llaec
874 4057 1061 4108 tnulier
1095 4071 1195 4108 una
1224 4055 1516 4124 eademque
1545 4057 1750 4110 videtur
1790 4072 1906 4110 esse
1932 4057 2072 4125 apud

505 4161 690 4200 omnes
717 4145 1099 4213 evangelistas;
1149 4143 1242 4197 sed
1284 4160 1405 4199 vere
1447 4161 1551 4199 non
1582 4155 1661 4198 est
1686 4163 1698 4197 :
1724 4160 1903 4198 verum
1935 4145 2072 4213 apud

511 4245 619 4289 tres
659 4234 1010 4302 evangelistas
1066 4249 1165 4286 una
1215 4248 1334 4288 meo
1377 4233 1575 4302 judicio
1621 4233 1911 4304 eademque
1958 4244 2069 4299 est;

507 4323 644 4392 apud
691 4323 946 4376 Joannem
1005 4320 1157 4390 (Cap.
1201 4321 1288 4392 12)
1330 4339 1456 4378 vero
1502 4339 1604 4378 non
1647 4324 1805 4389 item';
1847 4323 1940 4378 sed
1969 4325 2072 4378 alia

504 4413 742 4482 qumdam
772 4412 1027 4466 mirabilis
1059 4412 1278 4475 mulier,
1307 4427 1460 4467 soror
1483 4412 1664 4466 Lazari
1696 4413 1790 4484 (τι).
1822 4413 1929 4468 Nec
1957 4415 2072 4469 sine

503 4517 660 4556 causa
710 4503 906 4570 lepram
951 4501 1183 4555 Simonis
1223 4513 1479 4556 memorat
1510 4504 1867 4572 evangelista;
1897 4505 1988 4558 sed
2017 4513 2073 4557 ut

506 4592 747 4646 ostendat
775 4607 870 4645 cur
903 4592 1124 4645 fidenter
1151 4592 1340 4646 nmlier
1365 4595 1665 4647 accesserit.
1708 4594 1965 4660 Quoniam
1998 4595 2070 4648 le-

504 4697 598 4750 pra
642 4697 728 4735 res
769 4696 887 4735 esse
932 4682 1200 4734 iuununda
1244 4691 1296 4735 et
1349 4684 1698 4737 abominanda
1748 4685 2062 4750 videbatur,

506 4771 741 4840 viditque
767 4770 948 4824 lesum
977 4786 1190 4824 curasse
1221 4771 1487 4824 hominem
1506 4813 1520 4837 ,
1551 4773 1857 4842 lepramqnc
1896 4775 2070 4829 elimi-

504 4875 658 4913 nasse
685 4861 876 4928 (neque
904 4862 1044 4914 enim
1075 4861 1325 4914 voluisset
1355 4862 1492 4928 apud
1523 4863 1788 4930 leprosum
1821 4880 2064 4931 manere,

503 4950 679 5019 ibique
704 4951 982 5021 diversari)
1004 4992 1018 5014 ,
1067 4951 1284 5004 confidit
1321 4952 1512 5006 mulier
1542 4954 1711 5023 ipsum
1740 4955 1926 5006 anima:
1959 4971 2067 5008 sua:

503 5041 888 5095 immunditiam
938 5039 1090 5095 facile
1129 5042 1488 5095 abstersurum
1534 5058 1674 5098 esse.
1724 5042 1905 5112 Neque
1955 5047 2070 5098 sine

501 5147 662 5187 causa
707 5149 899 5186 nomen
930 5134 1074 5187 urbis
1095 5174 1109 5197 ,
1144 5133 1411 5187 Bethanim
1440 5134 1672 5198 scilicet,
1717 5134 1946 5198 addidit;
1976 5133 2067 5187 sed

503 5236 557 5279 nt
585 5227 758 5281 discas
789 5226 956 5294 ipsum
983 5225 1295 5280 libenter'ad
1316 5225 1612 5296 passionem
1641 5224 1912 5278 accedere.
1939 5225 2068 5278 Nam

502 5318 592 5386 qui
623 5325 746 5370 ante
776 5315 1028 5384 effugerat
1059 5316 1174 5368 illos
1200 5355 1214 5380 ,
1258 5315 1469 5384 quando
1499 5315 1726 5368 maxime
1756 5315 1948 5368 invidia
1980 5332 2067 5368 ar-

579 5409 652 5468 (a)
672 5407 879 5456 Grandis
893 5411 1100 5469 quaestio
1115 5416 1278 5470 utrum
1290 5405 1536 5470 peccatrix
1552 5409 1656 5470 illa,
1669 5420 1778 5468 quze
1796 5403 1976 5456 Christi
1999 5418 2085 5467 pe-

514 5465 604 5518 res
618 5465 790 5528 abluit,
808 5465 979 5518 eadem
997 5473 1098 5529 ipsa
1121 5468 1204 5528 sit,
1219 5465 1328 5531 quia
1341 5484 1480 5531 soror
1494 5467 1654 5517 Lazari
1672 5465 1841 5529 {quam
1857 5465 2083 5531 tractare.

523 5534 768 5578 irascentis
792 5545 886 5578 non
911 5540 988 5578 est
1012 5527 1246 5579 instituti:
1273 5530 1644 5579 Mariamautem
1672 5527 2003 5591 Magdalenam
2028 5527 2087 5575 ab

513 5591 588 5657 his
614 5595 870 5657 _t_liversat_r_t
894 5605 1006 5639 esse
1033 5593 1172 5657 pauci
1195 5596 1292 5657 jam
1314 5600 1528 5657 uegant._
1555 5591 1748 5657 el’ide
1773 5592 2088 5657 llonuntcnls

507 5650 689 5700 inedits
721 5666 806 5700 sur
831 5650 1097 5714 l'apostolot
1120 5655 1179 5702 de
1196 5650 1362 5702 'sainte
1386 5650 1857 5702 illurie-Marleleine
1883 5653 2084 5714 enl’ro-

505 5722 666 5773 venre,
679 5721 808 5762 auct.
835 5713 1419 5765 DJliaillonsocietatisS.
1437 5716 1638 5776 Sulpicii
1656 5716 1932 5763 sacerdote.
1947 5713 2083 5763 lintr.

2183 3421 2376 3476 debant
2399 3459 2414 3485 ,
2444 3428 2567 3472 tunc
2596 3430 2762 3486 prope
2801 3415 3023 3469 accessit
3063 3413 3210 3484 quasi
3241 3412 3305 3468 ad
3332 3412 3498 3468 stadia
3523 3411 3752 3482 quinde~

2178 3513 2315 3574 cim;
2345 3511 2524 3578 sicque
2547 3511 2690 3577 prior
2710 3521 2949 3561 recessus
2970 3506 3033 3560 ad
3056 3506 3402 3561 (Bconomiam
3427 3504 3746 3575 pertinebat.

2180 3601 2376 3654 Videas
2405 3613 2530 3666 ergo
2557 3597 2700 3650 illum
2732 3595 2940 3662 mulier,
2971 3595 3197 3664 hincque
3235 3605 3502 3664 assumpta
3531 3594 3744 3659 ﬁducia,

2179 3691 2420 3746 accessit.
2463 3689 2592 3742 Nam
2624 3688 2668 3741 si
2707 3687 2794 3740 illa
2823 3701 2940 3754 quae
2965 3686 3236 3755 sanguinis
3265 3683 3460 3738 fluxum
3503 3685 3748 3753 patieba-

2180 3790 2295 3844 tur,
2343 3780 2440 3833 etsi
2479 3778 2671 3830 nullius
2702 3774 3063 3843 hujuscemodi
3091 3775 3190 3827 sibi
3220 3774 3429 3828 conscia
3456 3782 3633 3836 esset,
3679 3773 3754 3826 ob

2179 3875 2345 3939 illam,
2393 3889 2509 3940 qua:
2553 3869 2803 3924 naturalis
2829 3869 3104 3922 videbatur
3131 3882 3280 3930 esse,
3312 3865 3702 3920 immunditiam
3728 3905 3744 3929 ,

2182 3978 2415 4021 tremens
2465 3973 2809 4028 metuensque
2860 3960 3078 4013 accessit
3109 3975 3122 4010 :
3153 3958 3319 4011 multo
3361 3957 3528 4025 magis
3574 3955 3745 4019 hanc,

2179 4073 2293 4127 qum
2319 4057 2417 4109 sibi
2444 4055 2566 4108 mali
2596 4053 2804 4108 conscia
2847 4059 2961 4105 erat
2985 4091 2997 4112 .
3046 4050 3282 4103 timuisse
3326 4049 3610 4103 verisimile
3638 4057 3746 4102 est.

2178 4147 2381 4202 Idcirco
2411 4153 2528 4214 post
2557 4143 2750 4196 multas
2778 4142 3028 4195 mulieres
3048 4181 3061 4202 ,
3094 4138 3500 4202 Samaritanam,
3530 4136 3747 4192 Chana-

2179 4231 2365 4299 nteam,
2394 4251 2508 4289 eam
2533 4249 2647 4302 qnze
2670 4232 2936 4301 sanguinis
2959 4230 3152 4284 fluxum
3175 4229 3491 4298 patiebatur,
3511 4228 3750 4297 aliasque

2178 4326 2431 4396 plurimas
2459 4322 2695 4386 accedit,
2741 4319 2879 4390 quod
2921 4319 3017 4374 sibi
3065 4333 3266 4386 magnae
3313 4317 3661 4370 immunditia:
3692 4328 3750 4372 et

2179 4414 2406 4469 lasciviae
2443 4412 2657 4468 conscia
2689 4417 2862 4473 esset;
2891 4424 2988 4462 nec
3019 4408 3246 4476 publice,
3270 4407 3363 4461 sed
3385 4408 3436 4460 in
3465 4405 3647 4459 domo.
3681 4405 3750 4459 Et

2177 4521 2300 4560 cum
2343 4504 2430 4556 alii
2473 4517 2658 4555 omnes
2703 4514 2798 4568 pro
2839 4499 3066 4552 sanitate
3108 4498 3344 4567 corporis
3395 4495 3747 4558 accederent,

2180 4594 2394 4650 honoris
2422 4602 2625 4646 tantum
2650 4604 2806 4643 causa
2837 4588 3140 4653 accedebat,
3170 4597 3224 4642 et
3249 4598 3308 4640 ut
3334 4587 3523 4640 anima:
3549 4586 3751 4639 sanita-

2180 4697 2285 4739 tem
2315 4691 2748 4751 consequeretur.
2779 4679 2932 4732 Nulla
2969 4679 3110 4731 enim
3150 4677 3390 4745 corporis
3431 4675 3748 4745 aegritudine

2178 4775 2828 4839 tenebaturzqnaproptcr
2869 4765 3176 4820 admiranda
3222 4765 3449 4820 maxime
3476 4763 3745 4819 videatur.

2174 4863 2354 4931 Neque
2383 4863 2530 4914 illum
2559 4868 2614 4913 ut
2660 4858 2928 4911 hominem
2975 4864 3177 4909 tantum
3217 4853 3361 4918 adit;
3393 4868 3566 4923 neque
3599 4853 3746 4908 enim

2175 4951 2379 5019 capillis
2410 4949 2772 5011 abstersisset;
2801 4946 2891 5000 sed
2923 4955 2978 4998 ut
3004 4945 3218 4998 homine
3239 4943 3514 5012 majorem.
3540 4942 3749 4996 idcirco

2175 5041 2410 5095 omnium
2436 5038 2792 5092 membrorum
2823 5037 3204 5090 nobilissimum
3229 5043 3388 5104 caput
3409 5047 3562 5088 suum
3587 5033 3746 5104 pedi-

2174 5133 2274 5186 bus
2295 5131 2490 5186 Christi
2523 5130 2772 5183 admovit.
2801 5128 2854 5182 8.
2894 5128 3125 5181 Videntes
3150 5137 3316 5180 autem
3344 5126 3584 5194 discipuli
3606 5128 3744 5193 ejus,

2176 5223 2360 5292 inquit,
2390 5219 2633 5289 indignati
2671 5228 2804 5284 sunt,
2850 5218 3066 5271 dicentes
3088 5234 3106 5271 :
3121 5217 3201 5270 Ad
3225 5218 3346 5286 quid
3365 5217 3580 5287 perditio
3600 5216 3748 5269 lucc?

2175 5317 2229 5368 9.
2276 5312 2446 5365 Potuit
2489 5311 2619 5364 enim
2661 5318 2967 5379 unguentum
3011 5309 3104 5360 hoc
3143 5307 3434 5362 venumdari
3463 5306 3657 5371 multo,
3697 5315 3745 5359 et

2176 5406 2287 5458 dari
2323 5403 2643 5475 pauperibus.
2687 5401 2774 5455 10.
2819 5399 2996 5455 Sciens
3041 5410 3209 5454 autem
3244 5399 3393 5453 .lesus
3441 5398 3615 5452 dixit:
3640 5398 3744 5451 Cur

2176 5497 2368 5550 molesti
2406 5496 2522 5548 estis
2561 5493 2676 5546 huic
2715 5493 2951 5545 mulieri?
2983 5490 3123 5560 Opus
3153 5491 3287 5544 enim
3325 5491 3509 5543 bonum
3535 5497 3747 5556 operata

2175 5597 2245 5639 est
2274 5568 2325 5638 in
2355 5601 2450 5638 me.
2481 5585 2564 5637 ll.
2600 5583 2854 5651 Pauperes
2883 5583 3011 5635 enim
3039 5596 3234 5649 semper
3257 5580 3443 5632 habetis
3469 5577 3744 5644 vobiscum,

2175 5694 2253 5732 me
2279 5687 2444 5731 autem
2473 5692 2570 5729 non
2599 5691 2790 5744 semper
2817 5674 3025 5726 habetis.
3061 5673 3148 5726 19..
3181 5669 3463 5724 lmmittens
3492 5669 3624 5721 enim
3651 5668 3747 5721 hoc
