4104 6218
390 407 491 465 725

390 532 698 593 unguentum
730 524 779 574 iu
803 538 983 589 corpus
1026 538 1183 572 meum
1210 559 1223 582 ,
1254 523 1319 571 ad
1348 518 1683 586 sepeliendum
1721 530 1796 565 me
1822 511 1955 580 fecit.

392 614 478 666 15.
511 613 666 665 Amen
697 613 811 665 dico
831 611 984 673 robis,
1009 613 1301 677 ubicumque
1331 609 1655 677 prtrdicutum
1687 607 1836 675 fuerit
1867 606 1959 657 hoc

391 701 697 770 euangelium
720 702 770 753 in
792 702 1018 753 uniuerso
1048 701 1252 762 arundo,
1280 709 1328 753 ct
1353 698 1484 766 quod
1504 698 1611 751 Iuro
1632 698 1746 760 [erit
1768 698 1960 748 dicetur

392 792 440 845 in
464 793 751 844 memoriam
777 793 900 854 rius.
933 792 993 845 [ﬁt
1025 792 1165 847 unde
1193 791 1307 844 lucc
1334 792 1436 842 illis
1464 789 1713 859 cogitatio
1740 787 1957 840 suborta

390 882 508 935 cSt?
549 880 840 935 Audierant
882 880 1144 935 dicentem
1186 880 1525 949 Magistrum,
1560 876 1957 933 illisericordiant

391 971 522 1035 volo,
541 980 586 1024 et
615 988 713 1026 nou
740 972 1040 1038 sacriﬁcium
1062 970 1213 1040 (Osce
1252 972 1307 1026 6.
1339 971 1416 1041 6),
1444 970 1759 1037 Iudaeaque
1782 968 1957 1022 incre-

392 1070 626 1128 pantem,
655 1061 778 1129 quia
810 1061 1010 1127 majora
1037 1060 1369 1129 negligebaut
1391 1099 1403 1121 ,
1428 1059 1684 1127 judicium
1707 1098 1720 1119 .
1752 1058 1959 1113 miseri-

391 1148 626 1202 eordiam
653 1159 706 1205 et
733 1148 885 1203 ﬁdem
908 1188 924 1213 ,
965 1159 1019 1204 ct
1047 1150 1210 1205 tuulta
1243 1150 1293 1202 in
1324 1159 1502 1202 inoute
1530 1149 1597 1202 de
1621 1148 1955 1215 elecmosyua

391 1239 693 1306 loquentem
721 1256 734 1289 :
760 1240 987 1309 hincque
1009 1240 1147 1308 apud
1185 1254 1243 1295 se
1282 1239 1602 1308 colligebant
1626 1238 1954 1305 cogitabant.-

390 1343 493 1393 que
513 1369 526 1390 ,
558 1330 600 1380 si
630 1328 934 1383 holocausta
964 1338 1018 1383 et
1046 1338 1281 1384 veterem
1310 1328 1509 1381 cultum
1538 1342 1645 1381 non
1675 1326 1952 1391 admittat,

392 1419 562 1473 multo
590 1420 763 1475 minus
800 1421 1050 1489 unguenti
1084 1420 1403 1474 unctionem.
1430 1418 1536 1474 Sed
1564 1418 1614 1471 hi
1641 1418 1853 1487 quidem
1878 1419 1954 1470 sic

388 1512 708 1579 cogitabant,
734 1511 845 1579 ipse
864 1525 989 1566 vero
1013 1520 1245 1565 mentem
1263 1510 1377 1578 ejus
1400 1510 1708 1579 reSpiciens,
1730 1508 1949 1563 dimisit.

388 1600 517 1653 Nam
542 1602 704 1655 inulta
732 1602 898 1672 pietas
924 1612 1037 1656 erat
1064 1612 1118 1656 et
1144 1601 1407 1655 inell‘abile
1429 1601 1658 1655 studium
1692 1617 1708 1654 :
1732 1600 1954 1668 ideoque

386 1692 503 1760 ejus
531 1693 737 1747 alfectui
777 1711 834 1749 se
877 1702 1273 1762 attctuperans,
1313 1692 1577 1747 concessit
1620 1699 1679 1744 ιιι
1720 1693 1772 1743 in
1797 1698 1953 1759 caput

388 1785 551 1851 ipsius
578 1784 755 1838 oleum
782 1782 1157 1838 ell‘undcretur.
1187 1783 1317 1837 Nam
1345 1783 1387 1836 si
1430 1783 1590 1836 homo
1619 1780 1734 1835 ﬁeri
1754 1823 1768 1843 ,
1805 1794 1954 1836 utero

385 1877 599 1941 gestari,
643 1876 777 1929 laete
825 1875 1011 1928 nutriri
1043 1889 1147 1928 non
1178 1875 1462 1937 recusavit,
1509 1874 1634 1943 quid
1660 1873 1871 1927 miraris
1906 1872 1954 1926 si

384 1966 487 2019 hoc
533 1984 635 2019 non
672 1966 940 2033 depellat?
984 1967 1437 2034 Quemadmodum
1468 1968 1609 2020 enim
1652 1966 1807 2020 Pater
1838 1965 1955 2034 ejus

387 2057 625 2109 nidorem
655 2066 707 2111 et
734 2056 953 2120 fumum,
979 2057 1055 2109 sic
1098 2066 1148 2111 et
1179 2058 1291 2124 ipse
1324 2057 1656 2110 meretricem
1684 2056 1945 2124 suscepit,

384 2146 498 2213 ejus
530 2156 761 2201 mentem
789 2156 841 2201 et
863 2149 1118 2211 animum,
1150 2155 1205 2201 ut
1226 2146 1353 2208 dixi,
1391 2146 1709 2215 approbatis.
1744 2146 1949 2201 Etenim

382 2237 548 2289 Jacob
595 2239 810 2306 cippum
858 2239 966 2292 Deo
1012 2239 1233 2299 iuuuxit,
1276 2247 1331 2293 et
1370 2239 1423 2294 in
1452 2239 1727 2293 sacriﬁciis
1772 2239 1950 2292 oleum

379 2326 714 2391 offerebatur,
746 2328 1154 2396 sacerdotesque
1172 2338 1437 2397 unguento
1453 2330 1784 2397 iungebantur
1798 2328 1947 2398 (Gen.

380 2415 471 2470 28.
520 2417 614 2484 48;
658 2417 814 2472 Lerit.
844 2418 898 2475 ἓ.
928 2419 964 2474 4
1005 2428 1051 2472 et
1088 2419 1141 2472 8.
1174 2420 1267 2487 10)
1311 2438 1324 2473 :
1366 2435 1547 2473 verum
1589 2420 1833 2490 discipuli
1858 2422 1949 2490 qui

378 2508 616 2563 tuulicris
646 2511 879 2563 animum
908 2525 1012 2565 non
1041 2514 1453 2579 cognoscebant,
1483 2513 1780 2581 importune
1806 2514 1946 2568 illam

376 2600 816 2667 criiuinabauutr,
849 2611 902 2657 et
943 2603 1242 2657 accusando
1291 2604 1527 2659 mulieris
1575 2604 1946 2661 liberalitatem

374 2690 677 2745 0~lcndunt.
709 2692 839 2746 Cum
863 2692 1045 2747 dicunt
1070 2695 1232 2759 extim,
1265 2693 1478 2751 Poterat
1506 2697 1755 2751 trecentis
1781 2697 1950 2752 dena-

373 2779 469 2832 riis
496 2780 842 2845 venumdari,
891 2783 1179 2836 ostendunt
1220 2795 1471 2849 quantum
1516 2786 1856 2855 insutnpserit
1892 2788 1944 2841 iu

375 2879 699 2939 unguentum
728 2871 861 2926 illud
889 2912 903 2935 ,
934 2881 991 2928 et
1018 2884 1265 2942 quantam
1294 2875 1597 2931 exhibuerit
1623 2878 1943 2934 muniﬁcen-

371 2960 521 3012 tiam.
547 2961 901 3027 Quamobrem
931 2963 1070 3031 ipsos
1092 2965 1340 3033 increpat,
1369 2967 1553 3023 dicens
1577 2985 1592 3022 :
1622 2969 1725 3024 Cur
1749 2971 1945 3025 molesti

371 3052 489 3107 estis
517 3052 631 3105 huic
652 3053 847 3107 mulieri
864 3055 889 3107 Ρ
917 3056 981 3109 Ει
1008 3057 1260 3111 rationem
1283 3059 1482 3129 adjicit,
1514 3070 1569 3115 ut
1599 3062 1705 3118 illis
1728 3068 1939 3134 passio-

373 3144 456 3197 nis
485 3147 792 3201 memoriam
819 3158 1091 3203 revocaret
1118 3165 1132 3201 :
1163 3151 1241 3203 Ad
1266 3154 1577 3220 sepulturam
1602 3157 1747 3211 enim
1774 3174 1938 3213 meast

370 3236 467 3290 hoc
509 3239 643 3307 fecit.
688 3239 922 3308 Itemque
961 3241 1102 3296 aliud
1148 3243 1478 3299 ratiocinium
1518 3247 1718 3303 addidit
1749 3267 1763 3303 :
1791 3249 1935 3306 Past-

369 3345 510 3393 peres
532 3332 663 3384 enim
687 3349 882 3400 semper
904 3334 1174 3398 uobiscum,
1211 3353 1289 3390 me
1314 3349 1480 3392 autem
1499 3356 1599 3394 non
1621 3359 1816 3413 semper
1839 3347 1935 3400 ha-

366 3420 506 3474 betis.
538 3422 621 3485 Et,
646 3422 955 3493 Ubicumque
970 3426 1293 3494 praedicatum
1312 3430 1463 3497 fuerit
1488 3430 1582 3484 hoc
1600 3436 1931 3505 evangelium,

363 3522 410 3563 ct
431 3513 566 3575 quod
586 3515 692 3567 haec
720 3517 836 3584 fecit
880 3516 1089 3569 dicetur.
1124 3517 1366 3573 Vidistin’
1413 3525 1681 3589 quomodo
1727 3526 1932 3580 exitum

361 3601 428 3655 ad
457 3612 640 3671 gentes
667 3606 1002 3673 prmiitttuiet,
1039 3606 1124 3661 hic
1169 3609 1329 3662 etiam
1368 3610 1641 3680 discipulis
1669 3614 1734 3670 de
1762 3626 1934 3672 morte

362 3706 459 3745 sua
506 3693 924 3751 consolationem
974 3697 1241 3752 atterens?
1302 3698 1577 3769 Siquidem
1623 3714 1763 3759 tanta
1813 3716 1933 3775 post

360 3797 572 3837 crucem
604 3784 769 3839 virtus
791 3786 905 3855 ejus
932 3788 1101 3843 futura
1131 3799 1232 3855 est,
1266 3800 1323 3845 ut
1349 3795 1657 3861 praedicatio
1688 3799 1702 3829 ι
1735 3812 1829 3866 per
1852 3806 1933 3851 to-

362 3882 473 3926 tum
502 3875 686 3929 urbem
713 3876 1032 3934 ellutidatur.
1079 3882 1209 3947 Quis
1249 3886 1317 3938 ita
1358 3885 1519 3940 miser
1546 3896 1646 3951 est,
1683 3897 1739 3942 ut
1769 3898 1931 3944 tantm

338 3965 564 4018 veritati
608 3968 897 4036 repugnet?
924 3970 1059 4025 Ecce
1098 3974 1241 4028 enim
1282 3976 1352 4035 id.
1384 3978 1524 4047 quod
1551 3979 1703 4044 dixit,
1738 3982 1928 4036 factum

354 4064 472 4118 est;
516 4065 571 4108 et
598 4072 930 4128 quocumque
983 4070 1247 4118 terrarum
1299 4067 1417 4131 ibis,
1472 4070 1606 4125 hanc
1652 4071 1927 4127 mulierem

358 4143 633 4210 pra-dicari
661 4147 841 4201 audies
875 4165 887 4202 :
917 4166 1231 4221 quamquam
1278 4156 1362 4209 illa
1411 4174 1516 4212 non
1559 4161 1779 4230 insignis
1807 4180 1927 4233 pcr-

354 4250 485 4291 sona
513 4248 671 4299 esset,
718 4255 814 4294 nec
836 4242 984 4295 multi
1011 4253 1171 4298 testes
1200 4247 1484 4313 adessent;
1516 4266 1610 4305 nec
1634 4254 1685 4305 in
1718 4255 1927 4309 theatro

355 4326 582 4397 quodam
613 4344 698 4382 res
725 4339 868 4395 gesta
900 4342 1063 4398 esset,
1093 4336 1185 4387 sed
1214 4337 1263 4388 in
1285 4337 1467 4406 domo,
1494 4350 1544 4395 et
1573 4343 1625 4396 in
1651 4344 1811 4401 domo
1851 4347 1925 4402 le-

355 4417 519 4487 prosi,
550 4416 820 4486 discipulis
848 4429 1049 4474 tantum
1077 4429 1443 4491 prmseutihus.

423 4512 477 4565 2.
517 4513 643 4580 Quis
672 4512 772 4566 hoc
804 4513 870 4566 ita
913 4516 1141 4583 vulgavit
1174 4528 1227 4572 et
1253 4522 1555 4587 prd-dicavit
1583 4526 1607 4577 ?
1636 4526 1925 4597 Loquentis

352 4602 536 4656 virtus.
582 4600 737 4656 Certe
782 4618 963 4672 regum
1009 4607 1292 4661 multorum
1343 4621 1397 4664 et
1439 4612 1628 4668 ducum
1654 4658 1667 4680 ,
1698 4634 1921 4686 quorum

348 4693 510 4744 etiam
555 4702 897 4747 monumenta
936 4704 1180 4759 utauent,
1214 4713 1303 4753 res
1343 4711 1507 4770 gestat
1546 4713 1820 4772 tacentur;
1862 4726 1924 4765 ac

350 4784 475 4837 licet
502 4783 658 4837 urbes
705 4786 1053 4841 escitaverint
1073 4828 1089 4853 ,
1116 4805 1298 4845 muros
1329 4793 1840 4866 circumstruxerint,
1870 4802 1922 4856 in

350 4876 508 4930 bellis
536 4876 766 4932 victores
808 4877 1043 4943 fuerint,
1076 4890 1271 4950 tropaea
1300 4887 1566 4941 erexerint
1586 4929 1600 4952 ,
1632 4901 1923 4962 gentesque

349 4966 544 5018 multas
570 4965 623 5019 in
651 4966 964 5022 servitutem
998 4970 1327 5040 redegerint,
1365 4990 1464 5030 nec
1495 4978 1630 5032 fama
1655 5019 1669 5045 ,
1699 4996 1796 5035 nec
1820 4999 1919 5036 no-

349 5057 496 5111 mine
532 5072 630 5112 suo
670 5059 780 5111 noti
809 5068 930 5113 sunt
950 5099 968 5123 ,
999 5061 1203 5118 etiamsi
1230 5075 1285 5120 et
1313 5074 1514 5121 statuas
1537 5073 1802 5126 erexerint
1822 5115 1837 5139 ,
1868 5084 1923 5129 et

350 5148 496 5217 leges
519 5148 761 5203 dederint
789 5166 802 5202 :
834 5151 973 5220 quod
997 5163 1171 5209 autem
1196 5158 1443 5212 meretrix
1473 5160 1646 5215 oleum
1677 5163 1921 5220 effuderit

349 5239 404 5291 in
431 5238 591 5293 domo
616 5241 810 5309 leprosi
830 5284 847 5308 ,
921 5241 1106 5296 decem
1180 5246 1307 5299 viris
1330 5254 1677 5317 pnnsentibus
1702 5296 1715 5320 ,
1746 5256 1799 5309 id
1824 5272 1917 5325 per

348 5327 531 5383 orbem
574 5341 787 5384 cantant
816 5346 999 5385 omnes
1023 5373 1037 5392 .
1068 5347 1131 5387 ac
1168 5346 1284 5403 post
1315 5346 1517 5393 tantum
1559 5346 1812 5411 temporis
1843 5347 1917 5401 rei

345 5430 511 5487 gesta:
532 5423 781 5475 menmria
813 5440 921 5475 non
950 5425 1202 5479 minuitur
1232 5429 1360 5483 :sed
1390 5431 1586 5499 Persas,
1615 5435 1747 5502 ludi,
1778 5438 1914 5510 Scy-

350 5509 477 5573 thae,
500 5510 751 5576 Thraces,
779 5513 1123 5581 Sauromatae,
1149 5517 1333 5582 Mauri,
1360 5523 1445 5588 qui
1477 5522 1802 5582 Britannicas
1832 5509 1915 5583 iu-

347 5599 492 5653 solas
522 5601 776 5666 ineolttut,
807 5604 945 5671 quod
974 5604 1024 5658 in
1053 5605 1234 5662 ludam
1264 5610 1317 5664 iu
1353 5611 1513 5669 dumo
1536 5616 1785 5685 quadam,
1817 5635 1917 5674 nec

419 5755 435 5787 ⁸
461 5763 564 5811 Pro,
589 5758 888 5818 prwdimtio.
914 5760 990 5807 alii
1016 5768 1067 5809 et
1092 5764 1253 5812 Morel.
1279 5764 1468 5829 legunt,
1493 5770 1805 5833 evangelium.

639 5862 906 5921 Puncta
956 5861 1074 5921 Gn.
1126 5866 1341 5931 LVlll.

1268 406 1329 460 IN
1370 398 1769 459 ΜΧΤΠΙΛΞΙΜ
1814 393 2033 451 ιιυιιιι.
2080 394 2287 450 LXXX.
2329 402 2394 452 al.
2442 402 2674 458 LXXXL

3539 408 3642 461 7‘6

2071 511 2259 575 palatii,
2312 528 2340 565 a
2394 518 2668 569 incrctriro
2717 518 2908 572 factum
2966 532 3044 573 est
3076 562 3088 583 ,
3121 522 3426 589 pradicant.
3460 523 3640 594 Magna

2070 603 2277 657 Domini
2309 606 2603 675 benignitas
2638 612 2966 666 meretricem
3011 612 3111 666 fert
3136 653 3150 676 ,
3181 617 3514 671 meretricem
3546 634 3636 687 pe-
3716 627 3727 675 ἱ

2066 693 2160 747 des
2189 697 2513 752 osculantem
2543 741 2557 763 ,
2585 702 2809 769 meoque
2838 704 3093 771 rigantem
3120 745 3133 769 ,
3167 714 3219 758 et
3245 708 3636 775 abstergeutcm

2064 786 2302 851 capillis;
2334 789 2476 841 illam
2498 790 2746 856 admittit,
2780 801 2830 846 et
2869 803 3151 862 arguentes
3171 796 3407 865 increpat
3430 815 3442 850 :
3468 816 3637 869 neque

2064 878 2205 932 enim
2233 882 2467 947 oportuit
2493 898 2589 949 pro
2621 892 2764 936 tanto
2789 887 2965 940 studio
2995 888 3268 941 mulierem
3297 892 3633 959 reprehendi.

2065 966 2145 1020 Tu
2173 982 2300 1023 vero
2319 970 2448 1023 mihi
2470 971 2773 1026 consideres
2795 974 2939 1032 illud.
2965 992 3121 1044 quam
3148 978 3355 1033 sublimi
3380 981 3558 1033 auium
3591 994 3636 1035 rt

2063 1056 2129 1111 ad
2169 1056 2583 1115 misericordiam
2628 1077 2797 1130 prono
2842 1076 3022 1132 postea
3064 1077 3263 1122 03:0"1.
3296 1068 3359 1123 Et
3404 1086 3500 1125 cur
3530 1085 3634 1123 tnr

2062 1148 2377 1214 simpliciter
2400 1149 2553 1212 dixit,
2586 1151 2786 1207 Bonum
2813 1168 2947 1221 opus
2969 1155 3095 1210 fecit
3127 1175 3141 1211 :
3171 1158 3263 1213 sed
3291 1162 3471 1228 prius,
3497 1161 3633 1227 Quid

2062 1236 2258 1291 molesti
2285 1240 2402 1293 estis
2431 1241 2672 1295 mulieri?
2697 1241 2763 1297 Ut
2786 1243 3051 1301 discerent
3077 1262 3182 1301 non
3209 1264 3237 1302 τι
3266 1250 3522 1320 principio
3541 1268 3629 1307 su-

2060 1324 2303 1380 blimiora
2370 1328 2439 1382 ab
2489 1328 2837 1385 imbecillibus
2888 1347 3006 1387 esse
3053 1338 3299 1402 petenda.
3350 1338 3475 1393 Ideo
3526 1358 3629 1395 nou

2062 1414 2229 1482 ipsam
2259 1432 2370 1471 rem
2400 1419 2713 1487 simpliciter
2738 1422 3004 1477 examinat
3026 1463 3041 1487 ,
3070 1424 3164 1478 sed
3195 1426 3369 1482 addita
3396 1431 3631 1485 mulieris

2062 1521 2307 1573 persona.
2340 1507 2469 1561 Nam
2497 1509 2542 1563 si
2572 1510 2742 1577 legem
2775 1512 2953 1576 ferret,
2984 1513 3050 1568 de
3082 1515 3302 1571 muliere
3329 1533 3430 1572 non
3460 1521 3614 1589 loque

2061 1606 2206 1650 retur
2235 1613 2249 1652 :
2277 1597 2369 1651 sed
2394 1607 2448 1651 ut
2474 1600 2647 1653 discas
2667 1600 2715 1654 id
2738 1610 2954 1669 propter
2983 1604 3148 1671 ipsam
3176 1606 3372 1662 dictum
3398 1624 3538 1674 esse,
3565 1627 3629 1663 ne

2058 1689 2440 1756 germinantem
2465 1689 2580 1759 ejus
2608 1690 2764 1745 ﬁdem
2791 1694 3102 1759 obruerent,
3131 1695 3226 1750 sed
3271 1699 3438 1767 magis
3483 1700 3628 1754 fove.

2059 1788 2179 1832 rent
2207 1796 2221 1831 :
2251 1778 2372 1834 ideo
2398 1781 2476 1834 sic
2506 1781 2757 1850 loquitur,
2790 1792 2844 1837 ut
2882 1798 2980 1838 nos
3004 1784 3191 1840 doceat
3213 1824 3229 1851 ,
3261 1789 3630 1861 quodcumque

2058 1869 2253 1923 bonum
2295 1886 2327 1925 a
2373 1872 2558 1939 quovis
2599 1872 2708 1937 ﬁat,
2740 1874 2946 1928 etiamsi
2989 1891 3093 1930 non
3124 1878 3406 1934 admodum
3455 1884 3627 1949 perto-

2058 1969 2203 2014 ctum
2233 1960 2319 2025 sit,
2353 1963 2745 2031 suscipiendum
2775 1979 2837 2020 ac
2865 1966 3145 2023 fovendum
3178 1984 3317 2037 esse,
3342 1981 3395 2026 ct
3420 1974 3485 2025 ad
3512 1991 3626 2029 ma-

2055 2049 2170 2120 jora
2195 2050 2600 2107 deducendum:
2626 2070 2802 2124 neque
2849 2057 2998 2111 initio
3036 2074 3249 2115 oinnem
3291 2064 3629 2129 pet-lectionis

2056 2142 2444 2203 accurationem
2474 2158 2592 2201 esse
2619 2147 2975 2213 qumrcndam.
3004 2146 3135 2204 Nam
3155 2150 3421 2206 Christum
3446 2154 3514 2207 ita
3540 2173 3626 2205 vo-

2056 2231 2218 2285 luisse
2244 2231 2368 2286 hinc
2397 2242 2579 2303 patet,
2607 2235 2745 2305 quod
2777 2250 2895 2290 cum
2927 2253 3029 2291 non
3064 2238 3315 2306 haberet,
3357 2243 3444 2295 ubi
3471 2258 3622 2311 caput

2054 2334 2208 2373 suum
2237 2322 2547 2383 reclinaret.
2579 2324 2779 2379 loculos
2809 2336 2982 2380 tamen
3018 2328 3347 2393 circumferri
3385 2332 3621 2399 jusserii.

2053 2414 2157 2469 Sed
2188 2424 2311 2470 tunc
2355 2417 2483 2471 illud
2510 2424 2717 2487 tempus
2744 2435 2847 2474 non
2876 2422 3183 2489 requirebat
3203 2460 3218 2485 .
3252 2434 3308 2477 ut
3334 2440 3418 2479 res
3442 2441 3599 2478 einen

2052 2507 2290 2570 daretur,
2320 2507 2412 2565 sed
2443 2516 2497 2562 ut
2522 2510 2882 2579 susciperetur
2909 2520 3132 2567 tantum.
3164 2512 3618 2579 Quemadmodum

2050 2596 2193 2650 enim
2238 2597 2283 2652 si
2319 2599 2441 2667 quis
2472 2601 2541 2654 ab
2586 2615 2650 2656 eo
2700 2603 3049 2671 quaesivisset,
3093 2606 3314 2662 muliere
3366 2622 3471 2661 non
3521 2607 3620 2661 hoc

2051 2685 2221 2754 ipsum
2248 2685 2506 2755 faciente,
2536 2706 2638 2747 non
2669 2692 2741 2746 ita
2764 2692 3064 2751 faciendum
3094 2710 3216 2752 esse
3252 2696 3472 2752 dixisset
3501 2716 3515 2752 :
3544 2700 3619 2752 sic

2049 2777 2171 2846 quia
2195 2778 2281 2834 illa
2313 2780 2422 2848 jam
2457 2782 2670 2848 fecerat,
2699 2783 2752 2840 in
2780 2785 2832 2840 id
2861 2802 3020 2842 unum
3045 2797 3244 2843 emtum
3275 2792 3523 2859 respicit,
3554 2809 3618 2847 no

2049 2868 2410 2939 increpatione
2448 2874 2825 2944 discipulorum
2870 2878 2922 2932 in
2963 2880 3231 2948 angustias
3258 2882 3570 2951 conjiciatur
3598 2924 3613 2946 ,

2045 2959 2139 3014 sed
2165 2968 2220 3013 ut
2248 2960 2362 3030 ipso
2403 2973 2621 3019 curante
2662 2965 2885 3022 alacrior
2923 2966 3054 3022 facta
3077 3008 3093 3033 ,
3124 2969 3174 3022 in
3208 2967 3398 3025 melius
3429 2986 3614 3040 proco-

2045 3050 2152 3105 dat.
2181 3051 2313 3106 Nam
2336 3062 2608 3124 postquam
2632 3056 2807 3112 oleum
2828 3056 3049 3113 eﬂ‘usum
3078 3058 3193 3126 fuit,
3213 3060 3320 3127 jam
3351 3076 3455 3114 non
3486 3072 3616 3117 tem-

2042 3143 2244 3207 pestiva
2266 3152 2382 3197 erat
2403 3145 2608 3199 illorum
2634 3146 2940 3215 increpatio.
2955 3147 3021 3203 Et
3047 3157 3100 3201 tu
3128 3163 3340 3219 quoque
3363 3151 3406 3206 si
3429 3167 3584 3219 quem

2041 3233 2183 3301 piam
2224 3234 2405 3288 videas
2444 3250 2566 3287 vasa
2607 3251 2753 3290 sacra
2796 3236 3140 3291 adornantem
3172 3247 3226 3292 et
3261 3238 3567 3294 offerentem
3593 3281 3608 3305 ,

2040 3330 2131 3377 aut
2157 3322 2319 3377 alium
2359 3324 2595 3378 ecclesia:
2623 3333 2863 3378 ornatum
2886 3326 3021 3379 circa
3049 3340 3231 3382 muros
3256 3336 3312 3382 et
3341 3329 3609 3396 pavimen-

2041 3420 2150 3467 tum
2180 3412 2584 3468 concinnantcm
2611 3455 2624 3477 ,
2656 3429 2721 3469 ne
2744 3414 2932 3484 jubeas
2964 3416 3052 3470 illa
3081 3418 3408 3482 venumdari,
3440 3428 3532 3473 aut
3558 3420 3607 3474 id

2037 3501 2176 3571 quod
2206 3501 2399 3558 Enetum
2425 3512 2508 3559 est
2530 3505 2721 3571 everti,
2752 3518 2822 3560 ne
2860 3506 2999 3561 illius
3022 3506 3347 3563 alacritatem
3378 3508 3608 3562 minuas.

2035 3593 2088 3661 Si
2117 3607 2241 3646 vero
2272 3595 2571 3663 priusquam
2618 3596 2730 3652 haec
2762 3597 3018 3663 adornet,
3049 3599 3325 3654 consilium
3365 3614 3395 3654 a
3433 3608 3487 3654 te
3519 3617 3607 3671 pc-

2037 3682 2198 3749 tierit,
2222 3684 2347 3752 jube
2373 3688 2688 3753 pauperibus
2708 3688 2820 3742 dari
2847 3707 2859 3742 :
2892 3705 3011 3742 nam
3037 3702 3089 3744 et
3117 3692 3247 3759 ipse,
3275 3707 3340 3747 ne
3370 3693 3608 3747 mulieris

2036 3772 2295 3828 fervorem
2339 3778 2726 3847 exstingueret,
2756 3778 2827 3833 ita
2872 3779 3028 3845 fecit;
3056 3790 3110 3835 et
3148 3782 3401 3852 quidquid
3443 3783 3604 3849 dicit,

2033 3863 2098 3917 ad
2141 3865 2259 3933 ejus
2300 3867 2717 3929 consolationem
2749 3870 2935 3938 vergit.
2968 3869 3167 3925 Deinde
3194 3872 3316 3939 quia
3354 3871 3562 3927 dixerat
3584 3913 3600 3934 ,

2033 3954 2114 4007 Ad
2136 3956 2441 4023 sepulturae:
2468 3973 2627 4011 nicum
2658 3959 2813 4027 fecit:
2841 3974 2907 4014 ue
2935 3959 3206 4016 videretur
3231 3961 3511 4017 n'tulierem
3552 3966 3607 4019 in

2031 4043 2248 4099 dubittm
2275 4049 2538 4116 conjicere
2561 4088 2576 4114 ,
2603 4049 2728 4104 dum
2768 4052 3091 4120 sepulturam
3122 4062 3177 4108 et
3203 4063 3425 4108 Incirtem
3452 4071 3602 4109 com-

2032 4146 2372 4203 memoraret,
2403 4139 2521 4193 vide
2546 4140 2811 4208 quomodo
2848 4143 2900 4197 in
2924 4145 3267 4212 sequentibus
3294 4145 3434 4199 illam
3465 4146 3603 4200 solu-

2031 4235 2119 4282 lur
2163 4228 2245 4281 his
2291 4228 2507 4283 verbis:
2541 4229 2688 4297 Quod
2736 4233 2845 4285 [two
2890 4235 3009 4303 fecit
3056 4236 3345 4289 narrabitur
3394 4237 3451 4287 in
3500 4246 3604 4290 toto

2029 4320 2237 4374 mundo.
2265 4320 2375 4375 Hoc
2400 4330 2450 4373 et
2480 4321 2749 4389 discipulis
2776 4326 3122 4379 consolationi
3151 4336 3287 4391 erat,
3312 4342 3368 4383 et
3394 4330 3601 4387 mulieri

2029 4410 2166 4464 laudi
2203 4420 2259 4464 et
2297 4411 2564 4466 levamini.
2594 4412 2794 4470 Omnes
2813 4453 2830 4481 ,
2859 4415 3046 4483 inquit,
3076 4419 3217 4471 illam
3251 4429 3430 4486 postea
3456 4421 3598 4474 cele-

2027 4500 2290 4567 brabuut;
2322 4518 2459 4557 nunc
2488 4505 2784 4572 passionem
2817 4508 3205 4573 prwnuntiavit,
3238 4509 3363 4563 dum
3392 4525 3453 4563 ea
3485 4529 3601 4579 quae

2026 4595 2091 4649 ad
2114 4595 2438 4662 sepulturam
2465 4596 2728 4663 pertinent
2755 4596 2942 4651 obtulit
2971 4615 2983 4651 :
3012 4613 3080 4653 ne
3109 4599 3285 4669 itaque
3311 4602 3429 4668 quis
3456 4602 3600 4657 illam

2029 4685 2283 4753 increpet.
2329 4685 2555 4741 Tantum
2598 4686 2741 4740 enim
2788 4688 2941 4742 abest
2968 4697 3025 4743 ut
3071 4690 3211 4744 illam
3238 4691 3509 4757 damuem,
3548 4708 3596 4745 ιιι

2026 4790 2144 4843 qua:
2160 4774 2501 4839 malefecerit,
2527 4785 2581 4830 ut
2602 4776 2987 4845 reprehendam
3008 4788 3065 4834 ut
3084 4795 3202 4849 quae
3221 4780 3524 4851 deliquerit,
3547 4796 3602 4836 ut

2026 4879 2132 4918 non
2159 4865 2328 4919 sinam
2356 4866 2547 4921 factum
2571 4867 2755 4935 latere,
2782 4869 2875 4923 sed
2904 4870 3131 4925 mundus
3151 4871 3283 4927 sciet
3310 4872 3362 4927 id
3385 4874 3522 4942 quod
3549 4874 3599 4927 in

2027 4955 2188 5010 domo
2215 4965 2270 5010 et
2312 4957 2363 5010 in
2393 4958 2705 5013 abscondito
2732 4959 2930 5015 factum
2956 4971 3056 5016 est.
3081 4961 3213 5016 Nam
3248 4978 3280 5018 a
3310 4963 3394 5033 pia
3424 4974 3601 5021 mente

2026 5045 2141 5100 lucc
2168 5043 2397 5115 profecta
2425 5057 2636 5111 sunt,et
2654 5063 2685 5102 a
2708 5047 2811 5104 fide
2839 5049 3046 5105 ardenti
3066 5057 3120 5104 et
3140 5051 3320 5106 animo
3347 5054 3596 5107 contrito.

2024 5135 2135 5189 Cur
2158 5150 2285 5191 vero
2312 5137 2440 5191 nihil
2471 5138 2744 5207 spirituale
2770 5140 3011 5209 promisit
3038 5141 3269 5206 mulieri,
3296 5142 3389 5197 sed
3415 5158 3597 5211 perpe-

2028 5234 2172 5280 tuam
2200 5228 2508 5282 memoriam
2526 5229 2548 5282 ?
2569 5228 2671 5283 Per
2689 5227 2885 5284 luec'id
2911 5229 3110 5298 eﬁecit,
3134 5241 3190 5285 ut
3214 5231 3283 5287 de
3309 5233 3409 5287 illis
3439 5235 3600 5288 etiam

2025 5326 2283 5385 speraret.
2313 5318 2444 5372 Nam
2486 5318 2532 5373 si
2572 5334 2706 5389 opus
2736 5321 2931 5377 bonum
2972 5321 3128 5388 fecit,
3152 5321 3293 5378 haud
3331 5323 3492 5379 dubie
3520 5325 3599 5377 di-

2023 5422 2181 5477 gnam
2220 5407 2517 5463 mercedem
2544 5411 2781 5478 recipiet.
2815 5411 2900 5469 14.
2936 5411 3074 5466 Tum:
3103 5413 3358 5482 profectus
3385 5431 3513 5467 unus
3538 5428 3599 5467 es

2024 5497 2287 5552 duodecim
2310 5496 2477 5551 ludas
2496 5539 2511 5564 ,
2540 5500 2627 5569 qui
2655 5501 2910 5556 dicebatur
2935 5502 3231 5572 Iscariotes,
3255 5506 3324 5559 ad
3348 5506 3600 5574 principes

2022 5587 2359 5654 sacerdotum,
2386 5589 2471 5643 15.
2502 5589 2630 5645 dixit
2652 5607 2670 5645 :
2694 5592 2828 5659 Quid
2852 5594 3000 5649 vultis
3019 5595 3142 5649 mihi
3161 5596 3300 5661 dare,
3329 5605 3376 5650 et
3400 5612 3489 5665 ego
3510 5611 3599 5649 vo-

2022 5677 2097 5731 bis
2124 5680 2319 5732 tradam
2348 5697 2459 5737 eum
2480 5682 2504 5735 ἰ)
2529 5681 2705 5749 Tunc;
2735 5686 3108 5755 quandonaml
3133 5686 3264 5741 Cum
3295 5687 3410 5742 htec
3448 5688 3598 5742 dice-

2025 5783 2227 5835 rentur,
2262 5788 2379 5825 cum
2404 5773 2555 5838 dixit,
2590 5774 2666 5827 Ad
2703 5780 3009 5844 sepulturam
3043 5794 3205 5830 meam
3231 5794 3250 5833 :
3278 5794 3447 5849 neque
3474 5778 3596 5833 inde

3195 5901 3269 5960 Π
