4104 6218
526 392 631 451 ’127

521 516 877 576 compunctus
901 515 982 560 est
1018 524 1028 559 :
1064 521 1233 577 neque
1269 507 1475 573 tinntit,
1504 520 1624 559 cum
1654 504 1852 557 audivit
1876 545 1888 565 ,
1919 500 2111 570 prmdi-

527 598 752 653 caadnan
786 597 980 665 ubique
1019 612 1138 650 esse
1164 597 1534 666 Evangelinm.
1565 596 1693 648 Nam
1725 593 1864 662 quod
1904 592 2109 645 diceba-

522 700 615 742 ‘tnr
643 690 855 743 virtutis
879 698 990 743 erat
1024 688 1301 742 ineffabilis
1334 705 1347 741 :
1389 688 1481 742 sed
1508 703 1627 741 cum
1659 686 1925 747 mulieres,
1962 684 2117 752 ipsze-

522 796 628 847 que
657 782 970 833 meretrices
994 788 1194 831 tantum
1219 778 1291 831 illi
1319 779 1695 843 impendebant
1724 775 1962 838 honeris,
1993 786 2115 827 tunc

528 872 622 925 ille
648 870 964 923 diabolicum
996 868 1199 921 facinus
1221 867 1431 921 edebat.
1452 867 1560 920 Cur
1583 876 1759 920 autem
1783 866 1897 933 ejus
1920 879 2116 933 cogno-

524 975 649 1013 tncn
677 960 896 1013 dicunt?
923 958 1054 1026 Quia
1085 959 1222 1012 alius
1240 957 1409 1012 ‘Judas
1439 967 1572 1012 erat.
1600 957 1781 1026 Neque
1825 964 1998 1008 tamen
2034 953 2114 1006 tli-

528 1064 650 1102 ccrc
671 1049 934 1111 dubitant,
969 1048 1139 1116 ipsum
1170 1063 1201 1101 e
1232 1061 1455 1100 numero
1498 1046 1777 1100 duodecim
1824 1044 2007 1098 fuisse.
2040 1043 2112 1097 Ita

528 1138 662 1193 nihil
691 1139 959 1192 occultant
985 1154 1169 1193 eorum
1192 1151 1309 1205 qua:
1337 1137 1588 1205 probrosa
1614 1150 1735 1189 esse
1764 1133 2111 1188 videbantur:

527 1244 848 1297 quamquam
880 1237 1124 1297 poterant
1148 1228 1459 1296 simpliciter
1491 1227 1687 1287 dicere,
1720 1227 1891 1295 ipsum
1919 1240 1981 1277 ex
2013 1238 2113 1275 llll-

528 1335 680 1373 mero
710 1318 1093 1387 discipulorum
1145 1317 1326 1371 fuisse.
1358 1318 1521 1371 Etant
1560 1318 1754 1386 quippe
1793 1316 1880 1369 alii
1924 1322 2116 1384 pra-ter

527 1410 811 1464 duodecim
841 1409 978 1463 illos.
1010 1410 1159 1464 Nunc
1187 1410 1405 1473 addunt,
1441 1410 1521 1463 Ex
1548 1409 1849 1475 duodecim,
1879 1424 1940 1463 ac
1969 1409 2011 1462 si
2038 1409 2117 1462 di-

509 1511 734 1562 =cerent,
767 1515 831 1554 en
862 1501 1033 1568 primo
1062 1500 1227 1553 choro
1257 1514 1444 1552 eorum
1470 1539 1483 1562 ,
1517 1515 1649 1567 quos
1691 1499 1843 1568 quasi
1886 1501 2115 1565 optimos

528 1591 710 1658 elegit,
739 1592 829 1659 qui
870 1606 990 1643 cum
1028 1590 1189 1642 Petro
1212 1599 1267 1643 et
1292 1588 1495 1643 Joanne
1521 1598 1691 1642 cmnt.
1727 1588 1891 1642 Unam
1919 1587 2115 1657 quippe

530 1682 787 1735 curabant
814 1682 1110 1744 veritatem,
1147 1696 1242 1735 nec
1275 1697 1359 1734 res
1384 1690 1561 1750 gestas
1585 1681 1961 1735 obscurahant.
1995 1682 2115 1733 Ideo

528 1774 681 1842 signa
707 1774 865 1826 multa
890 1782 1323 1841 prztttcrcurrunt,
1342 1788 1406 1826 ex
1436 1773 1498 1825 iis
1518 1783 1692 1825 atttem
1715 1788 1832 1840 qua:
1862 1771 2114 1839 probrosa

527 1877 646 1916 esse
677 1863 988 1916 videbantur
1012 1863 1351 1927 nihilcelant,
1380 1863 1473 1916 sed
1495 1863 1607 1916 sive
1633 1862 1994 1923 verbum,sive
2018 1876 2112 1928 ge—

529 1963 691 2019 stum,
706 1956 818 2009 sive
832 1956 1040 2024 quidvis
1053 1955 1192 2008 aliud
1210 1971 1332 2009 cum
1354 1955 1595 2009 libertate
1608 1962 1659 2008 ct
1680 1953 1864 2007 fiducia
1878 1963 2110 2008 narrant.

603 2046 657 2097 5.
698 2045 879 2115 Neque
920 2045 971 2097 hi
1010 2054 1236 2109 tantum,
1270 2044 1363 2098 sed
1394 2046 1552 2097 etiam
1580 2045 1665 2114 qui
1695 2044 2006 2097 sublimiora
2040 2044 2118 2097 lo-

533 2137 795 2205 quebatur
821 2136 1073 2191 Joannes.
1112 2136 1199 2191 Ille
1226 2138 1367 2192 enitn
1401 2138 1665 2206 praecipue
1695 2146 1873 2191 narrat
1902 2146 1955 2191 et
1981 2153 2113 2191 cou-

519 2227 777 2279 tumelias
825 2236 877 2279 et
924 2227 1207 2296 opprobn’a
1256 2244 1375 2296 qua:
1422 2228 1653 2295 pertulit.
1693 2227 1760 2281 Et
1809 2227 1931 2281 vide
1988 2227 2115 2281 mihi

519 2327 785 2385 quantum
826 2318 907 2371 sit
935 2317 1085 2371 Iudae
1130 2318 1333 2383 scelus,
1362 2333 1520 2387 quam
1563 2327 1754 2386 sponte
1795 2318 2114 2383 accesserit,

529 2408 740 2475 quando
770 2409 1012 2476 pactione
1037 2409 1276 2478 pecunia:
1312 2419 1364 2463 et
1396 2409 1635 2478 pecuniw
1664 2410 1877 2463 tantula:
1906 2409 2004 2464 hoc
2042 2410 2119 2465 fe-

532 2497 625 2551 cit.
655 2496 824 2550 Lucas
855 2513 982 2552 vero
1012 2499 1169 2562 dicit,
1206 2498 1376 2569 ipsum
1413 2514 1534 2553 cum
1581 2499 1802 2553 ducibus
1856 2499 2118 2569 pepigisse

528 2584 680 2653 (Luc.
711 2586 920 2655 22.4).
968 2589 1191 2657 Propter
1235 2587 1525 2642 seditiones
1576 2588 1717 2642 enim
1770 2588 2073 2642 Judteorum
2101 2629 2116 2654 ,

532 2677 888 2746 pra-fecerunt
919 2678 1139 2733 Romani
1173 2679 1399 2749 aliquos,
1439 2680 1526 2748 qui
1571 2679 1711 2733 bono
1736 2695 1914 2734 rerum
1944 2680 2118 2734 ordini

526 2767 903 2837 advigilarent.
937 2769 1066 2823 Nam
1108 2770 1432 2840 principatus
1477 2786 1660 2825 eorum
1704 2772 1815 2840 jam
1852 2771 2120 2826 defecerat

532 2859 824 2910 secundum
857 2860 1206 2927 prophetiam.
1237 2860 1347 2914 llos
1377 2860 1533 2930 igitur
1570 2860 1754 2914 adiens
1779 2860 1910 2913 dixit
1940 2877 1952 2913 :
1985 2860 2119 2925 Quid

532 2948 682 3000 vultis
729 2949 851 3001 milii
878 2949 1033 3014 dare,
1064 2961 1114 3003 et
1156 2967 1247 3020 ego
1271 2950 1413 3004 vobis
1462 2967 1573 3004 eum
1621 2950 1858 3004 tradam?
1886 2949 1977 3004 Illi
2005 2967 2118 3004 vero

533 3041 892 3095 constituerunt
928 3042 973 3095 ei
1016 3043 1222 3113 triginta
1262 3052 1541 3112 argenteos.
1574 3043 1660 3097 16.
1696 3040 1761 3094 Ει
1790 3058 1852 3096 ea:
1898 3058 1955 3096 eo
1991 3052 2116 3096 tem-

534 3148 659 3200 pore
682 3133 933 3202 quwrebat
970 3135 1433 3203 opportunitatem,
1460 3144 1512 3187 ut
1549 3134 1767 3187 traderet
1806 3151 1940 3188 eum.
1986 3133 2117 3187 Nam

535 3223 754 3277 timebat
784 3224 1195 3288 multitudinem,
1230 3225 1465 3296 nihilque
1484 3225 1625 3278 aliud
1647 3225 1937 3294 quaerebat,
1959 3240 2117 3293 quam

516 3323 591 3367 tut
620 3314 763 3367 illum
794 3325 1026 3383 caperet.
1060 3314 1105 3369 Ο
1128 3316 1445 3370 stultitiam?
1474 3315 1740 3384 quomodo
1770 3315 1914 3368 illtnn
1942 3330 2117 3370 exote-

512 3404 678 3456 ~cavit
700 3404 937 3472 pecunia!
960 3406 1148 3458 amor?
1176 3405 1306 3458 Nam
1334 3406 1420 3473 qui
1449 3406 1594 3459 illum
1623 3420 1765 3473 smpe
1795 3406 1995 3459 viderat
2027 3420 2120 3472 per

532 3494 740 3547 medios
772 3502 1154 3559 transeuntem,
1184 3511 1282 3549 nec
1320 3503 1555 3564 captum,
1586 3510 1803 3565 suaeque
1827 3495 2120 3551 divinitatis

536 3595 590 3637 et
617 3583 868 3651 potentiae
897 3593 1206 3652 argumenta
1237 3585 1398 3638 multa
1428 3585 1641 3640 dantem
1663 3626 1678 3652 ,
1709 3586 1941 3655 speravit
1972 3600 2029 3640 se
2057 3588 2120 3639 il-

538 3674 646 3725 ium
675 3688 867 3740 capere
908 3687 1096 3741 posse;
1127 3675 1417 3742 prmsertim
1445 3689 1563 3729 eum
1592 3684 1669 3729 tot
1696 3675 1768 3730 illi
1810 3675 1968 3731 verba
1998 3691 2119 3744 pro-

538 3764 743 3817 tulisset
770 3764 1019 3817 terribilia
1044 3766 1207 3818 simul
1231 3776 1284 3819 et
1312 3774 1583 3820 mansueta
1606 3806 1621 3831 ,
1651 3774 1708 3820 ut
1745 3767 1881 3820 hanc
1924 3768 2119 3820 malam

536 3854 626 3907 ille
658 3854 1032 3923 cogitationem
1064 3855 1334 3923 abjiceret.
1364 3855 1547 3924 Neque
1575 3856 1717 3909 enim
1769 3857 1821 3909 in
1864 3870 2015 3911 caepa
2053 3856 2119 3909 ab

520 3959 601 4000 co
626 3945 864 3999 curando
892 3946 1129 4010 destitit,
1161 3946 1253 4000 sed
1288 3962 1453 4014 usque
1495 3946 1560 3999 ad
1597 3947 1836 3999 ultimum
1868 3948 2006 4001 diem
2037 3947 2119 4000 his

518 4036 603 4089 de
631 4035 788 4090 rebus
817 4036 987 4104 ipsum
1016 4036 1402 4105 alloquebatur.
1432 4036 1536 4089 Sed
1568 4037 1699 4090 nihil
1724 4038 1772 4090 id
1803 4038 1874 4091 illi
1902 4039 2116 4107 profuit.

534 4125 644 4181 Nec
674 4136 848 4179 tamen
880 4126 996 4179 ideo
1030 4127 1284 4180 Dominus
1313 4128 1545 4181 cessavit
1568 4143 1687 4197 qure
1722 4144 1817 4181 sua
1861 4140 2013 4183 emnt
2040 4131 2119 4183 fa-

535 4230 682 4270 ccre.
713 4216 835 4269 [hec
878 4216 1052 4284 itaque
1093 4232 1214 4269 cum
1260 4232 1357 4270 nos
1389 4219 1637 4283 sciamus,
1670 4219 1796 4273 nihil
1844 4236 1947 4274 non
1994 4238 2119 4291 aga-

540 4322 661 4361 mus
689 4308 755 4362 ad
779 4309 1107 4362 revocandos
1131 4320 1433 4377 peccatores
1458 4321 1509 4363 et
1537 4310 1773 4375 desides,
1809 4324 2083 4367 monentes
2104 4356 2118 4379 ,

539 4398 795 4453 docentes
819 4440 834 4464 ,
865 4398 1228 4464 obsecrantes,
1261 4399 1533 4455 hortantes
1558 4442 1571 4465 ,
1603 4403 1878 4456 consilium
1911 4405 2117 4469 dantes,

535 4490 633 4543 etsi
680 4488 808 4542 nihil
851 4491 1214 4559 proficiamus.
1243 4490 1374 4545 Nam
1409 4491 1650 4546 Christus
1701 4494 2123 4562 prmscicbatlu-

538 4581 662 4634 dam
695 4596 979 4650 ntunquam
1003 4583 1394 4636 emendandum
1428 4583 1538 4637 fore
1567 4602 1580 4638 :
1609 4594 1661 4638 et
1690 4594 1864 4640 tamen
1896 4604 1998 4639 non
2028 4588 2123 4641 de-

523 4672 756 4725 sistebat
777 4687 869 4726 sua
896 4671 1091 4737 facere,
1119 4674 1403 4737 monendo,
1434 4677 1832 4742 comminando,
1866 4680 2118 4733 miserum

535 4762 786 4829 dicendo,
813 4771 867 4817 et
897 4779 1183 4833 numquam
1210 4765 1372 4829 clare,
1402 4767 1493 4820 sed
1525 4768 1870 4823 subobscure.
1900 4771 1951 4822 ln
1981 4771 2122 4839 ipso-

542 4869 648 4923 que
691 4855 1006 4923 proditionis
1050 4864 1328 4925 tcmpnre,
1370 4858 1699 4913 osculantem
1743 4876 1800 4913 se
1834 4863 1986 4931 tulit:
2030 4863 2123 4918 sed

543 4945 674 4998 nihil
708 4946 794 4999 illa
820 4946 1089 5015 profuere.
1122 4947 1350 5001 Tantum
1379 4958 1459 5003 est
1486 4953 1703 5005 avaritia
1735 4955 1929 5007 malmn
1965 4973 1977 5007 :
2012 4955 2125 5011 hate

534 5034 729 5102 quippe
745 5034 894 5089 illutn
911 5051 963 5090 et
977 5037 1290 5106 sacrilegum
1315 5048 1365 5092 ct
1384 5039 1704 5107 proditorem
1723 5043 1912 5097 cﬂ'eeit.
1936 5046 2126 5103 Audite

535 5140 723 5179 nunties
751 5129 893 5182 avari
916 5169 935 5196 ,
959 5129 1045 5198 qui
1073 5128 1224 5182 Judse
1260 5131 1445 5184 morbo
1502 5131 1756 5186 laboratis
1788 5152 1802 5188 τ
1858 5137 2033 5191 audite
2074 5150 2127 5194 et

534 5228 719 5273 cavete
739 5220 888 5274 vobis
911 5221 979 5275 ab
1005 5222 1093 5275 illo
1118 5204 1328 5277 morbo:
1356 5223 1485 5277 Nam
1512 5225 1555 5278 si
1597 5227 1640 5279 is
1668 5228 1752 5295 qui
1776 5243 1893 5281 cum
1916 5229 2128 5285 Christo

538 5306 793 5375 vivebat,
825 5312 912 5379 qui
944 5311 1091 5381 signa
1117 5312 1392 5379 ediderat,
1426 5314 1513 5383 qui
1557 5324 1697 5369 tanta
1732 5316 2004 5373 fruebatur
2027 5320 2126 5373 dn-

535 5401 726 5465 ctrina,
758 5403 878 5471 quia
908 5403 974 5456 ab
998 5405 1096 5458 hoc
1118 5406 1304 5459 morbo
1324 5421 1432 5460 non
1455 5423 1512 5462 se
1532 5408 1818 5477 expedivit,
1843 5410 1894 5464 in
1928 5422 2126 5467 tantum

535 5491 838 5546 barathrum
861 5493 1107 5563 delapsus
1125 5504 1225 5561 est;
1248 5497 1415 5550 multo
1438 5499 1604 5568 magis
1625 5514 1738 5565 vos,
1767 5501 1852 5567 qui
1875 5518 1971 5555 nec
1991 5504 2131 5557 Stri-

538 5590 720 5648 pturas
746 5583 988 5649 audistis,
1014 5585 1103 5654 qui
1123 5594 1335 5655 semper
1352 5589 1701 5655 prmscntibus
1723 5591 1916 5645 addicti
1936 5591 2123 5658 fuistis,

534 5672 602 5724 sb
624 5673 728 5728 hoc
757 5675 948 5731 morbo
972 5674 1125 5732 facile
1151 5678 1456 5747 capicmini,
1487 5681 1588 5735 nisi
1607 5681 1820 5737 assidue
1851 5684 1947 5753 ipsi
1977 5684 2129 5740 advi-

533 5760 729 5831 giletis.
750 5765 995 5833 QttOtidic
1019 5768 1104 5823 ille
1126 5784 1244 5823 cum
1261 5767 1476 5826 Christo
1496 5780 1629 5840 erat,
1655 5775 1745 5843 qui
1770 5788 1872 5829 non
1896 5773 2127 5831 habebat

1237 393 1293 449 8.
1336 386 1611 448 JOANNIS
1647 383 2123 445 CllliYSOS'l‘OMl
2165 383 2479 440 ARCHIEP.
2522 384 3053 445 CONSTANTINUP.

3686 391 3816 449 πει

2221 500 2306 553 ubi
2337 511 2493 570 caput
2523 518 2677 556 suum
2708 504 3027 567 reclinaret,
3075 514 3124 559 et
3159 506 3395 573 quotidie
3422 507 3490 560 ab
3536 507 3629 560 illo
3658 512 3813 562 iussio

2219 592 2465 646 tuebatur
2490 595 2740 661 Operibns
2771 603 2827 647 et
2854 595 3053 660 verbis,
3088 610 3193 648 non
3219 606 3468 665 oportere
3495 612 3708 661 aurum,
3728 600 3814 653 vel

2218 689 2497 750 argentum
2525 722 2541 748 ,
2594 683 2679 735 vel
2710 683 2845 735 duas
2900 686 3104 736 tunicas
3134 684 3331 738 habere
3354 724 3369 747 ,
3420 700 3591 755 neque
3638 696 3818 741 tamen

2219 769 2443 838 resipuit
2474 788 2487 824 :
2515 779 2567 824 et
2613 771 2880 841 quomodo
2925 780 2980 826 tu
3006 787 3223 841 sperare
3271 763 3421 843 potes
3447 815 3464 839 ,
3509 785 3564 830 te
3603 776 3673 831 ab
3714 776 3820 832 hoc

2219 860 2407 915 morbo
2452 861 2784 916 liberandum
2814 878 2935 917 esse
2960 904 2975 928 ,
3006 864 3105 917 nisi
3137 866 3355 919 multam
3392 880 3574 921 curam
3604 878 3659 922 et
3697 870 3821 924 dili-

2218 950 2451 1018 gentiam
2476 950 2771 1005 adhibeas?
2797 952 2950 1007 Acris
2970 963 3071 1015 est,
3094 955 3233 1009 acris
3251 965 3399 1011 certe
3420 966 3501 1011 est
3514 956 3642 1013 haec
3663 957 3776 1014 fera
3801 979 3816 1013 :

2219 1048 2452 1092 attamen
2494 1039 2540 1092 si
2572 1041 2704 1094 velis
2729 1082 2743 1104 ,
2792 1041 2948 1097 facile
2979 1042 3177 1098 vinces.
3210 1044 3336 1099 llaec
3378 1047 3520 1100 enim
3551 1048 3821 1117 cupiditas

2220 1131 2661 1184 non-necessario
2689 1146 2719 1183 a
2760 1140 2946 1185 natura
2978 1133 3191 1202 prodit,
3236 1145 3294 1189 ut
3326 1137 3501 1205 palam
3543 1150 3624 1193 est
3656 1156 3723 1194 ex
3750 1142 3821 1195 iis

2219 1220 2307 1287 qui
2340 1219 2426 1272 illa
2452 1230 2697 1289 expertes
2721 1231 2847 1276 sunt
2872 1240 2886 1275 :
2910 1237 3030 1277 nam
3057 1240 3176 1292 qua:
3194 1240 3224 1278 a
3251 1237 3441 1282 natura
3470 1229 3821 1296 proficiscun-

2222 1316 2328 1371 tur,
2356 1315 2477 1361 sunt
2502 1310 2749 1364 omnibus
2777 1313 3113 1377 communia;
3148 1314 3263 1369 haec
3293 1332 3420 1371 vero
3448 1318 3717 1387 cupiditas
3744 1336 3819 1379 ex,

2221 1397 2421 1452 desidia
2451 1398 2623 1453 solum
2653 1401 2888 1455 nascitur
2914 1421 2927 1456 :
2958 1403 3080 1459 inde
3108 1406 3365 1470 nascitur,
3399 1408 3525 1462 inde
3551 1421 3819 1480 augetur,

2220 1502 2417 1557 eosque
2446 1490 2533 1557 qui
2562 1489 2626 1543 ad
2650 1491 2819 1559 ipsam
2842 1491 3046 1546 inhiant
3071 1510 3190 1547 cum
3218 1497 3391 1550 semel
3421 1501 3645 1567 ceperit,
3678 1502 3824 1570 cogit

2223 1588 2413 1646 praeter
2434 1589 2672 1633 naturam
2696 1582 2893 1637 vivere.
2916 1583 3044 1637 Nam
3063 1601 3181 1638 cum
3204 1587 3450 1655 ignorent
3466 1590 3820 1658 contribules,

2221 1669 2448 1733 amicos,
2481 1669 2691 1737 fratres,
2722 1683 2995 1741 cognatos,
3024 1689 3209 1730 omnes
3239 1678 3590 1745 simpliciter,
3617 1690 3821 1736 etcum

2224 1757 2308 1810 his
2335 1758 2493 1812 etiam
2523 1763 2749 1828 seipsos,
2786 1777 2963 1817 annon
2995 1765 3093 1818 hoc
3120 1774 3202 1819 est
3232 1776 3426 1834 pra-ter
3468 1780 3714 1824 naturam
3745 1773 3825 1825 vi-

2221 1863 2346 1903 vere
2366 1849 2388 1901 ?
2405 1849 2559 1905 Unde
2580 1852 2748 1920 palam
2766 1863 2868 1917 est,
2884 1856 3169 1924 nequitiam
3191 1871 3309 1912 esse
3330 1868 3525 1926 prater
3551 1869 3820 1929 naturam,

2223 1954 2429 1994 necnon
2459 1943 2694 1996 avaritiae
2736 1944 2979 1997 morbum
3000 1985 3016 2010 ,
3054 1946 3105 1999 in
3136 1963 3293 2015 quem
3328 1950 3579 2019 delapsus
3610 1952 3781 2008 .ludas
3802 1996 3819 2019 ,

2227 2030 2470 2098 proditor
2503 2032 2671 2087 factus
2693 2046 2794 2089 est.
2830 2035 2895 2089 Et
2922 2038 3188 2105 quomodo
3216 2039 3335 2093 talis
3365 2041 3534 2095 factus
3577 2054 3701 2109 est,
3732 2045 3823 2098 in-

2218 2123 2407 2192 quies,
2438 2134 2653 2180 vocatus
2694 2144 2723 2180 a
2748 2127 3003 2182 ChriSlo?
3047 2129 3177 2196 Quia
3224 2130 3319 2186 Dei
3347 2135 3559 2189 vocatio
3604 2136 3816 2191 nullum

2221 2215 2400 2281 cogit,
2432 2231 2602 2284 neque
2646 2217 2950 2273 violentiam
3001 2220 3160 2274 infert
3189 2223 3442 2277 voluntati
3484 2240 3672 2280 eorum
3717 2229 3814 2297 qui

2224 2308 2411 2361 nolunt
2442 2309 2683 2363 virtutem
2722 2311 2918 2380 eligere
2943 2353 2958 2377 ,
2998 2312 3089 2367 sed
3121 2312 3365 2368 hortatur
3402 2315 3599 2386 datque
3637 2320 3825 2373 consi-

2223 2398 2350 2451 lium
2371 2438 2386 2461 ,
2413 2407 2572 2468 atque
2600 2400 2777 2454 omnia
2814 2401 2937 2455 facit
2961 2411 3016 2457 et
3044 2414 3296 2471 operatur
3319 2446 3333 2470 ,
3366 2416 3423 2460 ut
3442 2408 3667 2463 suadeat
3693 2424 3821 2466 esse

2224 2486 2391 2540 bonos
2422 2508 2434 2543 :
2466 2488 2511 2540 si
2540 2502 2667 2542 vero
2692 2489 2904 2558 quidam
2937 2502 3266 2561 repugnent,
3300 2510 3407 2549 non
3434 2499 3819 2554 necessitatem

2225 2575 2405 2631 infert.
2434 2576 2495 2632 Si
2539 2578 2618 2631 vis
2647 2578 2855 2635 discere
2875 2622 2889 2643 ,
2923 2582 3063 2637 unde
3091 2583 3204 2652 ipse
3232 2585 3351 2640 talis
3379 2585 3549 2641 factus
3579 2588 3683 2653 sit,
3730 2590 3819 2644 in-

2223 2668 2405 2724 venies
2452 2668 2621 2739 ipsum
2678 2672 3019 2740 pecuniarum
3081 2675 3370 2744 cupiditate
3418 2679 3659 2746 periisse.
3709 2680 3823 2736 Sed

2223 2758 2491 2829 quomodo
2518 2801 2532 2822 ,
2578 2760 2787 2830 inquies
2811 2802 2825 2824 ,
2879 2762 2978 2816 hac
3009 2765 3254 2831 passione
3298 2775 3481 2836 captus
3524 2769 3650 2822 est?
3685 2771 3823 2834 Quia

2224 2852 2379 2906 deses
2403 2852 2781 2922 negligensque
2802 2852 2926 2907 fuit.
2960 2854 3096 2909 llinc
3119 2858 3261 2910 enim
3307 2859 3439 2913 tales
3471 2860 3601 2913 fiunt
3644 2873 3824 2914 mnta-

2225 2944 2418 3006 tiones,
2454 2953 2509 2997 ut
2538 2945 2865 2999 contrarium
2894 2960 2959 3000 ex
2987 2946 3259 3015 diligentia
3282 2950 3477 3003 evenit.
3508 2950 3649 3016 Quot
3669 2956 3819 3004 enim

2222 3035 2311 3104 qui
2342 3034 2560 3088 violenti
2592 3043 2743 3089 erant
2765 3074 2779 3097 ,
2830 3051 2973 3090 nunc
3012 3047 3137 3091 sunt
3163 3038 3351 3092 ovibus
3388 3042 3823 3096 mansuetiores?

2223 3135 2353 3196 quot
2379 3126 2580 3190 lascivi,
2613 3137 2795 3196 postea
2823 3129 2954 3183 casti
2984 3128 3234 3183 fuerunt?
3257 3138 3388 3198 quot
3413 3131 3557 3185 avari
3589 3142 3643 3185 et
3669 3149 3825 3200 rapa-

2223 3232 2333 3283 ces,
2357 3233 2496 3273 nunc
2519 3233 2611 3273 sua
2636 3217 2996 3286 profundunt?
3016 3219 3351 3274 Contrarium
3376 3236 3503 3275 vero
3527 3238 3593 3276 ex
3614 3222 3823 3276 desidia

2223 3310 2412 3365 oritur.
2443 3308 2576 3363 Nam
2602 3309 2749 3364 Giezi
2789 3325 2912 3364 cum
2941 3311 3057 3364 viro
3096 3322 3282 3366 saneto
3314 3314 3567 3378 vivebat,
3622 3323 3677 3368 et
3710 3315 3823 3382 ipse

2224 3399 2498 3469 improbus
2525 3400 2713 3463 evasit,
2745 3402 2845 3454 hoc
2877 3401 2993 3468 ipso
3021 3402 3207 3455 morbo
3236 3402 3487 3456 laborans
3506 3444 3521 3468 ,
3550 3404 3640 3472 qui
3671 3416 3823 3459 certe

2225 3493 2461 3546 omnium
2497 3491 2826 3546 deterrimus
2857 3502 2938 3547 cst
2980 3492 3073 3563 (4.
3103 3491 3232 3563 Reg.
3274 3492 3369 3563 5).
3403 3494 3534 3548 Hinc
3557 3496 3825 3563 prodeunt

2223 3582 2587 3650 sepulcrorum
2618 3583 2930 3646 ell'ossores,
2962 3584 3083 3637 hinc
3107 3585 3404 3648 homicidze,
3440 3586 3567 3641 hinc
3596 3588 3735 3643 bella
3764 3600 3822 3645 et

2226 3687 2434 3741 pugnze,
2463 3672 2586 3727 hinc
2605 3672 2829 3742 quodvis
2852 3674 3069 3727 malum.
3102 3675 3413 3745 llujusmodi
3440 3677 3602 3731 homo
3624 3680 3826 3753 ubique

2226 3764 2425 3818 inutilis
2450 3773 2552 3829 est,
2582 3774 2689 3818 tum
2716 3765 2782 3819 ad
2808 3767 3101 3819 exercitum
3127 3767 3451 3834 ducendum,
3484 3779 3593 3823 tum
3615 3770 3682 3823 ad
3713 3787 3823 3825 ma-

2221 3854 2476 3922 gistratus
2522 3854 2755 3908 urbanos
2798 3856 3064 3924 gerendus
3115 3873 3128 3910 :
3181 3856 3294 3911 imo
3343 3873 3446 3911 non
3498 3860 3548 3912 in
3596 3860 3829 3929 publicis

2225 3944 2384 3998 modo
2414 3944 2575 3999 rebus
2595 3986 2609 4010 ,
2642 3944 2735 3997 sed
2765 3944 2817 3997 in
2843 3945 3169 3999 domesticis.
3195 3946 3250 4001 Si
3283 3962 3416 4001 uxor
3439 3948 3679 4003 ducenda
3707 3951 3781 4003 sit
3808 3992 3824 4015 ,

2227 4052 2331 4091 non
2363 4036 2580 4104 probatu
2607 4036 2783 4101 ducet,
2813 4037 2906 4091 sed
2931 4039 3168 4091 omnium
3195 4040 3479 4107 pessimam
3510 4058 3521 4091 :
3554 4043 3596 4095 si
3629 4042 3829 4099 domus

2226 4129 2447 4183 emenda
2472 4168 2489 4194 ,
2522 4144 2625 4182 non
2656 4129 2823 4182 libero
2854 4129 3065 4197 dignam
3093 4140 3233 4184 emet
3256 4172 3268 4192 .
3300 4131 3391 4187 sed
3419 4148 3536 4201 qua:
3564 4136 3827 4202 majorem

2229 4229 2541 4288 proventum
2583 4218 2774 4273 afferre
2802 4221 3005 4287 possit;
3035 4221 3078 4273 si
3111 4223 3250 4275 scr'vi
3289 4223 3544 4288 emendi,
3573 4225 3657 4278 vel
3690 4227 3823 4293 quid

2227 4309 2391 4373 aliud,
2417 4309 2558 4378 quod
2586 4310 2738 4363 vilius
2764 4310 2865 4363 erit
2886 4318 3046 4364 emet.
3070 4310 3204 4377 Quid
3237 4328 3365 4365 vero
3388 4314 3575 4381 loquor
3598 4314 3665 4368 de
3686 4315 3829 4373 duce

2228 4402 2511 4465 exercitus,
2545 4399 2610 4453 de
2642 4400 2971 4469 magistratu,
2999 4400 3065 4455 de
3086 4402 3243 4455 rebus
3264 4403 3612 4459 domesticis?
3637 4406 3695 4461 Si
3730 4424 3827 4463 rex

2228 4488 2404 4552 fuerit,
2437 4491 2672 4543 omnium
2705 4491 3038 4544 miserrimus
3065 4493 3189 4555 erit,
3212 4492 3365 4549 orbis
3394 4496 3683 4561 pernicies,
3709 4513 3827 4551 OIII-

2230 4582 2481 4650 niumque
2498 4583 2883 4650 pauperrimus.
2903 4582 3033 4636 Nam
3055 4584 3190 4637 sicut
3218 4600 3351 4637 unus
3375 4602 3406 4640 e
3424 4588 3583 4656 vulgo
3600 4588 3829 4646 affectus

2230 4672 2351 4736 erit,
2382 4686 2483 4725 non
2512 4682 2703 4741 putans
2724 4672 2960 4725 omnium
2990 4674 3127 4726 bona
3158 4688 3255 4727 sua
3278 4689 3396 4729 esse
3417 4717 3432 4741 ,
3463 4677 3554 4730 sed
3579 4691 3639 4730 se
3661 4694 3825 4733 unum

2231 4779 2294 4818 ex
2327 4764 2506 4818 multis
2531 4805 2545 4829 ,
2571 4773 2627 4818 et
2651 4764 2777 4818 dum
2804 4765 3042 4818 omnium
3074 4765 3210 4819 bona
3255 4768 3462 4833 rapiet,
3496 4769 3744 4837 pauciora
3764 4786 3828 4826 so

2234 4852 2435 4920 putabit
2464 4854 2672 4906 cmteris
2696 4854 2944 4908 omnibus
2976 4853 3195 4908 habere.
3220 4854 3352 4909 Nam
3381 4858 3467 4911 illa
3498 4874 3616 4927 qua:
3640 4863 3825 4929 possio

2232 4941 2324 4996 det
2366 4957 2683 5011 comparans
2734 4959 2854 4997 eum
2897 4945 2961 4997 iis
3001 4960 3119 5013 quae
3169 4947 3316 5015 cupit
3352 4958 3416 5001 et
3459 4948 3695 5004 nondum
3740 4965 3827 5009 est

2233 5033 2476 5102 adeptus,
2504 5034 2633 5087 nihil
2665 5034 2751 5088 illa
2782 5035 2865 5087 his
2894 5036 3250 5104 comparanda
3281 5037 3485 5104 putabit
3513 5054 3653 5094 esse.

2268 5124 2322 5177 4.
2341 5123 2492 5176 Avari
2504 5125 2687 5193 imago.
2708 5122 2734 5176 1
2742 5124 2923 5192 u/irma
2938 5126 3154 5193 nequitia
3170 5135 3262 5187 est,
3283 5127 3428 5196 [ortis
3440 5128 3827 5191 virtus.Damnc

2233 5232 2346 5284 qua:
2366 5226 2557 5269 tantum
2575 5218 2642 5269 ad
2661 5232 2842 5285 corpus
2868 5217 3129 5284 pertinent,
3163 5220 3357 5271 minimi
3382 5222 3828 5291 {aciendmdnima

2236 5315 2351 5358 tunc
2376 5322 2568 5375 pauper
2586 5323 2699 5360 cum
2720 5307 2922 5360 divitias
2955 5308 3196 5376 possidet,
3227 5318 3345 5361 tunc
3368 5311 3503 5363 dives
3523 5328 3637 5363 cum
3669 5315 3820 5381 inops

2235 5395 2529 5452 esl.—ldeo
2556 5397 2629 5451 ait
2653 5398 2889 5466 quidam,
2917 5400 3081 5451 Avaro
3102 5399 3229 5452 nihil
3257 5400 3476 5469 iniquius
3506 5401 3710 5473 (Eccli.
3736 5405 3827 5459 10.

2236 5488 2312 5561 9).
2335 5489 2467 5544 Nam
2489 5490 2578 5560 qui
2599 5489 2718 5545 talis
2736 5499 2836 5555 est,
2858 5490 3091 5560 seipsum
3108 5506 3319 5561 quoque
3339 5494 3579 5559 vendit‘,
3601 5506 3656 5550 et
3678 5511 3824 5550 com-

2300 5604 2317 5634 ί
2347 5602 2399 5651 In
2425 5600 2633 5663 vulgatis
2653 5601 2958 5663 Edttlonibus
2977 5602 3155 5663 asceis
3171 5601 3427 5651 Bibliorum
3460 5607 3657 5655 omnino
3695 5607 3829 5657 aliud

2239 5664 2438 5726 legitur,
2466 5661 2643 5725 némpe
2671 5677 2684 5712 :
2708 5662 2937 5723 Quoniam
2972 5661 3023 5712 in
3061 5661 3158 5714 vita
3194 5677 3283 5713 sua
3305 5664 3505 5725 proiecit
3527 5666 3697 5717 ultima
3719 5682 3825 5718 sua.

2238 5725 2458 5787 Quasdam
2500 5732 2662 5787 autem
2708 5726 3008 5787 exemplaria
3040 5726 3111 5772 sic
3158 5726 3339 5774 habent
3362 5738 3555 5787 :VAvaro
3597 5729 3721 5779 nihil
3760 5738 3829 5782 est

2242 5784 2519 5848 scelestius;
2541 5785 2619 5837 hic
2642 5784 2769 5837 enim
2791 5792 2838 5837 ct
2859 5784 3072 5835 animam
3093 5799 3231 5839 suam
3260 5786 3469 5838 venalem
3488 5791 3623 5855 facit.
