4000 6206
346 223 448 278 m
473 229 476 232 .

343 339 522 392 mimis
541 337 782 392 omnium
814 337 981 392 hostis
1009 337 1420 408 circumquaque
1448 338 1703 403 ambulat,
1739 337 1927 393 dolens

342 430 483 499 quod
516 440 658 483 terra
690 445 794 483 non
819 444 1007 484 aurum
1038 443 1132 498 pro
1160 431 1323 499 spicis
1342 429 1592 499 proferat,
1625 444 1724 484 nec
1747 429 1922 485 lentes

344 538 440 589 pro
468 523 640 590 aquis,
665 537 766 575 nec
805 531 1014 576 montes
1045 537 1141 589 pro
1171 521 1335 589 petris
1364 537 1379 578 ς
1411 520 1746 575 sterilitatem
1786 535 1928 589 ψει-α

341 617 464 676 fert,
499 615 550 667 in
581 613 807 681 publicis
831 613 983 666 hortis
1018 621 1347 676 contractus,
1376 625 1698 680 omnemque
1725 609 1929 665 fastidit

338 721 581 770 causam,
613 705 754 760 unde
779 715 1057 774 argentum
1082 720 1186 758 non
1217 704 1494 772 provenit;
1525 703 1700 757 omnia
1725 701 1923 768 ferens,

338 800 467 847 dum
499 794 637 848 duos
676 795 846 862 possit
873 794 1061 848 obolos
1104 793 1322 847 lucrari.
1351 792 1549 847 Omnes
1591 791 1714 846 odio
1743 791 1923 856 habet,

341 903 606 956 pauperes
625 927 641 953 ,
671 887 864 941 divites
891 903 904 940 :
955 900 1216 956 pauperes
1238 927 1251 947 ,
1285 901 1348 939 ne
1376 887 1598 954 petitum
1633 883 1922 948 accedant;

341 979 558 1041 divites,
589 977 730 1046 quod
761 978 897 1030 bona
923 977 1134 1030 illorum
1168 992 1271 1028 non
1296 974 1580 1042 possideat.
1611 975 1810 1028 Omnes
1833 989 1927 1042 pu-

339 1079 415 1122 tat
442 1087 535 1122 sua
564 1068 837 1137 possidere
871 1087 883 1122 :
913 1078 1070 1137 atque.
1091 1077 1150 1123 ut
1168 1068 1236 1120 ab
1255 1067 1502 1121 omnibus
1530 1067 1708 1129 laesus,
1731 1065 1923 1119 adver-

336 1176 454 1212 sum
480 1174 670 1213 omnes
696 1159 998 1227 indignatur
1028 1177 1041 1212 :
1077 1157 1453 1226 plenitudinem
1488 1155 1675 1218 nescit,
1707 1156 1923 1208 satieta-

340 1261 445 1304 tem
474 1265 579 1303 noo
611 1250 777 1310 novit,
809 1249 1046 1301 omnium
1070 1257 1151 1302 εμι
1173 1249 1501 1301 miserrimus
1532 1265 1545 1298 :
1576 1245 1926 1314 quemadmo-

338 1345 465 1397 dum
493 1343 583 1412 qui
613 1342 694 1394 his
709 1341 958 1394 omnibus
983 1349 1067 1394 est
1085 1355 1298 1409 expers,
1324 1337 1654 1406 pliilosOpliis
1678 1337 1926 1390 omnibus

337 1435 438 1488 erit
467 1433 692 1485 beatior.
723 1431 932 1485 Probus
973 1432 1114 1485 enim
1145 1432 1256 1493 vir,
1291 1427 1393 1483 etsi
1443 1441 1630 1482 servus
1671 1427 1766 1492 sit,
1830 1427 1929 1480 etsi

328 1519 836 1584 vinctus',omninm
864 1531 946 1574 est
973 1521 1332 1574 beatissimus.
1364 1516 1533 1571 Nemo
1578 1518 1720 1571 enim
1750 1518 1923 1584 ipsmn

337 1613 479 1665 man
499 1612 715 1674 afﬁciet,
740 1611 946 1664 etiamsi
977 1619 1119 1663 totus
1141 1608 1287 1662 orbis
1306 1607 1588 1661 conveniat
1615 1622 1734 1660 cum
1762 1607 1924 1661 armis

335 1714 392 1756 et
416 1703 760 1765 exercitibus,
792 1702 1070 1768 ipsumque
1094 1700 1386 1768 impugnet.
1422 1698 1696 1766 Improbus
1718 1708 1918 1756 autem.

333 1804 384 1846 et
415 1793 537 1845 talis
563 1793 774 1860 qualem
812 1789 1216 1856 descripsimus,
1241 1789 1447 1841 etiamsi
1480 1803 1569 1841 rex
1600 1788 1690 1850 sit,
1714 1787 1920 1840 etiamsi

335 1884 481 1937 mille
499 1883 890 1937 diadematibus
911 1892 1151 1945 eruetur,
1171 1894 1200 1931 a
1232 1878 1420 1946 quovis
1443 1877 1658 1932 homine
1683 1887 1918 1931 extrema

336 1975 570 2041 patietur
600 1989 614 2025 :
649 1987 819 2042 usque
845 1971 980 2026 adeo
1011 1969 1218 2023 infirma
1243 1968 1476 2037 nequitia
1515 1975 1626 2030 est;
1661 1968 1730 2020 ita
1770 1966 1920 2020 fortis

331 2079 416 2118 est
446 2067 630 2119 virtus.
660 2065 796 2132 Quid
817 2064 974 2132 igitur
993 2063 1164 2131 luges,
1190 2076 1309 2114 cum
1334 2061 1384 2113 in
1409 2069 1717 2128 paupertate
1742 2073 1921 2114 versa-

332 2157 446 2209 ris?
475 2156 600 2225 quid
623 2157 796 2224 ploras
822 2153 1015 2208 festum
1039 2152 1245 2221 agens?
1273 2149 1404 2203 Nam
1431 2149 1534 2204 diei
1557 2148 1676 2203 festi
1709 2158 1917 2217 tempus

327 2257 433 2300 est.
461 2246 598 2312 Quid
636 2246 768 2299 lies?
797 2244 928 2297 Nam
967 2252 1251 2311 paupertas
1281 2251 1365 2295 est
1410 2239 1713 2302 celebritas,
1747 2240 1791 2294 si
1831 2256 1916 2292 sa-

331 2340 481 2402 piens
513 2337 694 2390 l'ucris.
736 2334 870 2402 Quid
899 2334 1121 2402 plangis,
1150 2349 1182 2384 o
1207 2331 1375 2407 puer?
1404 2330 1632 2384 Puerum
1657 2330 1798 2384 enim
1833 2339 1913 2382 ta-

329 2427 434 2478 Ient
469 2426 641 2477 virum
667 2438 858 2477 vocare
883 2432 1117 2491 oportet.
1157 2419 1464 2474 Verberavit
1492 2421 1512 2448 ²
1537 2428 1587 2472 te
1612 2418 1909 2488 quispiam?

328 2513 397 2566 Et
422 2513 547 2581 quid
569 2510 706 2565 hoc?
733 2512 810 2565 'I'e
839 2510 1208 2580 patientiorem
1237 2508 1483 2562 reddidit.
1513 2507 1616 2562 Sed
1656 2508 1909 2573 pecunias

320 2602 574 2654 abstulit?
606 2601 824 2655 Multum
851 2601 1029 2654 oneris
1081 2600 1316 2653 abstulit.
1356 2598 1572 2653 Famam
1626 2610 1767 2652 tuam
1820 2599 1911 2651 la:-

319 2693 432 2745 sit?
456 2692 689 2746 Rursum
718 2691 860 2745 aliud
884 2691 1012 2744 mibi
1037 2690 1302 2744 libertatis
1325 2704 1492 2759 genus
1511 2689 1736 2744 indicas.
1770 2690 1908 2743 Audi

310 2789 538 2831 exteros
549 2780 626 2831 sic
645 2779 1113 2848 philosophantes:
1134 2782 1274 2837 Nihil
1291 2785 1415 2838 mali
1431 2801 1628 2853 passus
1639 2802 1718 2846 es,
1738 2787 1900 2838 modo

310 2871 772 2925 dissimulaveris.
794 2873 1138 2929 Scddomum
1164 2876 1310 2931 illam
1332 2894 1581 2947 magnam
1605 2880 1697 2932 tibi
1720 2880 1902 2933 abstu-

310 2961 375 3014 lit
389 2963 559 3030 septis
572 2963 944 3018 munitam?At
957 2979 1084 3021 ecce
1100 2966 1351 3020 universa
1368 2977 1508 3020 terra
1527 2969 1580 3018 in
1603 2978 1899 3036 conspectu

310 3066 406 3108 tuo
434 3067 539 3120 est,
575 3055 779 3122 publica
812 3054 1054 3115 ardilicia,
1085 3054 1201 3107 sive
1230 3051 1295 3105 ad
1327 3053 1672 3119 voluptatem,
1704 3051 1814 3104 sive
1836 3051 1899 3103 ad

307 3163 467 3200 usum
497 3147 691 3200 habere
724 3147 872 3199 velis.
908 3145 1042 3213 Quid
1069 3144 1356 3213 jucundius
1399 3153 1453 3198 et
1480 3144 1775 3212 speciosius
1809 3145 1899 3196 tir-

306 3248 584 3292 litatllCllIO
601 3237 758 3290 ca:|i?
787 3237 1073 3306 Usquequo
1095 3235 1320 3289 mendici
1345 3245 1398 3288 et
1423 3249 1684 3304 pauperes
1709 3234 1899 3287 eritis?

302 3330 421 3384 Non
460 3339 634 3397 potest
661 3328 810 3383 dives
837 3345 978 3393 esse,
1003 3329 1089 3397 qui
1120 3344 1222 3381 non
1251 3327 1430 3380 animo
1451 3327 1519 3378 sit
1540 3327 1688 3379 dives
1718 3341 1732 3377 :
1763 3325 1898 3378 sicut

299 3437 411 3474 non
447 3431 622 3487 potest
658 3435 858 3488 pauper
887 3436 1026 3480 eSse,
1067 3419 1154 3488 qui
1182 3427 1544 3487 paupertatem
1585 3434 1689 3470 non
1717 3419 1895 3470 animo

293 3523 496 3581 gestet.
528 3512 656 3564 Nam
680 3513 722 3564 si
755 3511 1101 3565 excellentior
1145 3513 1321 3563 anima
1350 3525 1597 3577 corpore,
1643 3523 1744 3559 non
1774 3523 1894 3575 pos-

296 3615 426 3658 sunt
457 3621 575 3673 qua)
612 3604 795 3656 viliora
825 3612 946 3656 sunt
978 3603 1119 3655 illam
1164 3601 1229 3655 ad
1261 3617 1319 3656 se
1358 3599 1646 3653 attrahere.
1683 3600 1786 3652 Sed
1830 3616 1890 3651 ea

294 3713 421 3762 qua:
449 3695 665 3747 domina
692 3704 794 3758 est,
823 3710 940 3761 qua:
970 3709 1071 3745 non
1107 3693 1174 3744 ita
1207 3691 1304 3744 sibi
1331 3690 1541 3760 propria
1571 3700 1714 3752 sunt,
1751 3688 1800 3740 in
1831 3706 1888 3742 se

292 3786 592 3840 attrahitet
610 3796 922 3840 commutat.
952 3785 1058 3839 Cor
1085 3785 1225 3838 cnim
1255 3801 1376 3838 cum
1407 3783 1676 3853 quidpiam
1709 3783 1889 3835 damni

290 3878 586 3944 acceperit,
617 3887 783 3929 totum
809 3890 1002 3944 corpus
1025 3875 1102 3928 sic
1128 3874 1294 3928 aftieit
1311 3916 1325 3939 ,
1360 3882 1415 3927 et
1441 3873 1756 3941 intemperie
1794 3886 1887 3924 sua

293 3979 469 4023 touno
497 3970 828 4038 corrumpit;
874 3970 955 4022 sin
995 3979 1178 4022 contra
1228 3969 1362 4022 bene
1403 3975 1756 4036 temperatum
1795 3967 1884 4031 sit,

358 4226 375 4258 I
399 4215 622 4281 Quatimr
656 4223 796 4270 codd.
820 4221 1003 4270 habent
1029 4235 1039 4267 :
1078 4217 1267 4267 Probus
1299 4209 1880 4271 autcmvir,sivcscrvus

284 4283 380 4344 εει,
403 4300 503 4348 ante
536 4286 695 4348 lienis.
808 4342 840 4348 μ
912 4342 938 4348 Η
1226 4339 1236 4348 ¹
1378 4335 1387 4344 ,

362 4339 381 4377 ⁵
405 4346 506 4396 Alii
537 4347 744 4404 habent,
763 4342 980 4407 oﬂimdit,
1006 4356 1112 4404 pro,
1135 4339 1424 4390 verberavit.

295 4417 1944 4444 _______________________.____..

1229 224 1294 280 IN
1329 223 1734 280 MAT'I'IIIEUM
1777 224 2004 282 IIOMIL.
2048 226 2284 286 LXXXI.
2325 233 2396 288 al.
2437 233 2697 294 LXXXII.

3521 251 3588 306 75

2038 342 2132 395 toti
2155 341 2354 439 homini
2379 349 2614 417 prodest.
2656 351 2710 407 Si
2742 351 2866 421 quid
2892 369 3017 412 vero
3045 373 3111 416 ex
3141 361 3349 417 exteris
3377 377 3620 419 corrum-
3647 361 3658 439 ί

2037 443 2213 502 patur,
2244 437 2348 493 hoc
2378 441 2518 496 intus
2559 458 2691 496 sano
2721 458 2968 504 manente
2993 491 3008 516 ,
3041 450 3196 506 facile
3243 454 3456 510 illorum
3499 474 3623 511 cor-
3650 437 3656 455 ³

2035 530 2296 598 ruptelam
2321 535 2542 588 excutit.
2563 534 2626 590 Ut
2654 547 2831 593 autem
2851 541 3047 596 clarius
3064 543 3266 612 letptar,
3295 547 3444 614 quid,
3470 563 3617 616 qum-

2033 632 2115 684 so,
2169 634 2390 690 prosunt
2419 626 2553 680 rami
2593 627 2831 695 virides,
2879 631 2924 686 si
2965 633 3114 686 radix
3158 635 3229 688 sit
3270 637 3459 692 arida?
3491 639 3616 708 quid

2033 713 2235 780 damni,
2270 717 2314 770 si
2342 732 2573 786 superna
2603 719 2728 775 folia
2766 724 3122 792 exsiccentur,
3151 727 3328 783 radice
3348 743 3474 783 sana
3505 746 3620 786 ma-

2034 808 2227 862 nente?
2269 809 2359 864 Sic
2393 822 2447 866 et
2495 812 2597 867 hoc
2642 814 2760 870 loco
2785 817 2927 872 nulla
2957 818 3296 888 pecuniarum
3321 822 3542 890 utilitas,
3567 827 3616 880 si

2034 901 2186 970 inops
2209 903 2279 955 sit
2303 904 2499 970 anima;
2520 921 2690 976 neque
2717 913 3040 978 paupertatis
3067 913 3343 978 damnum,
3367 915 3411 969 si
3437 917 3616 974 anima

2034 992 2103 1046 sit
2126 993 2296 1048 dives.
2331 993 2397 1049 Et
2423 998 2711 1064 quomodo,
2756 1000 2984 1070 inquies,
3028 1006 3206 1059 anima
3235 1007 3386 1062 dives
3409 1009 3533 1072 erit.
3559 1004 3615 1068 "si

2034 1086 2259 1153 pecunia
2284 1089 2478 1155 egeat?
2508 1089 2658 1146 Tune
2682 1093 2912 1147 maxime
2935 1096 3118 1162 dives;
3153 1106 3280 1153 tunc
3301 1099 3444 1154 enim
3479 1100 3617 1156 dite-

2037 1192 2193 1232 scere
2222 1179 2382 1233 solet.
2414 1178 2470 1232 Si
2511 1175 2679 1243 enim,
2717 1189 2775 1234 ut
2819 1197 2960 1250 saepe
2989 1184 3510 1253 demonstravimus,
3545 1203 3613 1243 ex

2033 1280 2101 1320 eo
2140 1269 2297 1322 dives
2342 1269 2662 1338 agnoscitur
2701 1271 2845 1337 quod
2893 1274 3156 1339 pecunias
3201 1285 3513 1330 contemnat
3561 1286 3617 1331 et

2036 1359 2186 1414 nullo
2215 1369 2391 1429 egeat,
2425 1375 2631 1431 pauper
2676 1377 2804 1416 vero
2843 1377 2909 1415 ex
2939 1377 3006 1416 eo
3045 1366 3188 1432 quod
3231 1365 3498 1433 indigeat;
3534 1366 3636 1419 fa-.

2036 1451 2306 1520 ciliusque
2333 1453 2405 1506 sit
2435 1454 2486 1505 in
2517 1461 2834 1522 paupertate
2855 1469 3020 1522 quam
3045 1454 3099 1508 in
3125 1455 3327 1511 divitiis
3356 1457 3630 1521 pecunias

2034 1552 2404 1608 contemnere,
2418 1544 2596 1613 palam
2609 1553 2692 1599 est
2703 1556 3071 1614 paupertatem
3087 1548 3323 1614 majores
3339 1563 3528 1613 parere
3541 1549 3628 1604 di-

2036 1635 2217 1690 vitias.
2246 1635 2380 1691 Nam
2395 1638 2539 1704 quod
2557 1638 2707 1692 dives
2723 1639 2846 1706 plus
2863 1654 3023 1706 quam
3042 1655 3246 1709 pauper
3259 1640 3622 1696 divitiascon-

2037 1728 2301 1797 cuplscat,
2331 1730 2536 1783 nemini
2565 1745 2672 1783 nou
2715 1739 2900 1783 notum
2932 1740 3049 1784 est:
3080 1732 3541 1799 quemadmodum
3567 1741 3620 1787 et

2037 1821 2222 1878 ebrius
2240 1825 2412 1890 magis
2435 1824 2566 1888 sitit,
2591 1839 2751 1893 quam
2779 1825 2871 1894 qui
2891 1824 3173 1879 moderato
3197 1842 3330 1880 usus
3353 1836 3437 1880 est
3464 1837 3632 1895 potu..

2038 1913 2157 1968 Non
2175 1916 2320 1968 enim
2340 1916 2463 1970 talis
2475 1927 2556 1970 est
2571 1918 3009 1984 concupiscentia
3025 1933 3147 1985 qua:
3164 1933 3224 1970 ex
3248 1917 3440 1985 majori
3460 1917 3618 1984 copia

2025 2005 2416 2073 exstinguatur,
2445 2003 2552 2057 imo
2579 2004 2754 2072 potius
2784 2003 2907 2059 inde
2933 2007 3103 2074 magis
3130 2005 3448 2060 incenditur.
3472 2007 3603 2062 Nam

2025 2096 2161 2163 ignis
2181 2105 2378 2164 quanto
2422 2094 2678 2163 majorem
2708 2109 2884 2149 escam
2913 2095 3126 2162 accipit,
3157 2104 3305 2151 tanto
3335 2098 3500 2166 magis
3529 2098 3606 2150 in-

2023 2185 2353 2245 ﬂammatur;
2393 2184 2473 2238 sic
2507 2193 2562 2239 et
2603 2185 2944 2252 pecuniarum
2976 2186 3274 2254 cupiditas,
3325 2202 3444 2241 cum
3487 2188 3607 2256 plus

2020 2278 2284 2345 acceperit
2309 2276 2462 2341 auri,
2497 2285 2623 2330 tunc
2652 2277 2818 2345 magis
2853 2278 3091 2331 eIIcrtur.
3137 2278 3190 2330 Si
3237 2293 3366 2346 ergo
3402 2279 3604 2348 majora

2019 2385 2217 2439 cupere
2247 2369 2298 2422 id
2332 2377 2612 2436 paupertas
2636 2377 2721 2423 est
2743 2409 2758 2432 ,
2785 2369 2873 2436 qui
2913 2369 2962 2420 in
2999 2369 3196 2423 divitiis
3223 2379 3304 2424 est
3331 2372 3484 2434 talis,
3518 2372 3604 2427 hic

2020 2464 2250 2517 maxime
2281 2477 2478 2531 pauper
2503 2470 2604 2515 est.
2631 2460 2819 2514 Viden’
2848 2462 3080 2514 animam
3113 2469 3222 2515 tmn
3269 2462 3435 2530 magis
3465 2477 3604 2530 pau-

2018 2570 2197 2622 perem
2226 2567 2366 2614 esse,
2398 2567 2517 2606 cum
2545 2551 2696 2605 dives
2734 2560 2817 2605 est
2850 2567 2862 2602 :
2894 2559 3122 2619 tuncque
3147 2551 3430 2618 ditescere,
3477 2567 3600 2607 cum

2014 2655 2095 2698 est
2126 2643 2312 2712 inops?
2342 2642 2386 2696 si
2416 2643 2495 2695 vis
2523 2652 2699 2695 autem
2731 2651 2787 2693 ut
2815 2641 2866 2694 in
2896 2640 3102 2694 duabus
3145 2643 3385 2710 personis
3419 2642 3468 2694 id
3497 2658 3598 2696 ex-

2015 2740 2321 2809 pioremus,
2354 2745 2496 2790 stent
2521 2735 2627 2788 duo
2675 2733 2932 2802 quipiam,
2963 2748 3186 2800 quormn
3225 2733 3362 2786 alius
3409 2733 3598 2787 decem

2013 2829 2174 2885 millia
2220 2828 2414 2880 talenta
2453 2825 2664 2887 haheat,
2710 2824 2848 2877 alitis
2881 2838 3009 2877 vero
3029 2823 3211 2876 decem
3241 2832 3483 2878 unitum;
3530 2823 3596 2877 ab

2013 2934 2238 2990 utroque
2276 2930 2452 2974 autem
2485 2921 2598 2970 lure
2624 2916 2930 2970 auferamus
2957 2933 2969 2967 :
3001 2925 3118 2968 nter
3149 2915 3316 2983 magis
3357 2915 3594 2968 dolebit?

2009 3029 2185 3068 annon
2234 3013 2322 3068 ille
2360 3014 2448 3082 qui
2475 3012 2658 3064 decem
2692 3008 2853 3060 millia
2883 3007 3093 3060 amisit?
3120 3005 3230 3059 Non
3259 3015 3439 3061 autem
3476 3022 3594 3058 ma—

2007 3107 2086 3176 gis
2118 3105 2340 3168 doleret,
2374 3105 2472 3157 nisi
2501 3103 2668 3170 magis
2695 3109 2932 3161 amaret;
2961 3100 3005 3153 si
3033 3100 3202 3166 magis
3232 3107 3396 3161 uiuat,
3426 3100 3592 3164 magis

2009 3195 2369 3265 concupiscit;
2396 3195 2438 3246 si
2465 3193 2630 3260 magis
2659 3189 3007 3257 concupiscit,
3041 3187 3210 3255 magis
3248 3202 3447 3256 pauper
3485 3197 3586 3240 est.

2007 3291 2134 3344 Illud
2168 3289 2308 3342 enirn
2341 3286 2508 3352 magis
2530 3283 2974 3350 concupiscimus,
3006 3296 3112 3348 quo
3134 3280 3362 3333 maxime
3389 3279 3588 3347 indige-

2004 3398 2122 3437 tuus
2153 3399 2165 3433 :
2199 3398 2261 3432 ex
2297 3378 2585 3448 indigentia
2612 3377 2752 3429 enim
2775 3371 3056 3441 cupiditas.
3095 3371 3225 3424 Nam
3260 3371 3346 3423 nbi
3370 3369 3586 3424 satietas

2001 3486 2080 3530 est
2105 3517 2120 3538 ,
2175 3471 2437 3541 cupiditas
2475 3484 2594 3523 esse
2623 3485 2724 3520 non
2759 3474 2948 3536 potest.
2983 3464 3132 3519 Tunc
3170 3464 3311 3519 enim
3354 3463 3584 3517 maxime

2001 3567 2086 3620 siti
2119 3579 2391 3626 vexamur,
2417 3578 2536 3615 cum
2571 3569 2694 3627 potu
2725 3573 2962 3628 egentes.
2995 3555 3119 3609 Ilme
3139 3571 3167 3608 a
3191 3568 3275 3608 me
3305 3553 3442 3609 dicta
3462 3563 3584 3607 sunt

2001 3657 2326 3725 ut_probem,
2361 3654 2402 3705 si
2436 3651 2734 3720 vigilemus,
2769 3648 3038 3702 neminetn
3060 3646 3212 3699 nobis
3241 3661 3435 3699 nocere
3455 3661 3581 3713 pos-

1998 3765 2056 3801 se
2083 3767 2095 3799 :
2125 3762 2187 3799 ac
2216 3761 2318 3796 non
2351 3759 2416 3796 ex
2445 3749 2774 3810 paupertate,
2799 3739 2890 3792 sed
2909 3753 2973 3792 ex
3002 3737 3299 3804 nobisipsis
3326 3738 3579 3790 damnum

1998 3839 2200 3894 inferri.
2231 3838 2407 3902 Quare
2435 3849 2581 3901 rogo,
2611 3832 2752 3884 ornui
2779 3831 3046 3899 diligentia
3068 3830 3304 3882 avaritia:
3334 3831 3576 3883 morbum

1997 3932 2290 4001 cjiciamns,
2343 3938 2399 3980 ut
2424 3936 2477 3979 et
2526 3925 2610 3978 hic
2629 3923 2820 3977 divites
2849 3921 3038 3987 simus,
3075 3928 3128 3973 et
3153 3929 3350 3974 {eterna
3379 3934 3574 3973 conse-

1995 4039 2219 4094 tpiamur
2241 4023 2399 4082 bona,
2425 4017 2589 4086 gratia
2611 4025 2663 4069 et
2692 4013 3015 4083 benignitate
3040 4010 3245 4065 Domini
3263 4012 3428 4064 nostri
3451 4009 3590 4064 Iesu-

1995 4115 2216 4178 Cltristi,
2249 4114 2332 4168 cui
2357 4112 2524 4181 gloria
2556 4111 2605 4160 in
2636 4109 2833 4162 s:ecula
2865 4105 3200 4160 smculorum.
3236 4108 3429 4158 Amen.

2069 4303 2087 4335 ‘
2117 4301 2211 4351 (Str.
2243 4297 2417 4348 Λάκαι.
2446 4294 2686 4346 Friderici
2711 4293 2854 4343 Field
2881 4291 2944 4342 ad
2967 4304 3078 4354 pag.
3105 4289 3216 4338 772.

1963 4393 3582 4427 ____________________..____._...__.

1364 4495 1707 4556 IIOMILIA
1753 4490 2051 4553 LXXXI.
2095 4487 2180 4549 al.
2227 4480 2551 4544 LXXXII.

279 4645 420 4698 Car.
450 4639 544 4694 26.
590 4656 643 4693 v.
679 4641 764 4694 I7.
814 4639 988 4692 Prima
1023 4647 1186 4693 autem
1237 4653 1531 4707 azymorum
1566 4643 1880 4697 arcesset-unt

355 4734 601 4800 discipuli
629 4732 696 4783 ad
735 4731 910 4785 Jecum
930 4772 946 4796 ,
975 4731 1191 4784 dicentes
1218 4745 1238 4781 .'
1268 4727 1364 4784 Ubi
1407 4728 1480 4780 vis
1520 4741 1752 4795 paremus
1794 4725 1882 4776 tibi

353 4839 412 4880 nt
444 4827 716 4878 manduca
753 4825 940 4893 pascha
960 4825 985 4876 ἒ)
1027 4823 1112 4877 18.
1159 4821 1185 4874 l
1192 4838 1280 4890 pse
1313 4830 1484 4874 autent
1519 4819 1646 4871 dixit
1676 4833 1694 4870 :
1720 4816 1801 4871 Ite
1829 4817 1880 4868 in

359 4921 613 4971 civitatem
644 4919 713 4969 ad
761 4916 1047 4986 quemdam,
1080 4924 1129 4969 ct
1148 4915 1298 4968 dicite
1325 4915 1368 4967 ei
1393 4929 1410 4966 :
1439 4911 1684 4982 Magister
1721 4909 1876 4973 dicit,

280 5059 300 5076 ,
355 5010 582 5072 Tempus
612 5023 775 5060 nicum
806 5023 963 5076 prope
986 5016 1080 5071 est,
1125 5006 1266 5074 apud
1295 5014 1342 5058 te
1371 5003 1504 5073 facio
1549 5001 1737 5070 pascha
1764 5016 1879 5053 cunt

354 5099 628 5167 discipulis
655 5098 800 5151 meis.

363 5196 412 5248 I.
445 5193 680 5248 Primam
731 5205 1040 5261 azymorum
1087 5204 1206 5243 eam
1234 5188 1374 5242 diem
1415 5193 1572 5240 vocat
1608 5198 1726 5253 qua:
1754 5191 1878 5236 ante

285 5302 474 5356 atyina
505 5292 623 5338 erat
654 5299 668 5336 :
701 5282 1032 5336 soleutenim
1061 5295 1092 5335 a
1126 5293 1344 5348 vespera
1372 5280 1584 5345 semper
1616 5274 1756 5328 diem
1782 5287 1880 5324 llll-

287 5395 498 5434 mer-are
532 5395 544 5430 :
578 5386 633 5431 et
672 5375 808 5430 banc
841 5384 1100 5429 niemorat
1124 5374 1176 5426 in
1217 5372 1369 5441 cujus
1412 5383 1632 5437 vespera
1682 5365 1877 5435 pascha

284 5469 676 5526 inunolandum
701 5476 816 5522 erat
847 5485 862 5520 :
891 5467 1074 5537 quinta
1102 5467 1246 5522 enim
1279 5463 1483 5518 sabbati
1508 5467 1870 5515 accesserunt.

287 5565 435 5620 tlanc
462 5579 593 5617 vero
621 5562 756 5614 alius
780 5561 921 5614 diem
957 5568 1081 5613 ante
1122 5572 1306 5629 azyma
1339 5565 1512 5617 vocat,
1545 5563 1754 5622 tempus
1775 5551 1873 5604 de-

290 5669 481 5712 notaus
507 5668 615 5726 quo
645 5657 986 5708 accesserunt
1017 5667 1029 5705 :
1063 5649 1199 5705 alius
1240 5663 1368 5704 vero
1401 5647 1478 5704 sic
1515 5644 1641 5702 dicit
1672 5661 1685 5698 :
1728 5641 1872 5698 Venit

1988 4631 2093 4682 dies
2144 4640 2475 4695 azymorum,
2525 4620 2575 4671 in
2636 4635 2734 4684 qua
2779 4615 3035 4684 oportebat
3077 4614 3330 4667 immolari
3387 4614 3574 4683 pascha

1993 4717 2137 4778 (Luc.
2170 4717 2260 4769 ‘22.
2312 4715 2385 4783 l).
2420 4711 2573 4775 Illud,
2602 4707 2745 4762 Venit
2772 4750 2785 4773 ,
2810 4707 2909 4760 hoc
2932 4705 3214 4777 signiﬁcat,
3249 4721 3409 4774 prope
3434 4715 3569 4769 erat,

1989 4810 2040 4862 iu
2061 4809 2237 4876 januis
2252 4816 2386 4867 erat,
2405 4817 2680 4872 vesperam
2701 4799 2943 4853 videlicet
2961 4798 3102 4851 illam
3121 4811 3567 4850 commemorans.

1986 4905 2028 4956 A
2056 4915 2275 4969 vespera
2294 4899 2434 4951 enim
2461 4894 2813 4964 incipiebant:
2849 4892 2965 4946 ideo
2985 4891 3175 4958 singuli
3199 4888 3420 4953 addunt,
3445 4889 3569 4943 Cum

1984 4993 2331 5047 immolaretur
2358 4988 2566 5057 pasrlta.
2617 4987 2682 5040 Iit
2711 4985 2893 5039 dicunt
2921 5001 2933 5035 :
2969 4981 3067 5037 Ubi
3111 4984 3182 5034 vis
3211 4998 3446 5051 paremus
3485 4983 3571 5033 tibi

1985 5087 2243 5141 comedere
2267 5079 2701 5151 pascha?ltaque
2730 5079 2852 5131 hinc
2879 5085 3038 5144 patet,
3071 5077 3166 5144 ipsi
3203 5091 3300 5130 nec
3327 5075 3567 5137 domum,

1985 5194 2085 5233 nec
2118 5174 2468 5231 diversorium
2497 5172 2688 5225 fuisse:
2726 5184 2894 5238 neque
2921 5166 3212 5234 discipulis,
3247 5176 3390 5234 puto.
3422 5166 3570 5219 Alio--

1985 5273 2113 5341 quin
2144 5269 2235 5322 illo
2261 5267 2528 5320 divertere
2566 5271 2860 5330 rogassent.
2905 5259 3009 5314 Sed
3049 5260 3157 5312 illis
3187 5258 3328 5312 nulla
3377 5257 3569 5311 domus

1985 5371 2121 5424 erat,
2151 5359 2240 5429 qui
2268 5357 2516 5411 etnuilius
2537 5353 2993 5408 retutntiaverant.
3027 5352 3132 5406 Cur
3163 5361 3338 5405 autem
3371 5350 3568 5420 pascha

1983 5452 2317 5512 celebravit?
2343 5451 2403 5504 Ut
2435 5449 2488 5502 in
2517 5447 2764 5499 ouiuibus
2803 5444 3112 5499 ostenderet
3140 5460 3197 5499 sc
3221 5445 3286 5498 ad
3325 5446 3566 5499 ultimum

1983 5565 2151 5618 usque
2185 5549 2303 5600 vita-
2336 5561 2444 5598 siue
2484 5543 2625 5596 diem
2660 5557 2764 5593 non
2796 5539 2927 5609 legis
2969 5539 3330 5593 adversarium
3381 5538 3559 5591 fuisse.

1984 5641 2050 5696 Et
2077 5657 2169 5693 cur
2195 5639 2259 5692 ad
2299 5639 2532 5708 i;;:::tttau
2562 5633 2828 5688 hominem
2870 5632 3060 5687 mittit?
3107 5630 3238 5686 llinc
3274 5628 3561 5685 ostendens
