4104 6218
402 231 506 286 τδι

398 362 461 402 so
485 359 592 400 non
620 356 898 414 passurum
925 337 1088 394 fuisse
1108 337 1153 392 si
1177 336 1451 391 voluisset.
1473 333 1604 388 Nam
1628 331 1718 402 qui
1749 331 1984 385 animum

403 438 547 492 illius
590 434 767 492 verbis
794 441 996 486 tantum
1029 428 1274 492 induxit,
1333 434 1393 478 ut
1429 425 1547 477 illos
1577 423 1862 490 reciperet,
1894 434 1992 473 cur

407 544 514 584 non
542 543 636 582 eos
663 528 755 596 qui
784 540 841 580 se
866 522 1244 592 crucitlgebant
1272 525 1546 577 mutasset,
1579 516 1623 567 si
1652 513 1756 583 pati
1784 512 1989 566 noluis-

403 621 522 675 set?
547 620 808 689 Quodque
833 620 973 673 circa
1016 617 1219 670 asinam
1249 612 1466 673 iecerat,
1499 609 1585 662 hic
1607 621 1820 676 quoque
1843 605 1987 658 fecit.

402 711 476 765 lbi
504 725 733 780 namque
758 709 890 763 dixit
914 726 928 762 :
955 707 1016 762 Si
1032 722 1142 776 quis
1159 704 1296 758 vobis
1315 699 1574 771 quidpiam
1595 697 1798 761 dixerit,
1821 696 1987 759 dicite,

404 803 549 873 Opus
572 810 644 855 est
665 799 887 853 Domino
904 797 1116 866 (Matth.
1136 795 1198 849 21
1213 833 1227 847 .
1250 793 1331 862 5);
1353 793 1428 846 sic
1445 789 1620 845 ethoc
1643 789 1796 842 loco:
1818 786 1990 857 Magi-

396 903 500 949 ster
541 893 684 956 dicit,
712 892 864 962 Apud
893 901 940 943 te
965 890 1095 960 facio
1126 886 1335 957 pascha.
1368 884 1489 953 Ego
1512 896 1641 938 vero
1667 895 1770 934 non
1809 878 1858 931 itl
1898 894 1958 933 so

403 984 513 1038 lum
546 985 732 1049 miror,
779 982 917 1053 quod
946 981 1180 1050 ignotum
1217 975 1534 1045 susceperit,
1567 973 1659 1026 sed
1697 970 1836 1040 quod
1869 984 1988 1023 eum

403 1085 606 1144 tantam
633 1074 918 1129 adversum
943 1087 1001 1126 se
1024 1072 1164 1124 iram
1177 1067 1430 1124 concitari
1460 1071 1818 1133 exspectaret,
1839 1070 1893 1114 et
1922 1061 1992 1112 ir-

402 1163 805 1221 reconciliabile
830 1163 1059 1225 belhnn,
1089 1160 1376 1214 multorum
1421 1156 1616 1209 odium-
1651 1163 1990 1220 eoatempse-

400 1256 494 1310 rit.
524 1254 736 1310 Deinde
759 1254 1122 1325 ignorantibus
1165 1251 1371 1319 signum
1421 1248 1602 1310 dedit,
1649 1245 1805 1315 quale
1843 1242 1988 1298 Sauli

403 1347 661 1417 propheta
694 1365 708 1401 :
738 1345 1004 1398 limeniens
1035 1344 1285 1396 hominem
1329 1340 1675 1394 ascendentem
1698 1377 1714 1402 ,
1743 1346 1802 1390 etv
1828 1346 1989 1388 utrem

405 1435 667 1490 habentem
687 1436 774 1506 (1.
790 1435 918 1505 Reg.
943 1435 1030 1489 10.
1053 1435 1110 1504 5)
1129 1450 1146 1494 ς·
1168 1433 1257 1486 hic
1273 1447 1420 1499 vero,
1451 1430 1759 1498 Amp/torum
1782 1438 1989 1496 portan-

407 1535 504 1580 tem
526 1526 677 1597 (Luc.
708 1525 797 1578 22.
829 1524 937 1594 10).
971 1525 1067 1578 llic
1104 1523 1263 1577 etiam
1287 1520 1406 1574 vide
1425 1519 1678 1590 potentia:
1701 1532 1990 1586 argumen-

409 1628 542 1672 tum.
573 1616 686 1671 Nou
708 1617 848 1670 enim
866 1616 1036 1669 solum
1058 1614 1219 1678 dixit,
1237 1611 1438 1664 Pascha
1466 1611 1636 1680 facio:
1662 1609 1754 1664 sed
1782 1608 1986 1676 adjicit,

407 1711 628 1780 Tempus
654 1725 818 1762 meum
834 1723 990 1779 prape
1009 1715 1100 1760 est.
1126 1705 1238 1759 lloc
1262 1713 1440 1758 autem
1467 1703 1713 1767 faciebat,
1748 1711 1804 1755 ut
1831 1701 2000 1755 simul.

405 1799 679 1868 discipulis
723 1799 1030 1866 frequenter
1069 1795 1371 1865 passionem
1415 1799 1899 1854 commemoraret,
1935 1800 1992 1846 ut

407 1905 472 1945 ex
518 1889 881 1959 praedictionis
907 1889 1203 1960 frequentia
1229 1896 1612 1943 exercerentur
1660 1885 1713 1940 in
1759 1884 1988 1939 medita-

408 1981 556 2036 t-ioue
585 1983 658 2035 rei
697 1982 923 2046 futurae;
953 1991 1115 2050 utque
1157 1979 1466 2034 ostenderet
1492 1978 1616 2043 illis,
1649 1985 1704 2030 et
1753 1990 1813 2030 se
1840 1975 1988 2030 exci-

405 2072 591 2143 pienti,
643 2072 999 2140 omnibusque
1032 2071 1262 2136 Judteis,
1305 2078 1370 2123 ut-
1403 2083 1547 2137 stupe
1589 2066 1722 2129 dixi,
1771 2080 1831 2120 se
1883 2081 1989 2119 non

407 2163 633 2220 invitum
663 2163 728 2218 ad
760 2163 1064 2233 passionem
1103 2161 1307 2216 venire.
1355 2159 1574 2214 Addidit
1615 2167 1790 2212 autem
1813 2197 1830 2223 ,
1863 2156 1992 2211 Cum

404 2256 675 2327 discipulis
723 2257 866 2321 meis,
907 2265 965 2309 ut
1013 2253 1283 2309 sufﬁciens
1326 2261 1612 2322 apparatus
1650 2260 1814 2314 esset,
1857 2263 1992 2305 nere

406 2348 736 2404 existimaret
757 2348 869 2413 ille,
899 2347 1082 2417 ipsum
1101 2345 1333 2402 latebras
1353 2359 1614 2414 quaerere.
1642 2342 1733 2398 20.
1773 2341 1990 2412 Vespere

406 2447 572 2491 autem
594 2441 748 2509 facta,
773 2437 1113 2490 discumbebat
1140 2453 1249 2489 cum
1268 2434 1552 2504 discipulis.
1578 2433 1622 2488 Ο
1642 2431 1792 2487 .ludte
1820 2432 1992 2501 impu-

406 2527 672 2583 dentiam!
703 2527 834 2582 Nam
860 2536 916 2582 et
958 2527 1045 2581 ille
1079 2527 1196 2581 istic
1221 2525 1427 2589 aderat,
1455 2525 1707 2594 venitque
1729 2523 2003 2592 particeps

406 2619 615 2672 futurus
644 2627 699 2673 et
725 2617 1100 2690 mysteriorum
1131 2627 1185 2671 et
1227 2629 1428 2670 mensa:
1454 2630 1474 2670 :
1501 2623 1562 2668 et
1581 2613 1631 2667 in
1665 2615 1775 2682 ipsa
1805 2626 1990 2668 mensa

406 2711 751 2780 arguebatur,
797 2709 885 2763 ubi
917 2708 1123 2764 etiamsi
1151 2707 1263 2762 fera
1291 2715 1464 2771 esset,
1490 2705 1818 2759 mansuetior
1851 2703 1992 2756 futu-

409 2813 501 2853 rus
525 2807 660 2853 erat.
695 2798 926 2868 Ideoque
955 2799 1069 2867 ipse
1094 2797 1419 2868 evangelista
1450 2795 1735 2865 signiﬁcat,
1769 2792 1992 2846 mandn-
2011 2859 2024 2867 ‘

409 2890 653 2946 cantibus
676 2891 806 2957 illis,
835 2889 1118 2944 Christum
1137 2889 1204 2943 de
1226 2889 1529 2958 proditione
1555 2888 1830 2957 loquutum
1863 2885 1998 2941 fuis-

409 2995 490 3045 se,
537 2989 594 3034 ιιι
618 2987 718 3034 cta
746 2988 990 3048 temjiore
1033 2989 1086 3033 et
1115 2993 1142 3030 a
1176 2992 1358 3031 mensa
1386 2975 1672 3046 proditoris
1699 2976 1988 3046 nequitiam

408 3071 738 3128 ostenderet.
783 3073 1069 3142 Postquam
1119 3071 1261 3126 enim
1307 3070 1542 3124 feceram
1567 3069 1814 3138 discipuli
1855 3068 1992 3123 sicut

409 3165 515 3222 iiiis
541 3163 698 3221 Jesus
749 3173 1110 3235 praeceperat,
1157 3149 1382 3230 resrere
1412 3162 1585 3227 facto,
1625 3161 1994 3216 discumbebat

407 3273 530 3312 cum
573 3256 855 3312 duodecim
884 3255 1176 3324 discipulis.
1219 3255 1308 3309 21.
1357 3252 1786 3307 Manducantibus
1825 3263 1991 3304 autent

407 3349 514 3404 illis
537 3347 664 3402 dixit
683 3343 884 3402 {Amen
909 3348 1022 3401 dico
1064 3346 1220 3411 vobis,
1251 3363 1383 3400 unus
1407 3362 1470 3399 cx
1488 3345 1623 3398 vobis
1661 3361 1739 3398 me
1770 3345 1989 3398 traditu-

406 3456 500 3496 m
522 3449 631 3506 ear;
658 3448 783 3495 ante
810 3454 1017 3495 cumam
1056 3454 1185 3494 vero
1214 3439 1375 3508 pedes
1401 3438 1516 3504 ejus
1557 3437 1704 3492 lavit.
1734 3437 1865 3491 Vide
1889 3453 1990 3490 au-

411 3543 518 3588 tem
546 3533 819 3604 quomodo
868 3533 1125 3604 proditori
1156 3542 1358 3602 parcat.
1389 3531 1504 3586 Non
1536 3532 1678 3585 enim
1707 3530 1869 3596 dixit,
1901 3531 1991 3586 llle

409 3641 498 3704 me
521 3625 727 3691 tradet;
767 3625 861 3682 sed
887 3667 902 3693 ,
955 3625 1101 3681 Unus
1141 3642 1204 3680 ea:
1241 3626 1414 3688 vobis,
1453 3634 1509 3679 ut
1550 3641 1735 3678 rursus
1782 3624 1877 3693 ipsi
1907 3624 1988 3679 la-

410 3718 541 3773 lenti
585 3716 874 3788 paenitendi
903 3716 1202 3772 facultatem
1239 3717 1434 3770 daret:
1471 3715 1758 3785 maluilque
1803 3730 1991 3770 onmes

412 3820 642 3872 terrere,
675 3818 732 3862 ut
761 3807 902 3862 hunc
949 3809 1155 3862 salvum
1181 3806 1400 3861 faceret.
1425 3805 1574 3860 Unus
1600 3820 1665 3860 ex
1694 3804 1845 3858 vobis
1865 3803 1992 3858 duo-

409 3900 605 3967 decim,
647 3900 840 3970 inquit,
869 3900 958 3968 qui
1001 3900 1199 3968 ubique
1226 3913 1433 3953 mecum
1465 3906 1609 3961 sunt,
1641 3910 1868 3964 quorum
1900 3910 1991 3964 pe-

411 3993 509 4049 des
549 3992 685 4057 lavi,
725 3991 920 4060 quibus
963 4000 1039 4044 tot
1085 3999 1334 4060 tantaque
1365 3988 1606 4058 promisi.
1638 3987 1788 4041 Tunc
1819 3987 1991 4042 luctus

409 4087 596 4156 ingens
625 4100 834 4140 sacrum
859 4084 1002 4138 illum
1021 4083 1242 4137 chorum
1273 4081 1483 4135 invasit.
1512 4079 1746 4134 Joannes
1765 4079 1978 4149 quidem

409 4178 504 4238 ait,
534 4177 678 4246 ipsos
709 4175 947 4229 turbatos
999 4173 1183 4238 fuisse,
1233 4185 1282 4228 et
1330 4188 1388 4228 se
1417 4182 1600 4226 mutuo
1649 4172 1987 4241 respexisse,

409 4269 754 4338 singulosque
799 4268 982 4336 ipsum-
1005 4268 1361 4337 interrogasse
1403 4266 1651 4320 timentes
1693 4265 1818 4327 sibi,
1867 4265 1990 4319 licet

410 4363 611 4418 tmllius
633 4363 706 4416 rei
738 4359 1044 4430 hujusmodi
1087 4360 1187 4414 sibi
1235 4360 1478 4414 conscios
1506 4359 1700 4428 (loan.
1734 4358 1820 4413 18.
1848 4356 1988 4428 22);

412 4457 501 4513 hic
526 4473 654 4512 vero
695 4457 768 4510 ait
801 4473 815 4509 :
861 4455 953 4509 22.
986 4454 1278 4509 Contristati
1318 4453 1463 4506 valde
1501 4462 1758 4522 eruperunt
1804 4451 1991 4521 singuli

409 4550 596 4612 dicere,
627 4549 891 4620 Numquid
916 4565 1006 4618 ego
1045 4565 1178 4612 sum,
1225 4545 1469 4601 Domine?
1495 4545 1586 4600 25.
1613 4544 1734 4614 Ipse
1763 4560 1876 4598 vero
1905 4561 1990 4599 re~

409 4650 660 4712 spondens
683 4642 754 4694 ait
787 4657 804 4695 :
833 4638 926 4695 Cui
946 4655 1035 4709 ego
1063 4640 1328 4691 intinctam
1369 4637 1533 4689 cibum
1570 4651 1859 4706 porrexero,
1885 4637 1994 4705 ipse

411 4743 483 4788 est
509 4732 668 4806 (Ibid.
699 4747 746 4784 ιι.
775 4727 889 4801 26).
924 4729 1057 4783 Vide
1087 4727 1302 4798 quando
1330 4727 1500 4796 ipsum
1532 4726 1786 4781 revelavit
1807 4767 1822 4792 ,
1869 4741 1988 4781 cum

412 4825 572 4880 vellet
600 4837 790 4892 nempe
814 4831 1039 4876 caeteros
1060 4836 1089 4872 a
1122 4819 1210 4873 tali
1239 4818 1403 4875 animi
1431 4817 1701 4873 anxietate
1726 4819 1988 4873 liberare:

415 4932 536 4971 nam
581 4929 778 4984 pavore
825 4913 972 4982 quasi
1020 4911 1212 4968 mortui
1250 4920 1437 4973 erant;
1483 4910 1709 4989 ideoque
1736 4910 1994 4978 urgebant

416 5007 825 5077 interrogantes.
853 5005 1033 5074 Neque
1063 5012 1262 5056 tantum
1292 5011 1348 5055 ιιι
1374 5001 1495 5056 illos
1520 5016 1549 5054 a
1581 5010 1728 5055 tanto
1751 5011 1893 5054 metu
1926 5001 1992 5054 li-

407 5099 660 5160 beraret,
707 5096 799 5151 sed
846 5096 1002 5150 eliam
1036 5103 1095 5148 ut
1148 5093 1474 5163 proditorem
1518 5089 1862 5153 emendaret,
1891 5090 1994 5145 hoc

412 5192 559 5247 fecit.
590 5191 721 5258 Quia
751 5190 890 5244 enim
939 5203 1058 5242 cum
1099 5201 1241 5256 saepe
1279 5184 1588 5239 indistincte
1638 5182 1690 5236 id
1734 5181 1991 5246 audisset,

413 5301 519 5339 non
551 5282 881 5344 movebatur,
908 5289 964 5334 ut
994 5278 1325 5348 magisillum
1355 5276 1766 5346 perstringeret,
1792 5273 1995 5326 larvam-

413 5376 531 5445 ejus
561 5374 775 5442 dejccit.
822 5372 956 5426 Cum
988 5385 1115 5440 ergo
1146 5369 1218 5423 illi
1246 5378 1536 5424 maerentes
1579 5367 1992 5436 interrogarent,

412 5466 680 5537 Numquid
704 5482 795 5538 ego
829 5479 962 5528 sum,
995 5461 1231 5526 Domine,
1259 5461 1564 5529 respondens
1597 5457 1724 5511 dixit
1747 5473 1766 5512 :
1795 5455 1896 5520 Qui
1919 5457 1999 5509 in-

413 5564 559 5632 surgit
601 5577 795 5616 mecum
835 5572 1039 5612 manum
1077 5556 1132 5608 in
1183 5552 1474 5624 paropside,
1509 5544 1590 5603 hic
1616 5566 1694 5602 me
1719 5549 1998 5602 traditurus

414 5665 507 5710 at.
527 5655 616 5710 2i.
652 5654 758 5710 Sed
782 5651 950 5708 Filius
966 5648 1167 5722 quidem
1187 5645 1402 5701 hominis
1431 5645 1590 5713 vadit,
1605 5651 1733 5699 sicut
1754 5643 1994 5714 scriptum

1125 223 1182 278 S.
1220 218 1498 278 JOANNIS
1532 215 2002 274 CIIRYSOSTOHI
2040 217 2355 274 ARCHIEP.
2398 214 2927 276 CONSTANTINOP.

3575 224 3692 279 752

2073 339 2171 406 lest
2213 331 2276 383 de
2301 332 2390 384 illo
2410 342 2717 395 ;.rte'autem
2746 333 2937 387 homini
2965 333 3062 398 illi,
3088 350 3177 400 per
3199 351 3341 404 quem
3385 333 3549 390 Filius
3578 341 3680 394 ho-

2097 423 2246 476 minis
2266 427 2490 478 tradetur
2510 444 2531 480 :
2553 428 2734 482 bonum
2749 439 2856 481 erat
2880 430 2950 494 ei,
2972 430 3017 483 si
3040 439 3190 483 natus
3215 448 3315 484 non
3337 433 3511 499 fuisset
3531 433 3691 488 Itonia

2097 513 2206 566 ille.
2252 515 2479 578 Quidam
2513 520 2927 588 narrantipsum
2956 520 3023 573 ita
3049 521 3375 590 petulantem
3406 523 3594 586 fuisse,
3627 535 3682 578 ut

2097 607 2409 670 magistrum
2442 623 2544 661 non
2567 621 2924 676 revereretur,
2953 613 3044 666 sed
3087 629 3208 666 cum
3229 615 3344 682 ipso
3367 616 3678 685 intingeret;

2099 696 2228 748 mihi
2257 707 2432 750 autem
2475 700 2689 754 videtur
2719 701 2819 757 hoc
2865 703 3067 757 fecisse
3085 705 3367 770 Christus,
3423 717 3478 759 ut
3531 707 3677 761 Illum

2098 786 2288 854 majori
2321 787 2558 844 afficeret
2583 791 2802 860 pudore,
2834 802 2888 846 et
2913 794 2977 847 ad
3013 795 3288 850 meliorem
3322 796 3568 851 affectum
3599 779 3681 866 ip-

2096 888 2214 929 sum
2265 879 2638 947 pertraheret;
2689 899 2793 952 qua
2839 884 2891 938 in
2941 899 3008 939 rei
3039 885 3236 956 aliquid
3268 887 3440 956 majus
3486 889 3681 959 depre-

2099 965 2367 1022 henditur.

2165 1060 2220 1115 2'.
2262 1059 2368 1115 lrte
2394 1073 2560 1116 motus
2582 1065 2811 1118 sedandi.
2838 1094 2910 1106 —-
2937 1066 3060 1122 lhcc
3087 1083 3388 1136 porro-non
3416 1071 3679 1140 simplicis

2098 1158 2179 1202 ter
2228 1153 2684 1217 prmtercurreuda
2729 1149 2874 1215 sunt.
2927 1155 3018 1210 sed
3067 1157 3117 1209 in
3167 1158 3360 1211 animis
3412 1158 3690 1227 infigenda-

2095 1241 2312 1301 nostris,
2354 1251 2410 1294 nt
2457 1243 2658 1296 nullum
2705 1260 2952 1314 umquam
2980 1246 3070 1299 irtc
3097 1247 3269 1300 locum
3300 1247 3508 1304 demus.
3549 1249 3700 1316 Quis»

2095 1331 2236 1385 enim
2277 1346 2482 1386 omnem
2510 1333 2656 1387 illam
2699 1345 2880 1390 mente
2915 1337 3212 1402 revolvens,
3246 1339 3682 1410 proditoremque

2096 1434 2216 1474 cum
2245 1423 2478 1476 omnium
2522 1423 2808 1480 Servatore
2851 1429 3272 1492 recumbentem,
3316 1445 3546 1500 cumque
3587 1434 3694 1499 qui-

2095 1515 2400 1581 prodendus
2421 1525 2534 1570 erat
2557 1526 2674 1572 tam-
2688 1518 2800 1572 miti
2826 1533 3074 1574 sermone
3101 1529 3354 1584 utentem,
3384 1537 3506 1576 non.
3530 1524 3694 1578 virus-

2096 1612 2266 1658 totum
2313 1606 2406 1659 ira:
2451 1615 2609 1676 atque
2654 1608 2847 1662 luroris
2894 1609 3114 1676 ejiciat?
3148 1608 3280 1664 Vide
3317 1611 3480 1680 igitur
3514 1628 3691 1681 quam=

2095 1705 2372 1750 mansuete
2399 1712 2700 1753 sermonem
2729 1697 2794 1752 ad
2825 1699 2996 1768 ipsum
3035 1710 3330 1754 convertat.
3367 1701 3534 1755 Filius
3561 1705 3678 1771 qui-

2095 1783 2207 1837 dem
2256 1785 2472 1840 hominis
2508 1789 2666 1854 vadit,
2710 1789 2849 1841 sicut
2885 1789 3127 1859 scriptum
3172 1799 3244 1844 est
3285 1792 3348 1845 de
3396 1791 3508 1844 illo.
3555 1792 3682 1848 "me

2094 1887 2257 1942 porro
2283 1875 2417 1930 dixit
2441 1885 2499 1931 ut
2521 1877 2811 1946 discipulos
2839 1882 3208 1946 continuaret,
3236 1889 3383 1935 ut~ue
3413 1883 3542 1936 illud
3576 1884 3679 1936 im-

2094 1965 2368 2020 becillitati
2410 1969 2722 2036 tribuerent,
2755 1977 2915 2039 utque
2954 1971 3112 2024 etiam
3143 1972 3468 2040 proditorem
3495 1991 3681 2030 emen-

2095 2054 2267 2110 daret.
2312 2056 2400 2111 νω
2438 2069 2604 2113 autem
2630 2061 2821 2112 homini
2862 2061 2941 2114 illi
2967 2078 3056 2132 per
3087 2078 3233 2131 quem
3264 2063 3430 2117 Filius
3460 2065 3698 2120 hominis-

2097 2147 2321 2202 tradetur
2343 2163 2361 2203 :
2382 2149 2564 2203 bonum
2589 2160 2696 2204 erat
2717 2151 2817 2216 illi,
2843 2152 2888 2206 si
2904 2163 3052 2206 natus
3076 2169 3176 2206 non
3202 2155 3377 2224 fuisset
3398 2157 3548 2210 homo
3568 2157 3679 2211 ille.

2096 2239 2230 2295 Vide
2258 2255 2466 2296 rursum
2497 2243 2550 2297 in
2578 2244 2850 2314 arguendo
2881 2245 3199 2302 ineffabilem
3243 2249 3533 2303 lenitatem.
3561 2251 3697 2306 Non

2095 2331 2236 2385 enim
2266 2331 2369 2386 bic-
2394 2333 2610 2399 acriter,
2662 2335 3076 2392 sed'miserabili
3109 2341 3282 2407 potius
3327 2343 3484 2395 modo
3514 2345 3694 2399 verba

2096 2421 2242 2485 facit,
2291 2433 2468 2493 atque
2507 2441 2719 2480 rursum
2769 2429 3102 2486 subobscure
3145 2449 3159 2485 :
3196 2448 3513 2502 quamquam
3571 2453 3680 2494 non

2095 2515 2256 2568 modo
2280 2518 2523 2585 superior
2549 2519 2815 2584 vecordia,
2842 2519 2939 2575 sed
2965 2532 3019 2577 et
3039 2525 3302 2593 posterior
3326 2527 3691 2598 impudentia,

2095 2605 2294 2674 ingenti
2334 2607 2491 2678 digna
2520 2617 2670 2664 esset
2704 2609 3087 2681 indignatione.
3136 2614 3268 2669 Nam
3295 2627 3572 2686 postquam
3607 2621 3678 2675 ita

2095 2698 2368 2753 convictus
2386 2702 2572 2764 fuerat,
2587 2699 2719 2755 dixit
2739 2703 2860 2758 :25.
2883 2703 3146 2777 Numquid
3163 2724 3254 2778 ego
3269 2725 3400 2773 sum,
3426 2709 3641 2766 Domine
3654 2715 3696 2768 ἲ*

2094 2787 2497 2844 O‘vecordiam!
2529 2791 2726 2845 [lorum
2763 2793 2860 2847 sibi
2902 2797 3148 2851 conscius
3184 2799 3513 2854 sciscitatur:
3554 2819 3694 2858 nam

2093 2882 2415 2950 evangelista
2455 2882 2572 2950 ejus
2599 2883 2869 2939 admirans
2898 2887 3238 2955 petulantiam
3269 2890 3381 2946 hare
3409 2893 3503 2948 ait.
3539 2893 3698 2958 Quid'

2093 2984 2220 3041 ergo
2267 2972 2572 3028 lenissimus
2627 2976 3041 3048 mitissimusque
3087 2979 3296 3036 Iesus?“
3345 2981 3421 3036 Tu
3479 2984 3682 3042 dixisti.

2093 3063 2424 3134 Quamquam
2451 3067 2628 3123 dicere
2657 3072 2914 3138 potuisset
2942 3092 2956 3128 :
2983 3073 3215 3129 Sceleste
3251 3079 3679 3147 et‘exsecrande,

2093 3166 2252 3225 atque
2277 3157 2667 3227 impurissime,
2689 3170 2835 3216 tanto
2870 3171 3112 3234 tempore
3141 3166 3241 3223 hoc
3271 3169 3463 3223 malum
3495 3183 3680 3241 partu-

2093 3249 2258 3316 riens,
2292 3261 2412 3321 post
2439 3256 2738 3323 pactionem
2769 3256 3083 3313 diabolicam
3114 3271 3556 3333 numeratamquc
3585 3278 3682 3334 pe-

2093 3340 2325 3408 cuniam,
2356 3357 2386 3396 a
2414 3359 2500 3399 me
2521 3348 2814 3414 convictus,
2837 3347 3002 3403 audes
3027 3347 3200 3404 adhuc
3226 3350 3590 3422 interrogare?
3608 3356 3694 3410 At‘

2096 3429 2291 3486 horum
2327 3433 2460 3488 nihil
2501 3435 2670 3491 dixit:
2699 3437 2790 3491 sed
2836 3438 3004 3508 quid?
3038 3439 3113 3493 Tu
3159 3441 3353 3506 dixisti,
3405 3445 3483 3499 sic
3525 3445 3680 3501 nobis

2095 3522 2243 3593 leges
2275 3533 2516 3580 statuens
2563 3527 2794 3581 ferenda:
2836 3530 3060 3596 injuriae.
3103 3530 3300 3586 Verum
3340 3533 3482 3590 dicet
3524 3537 3692 3605 quis-~

2093 3615 2232 3683 piant
2259 3631 2273 3669 ε
2304 3615 2359 3670 Si
2389 3619 2643 3686 scriptum
2688 3628 2771 3673 est
2799 3619 3065 3674 Christum
3109 3623 3178 3676 ita
3208 3639 3483 3693 passurum
3527 3642 3692 3696 esse,

2092 3719 2190 3758 cur
2235 3717 2514 3762 accusatur
2540 3708 2703 3763 Judas
2728 3713 2750 3762 τ
2793 3726 2912 3763 nam
2939 3727 3056 3780 quze
3087 3713 3280 3781 scripta
3309 3726 3463 3770 erant
3497 3719 3680 3788 perfe-

2092 3798 2183 3851 cit.
2215 3798 2284 3851 At
2313 3814 2420 3852 non
2452 3799 2552 3854 hoc
2576 3801 2664 3854 ille
2688 3801 2867 3854 animo
2896 3802 3039 3868 fecit,
3073 3805 3166 3859 sed
3193 3820 3259 3859 ex
3302 3807 3527 3862 scelere.
3558 3809 3672 3864 Nisi

2092 3902 2270 3947 autem
2302 3893 2534 3945 animum
2573 3893 2957 3960 exploraveris,
3007 3896 3175 3963 ipsum
3203 3895 3470 3951 diabolum
3515 3913 3543 3952 τι
3574 3901 3686 3954 crio

2093 3987 2238 4041 mine
2267 3985 2536 4042 liberabis.
2585 3984 2689 4039 Sed
2735 4001 2838 4039 non
2881 3987 2972 4051 ita,
3007 4003 3113 4040 non
3162 3988 3231 4042 ita
3257 3999 3404 4044 certe
3441 4005 3528 4045 res
3572 4003 3678 4046 est.

2093 4079 2369 4135 Sexcentis
2410 4079 2550 4132 enim
2592 4087 2647 4132 et
2691 4078 2776 4132 hic
2813 4088 2867 4133 et
2908 4079 2996 4134 ille
3039 4089 3162 4133 sunt
3196 4081 3335 4150 (ligni
3381 4083 3676 4152 suppliciis,

2094 4173 2300 4228 etiamsi
2342 4171 2487 4227 orbis
2532 4171 2654 4226 hinc
2697 4182 2942 4225 servatus
2985 4173 3074 4226 sit.
3123 4172 3304 4244 Neque
3344 4176 3486 4229 enim
3526 4175 3680 4230 Juda:

2094 4264 2326 4334 proditio
2355 4263 2577 4317 salutem
2623 4263 2778 4317 nobis
2807 4272 3022 4331 operata
3063 4272 3165 4328 est,
3215 4264 3309 4319 sed
3355 4265 3549 4320 Christi
3586 4284 3678 4320 sa-

2093 4356 2314 4426 pientia,
2344 4355 2432 4424 qui
2453 4354 2582 4408 mira
2609 4354 2822 4408 solertia
2854 4353 3076 4407 aliorum
3109 4355 3404 4411 sceleribus
3433 4357 3497 4409 ad
3537 4357 3678 4410 salu-

2095 4456 2202 4502 tem
2251 4454 2486 4500 nostram
2526 4453 2606 4499 est
2633 4459 2778 4498 usus.
2808 4445 2944 4511 Quid
2986 4459 3133 4513 ergo,
3183 4446 3410 4516 inquies,
3443 4449 3486 4502 si
3515 4448 3682 4503 Iudas

2095 4555 2200 4596 non
2257 4537 2602 4609 prodidisset,
2651 4551 2828 4591 annon
2883 4536 3018 4590 alius
3056 4536 3361 4606 proditurus
3410 4541 3562 4593 erat?
3615 4542 3679 4595 Et

2095 4631 2220 4702 quid
2261 4631 2364 4685 hoc
2405 4628 2470 4684 ad
2513 4644 2625 4684 rem
2667 4628 2985 4698 qumsitam?
3026 4629 3081 4683 Si
3119 4629 3350 4700 cruciligi
3400 4632 3681 4700 oportebat

2094 4723 2384 4787 Christum,
2420 4719 2643 4790 inquies,
2689 4734 2786 4789 per
2813 4718 3094 4789 quemdam
3141 4720 3440 4788 oportebat.
3482 4721 3537 4776 Si
3583 4737 3680 4791 per

2096 4813 2398 4884 quemdam,
2430 4827 2526 4880 per
2569 4810 2838 4864 hominem
2884 4808 3187 4878 bujusmoai
3222 4811 3588 4878 proculdubio.
3618 4812 3675 4866 Si

2097 4918 2258 4974 porro
2302 4903 2424 4956 boni
2472 4901 2695 4954 fuissent
2731 4914 2939 4964 omnes,
2990 4900 3111 4954 hinc
3151 4901 3442 4956 cohibitum
3489 4903 3678 4958 fuisset

2097 4994 2282 5050 salutis
2309 5001 2504 5047 nostra:
2531 4989 2821 5060 negotium.
2846 4991 3018 5044 Absit.
3048 4988 3165 5059 ipse
3193 5005 3356 5054 etum,
3392 4994 3676 5061 sapientis-

2098 5087 2263 5141 simus
2293 5101 2413 5139 cum
2457 5092 2622 5145 esset,
2671 5083 2873 5137 sciebat
2911 5083 3178 5151 quomodo
3209 5095 3390 5138 nostra
3429 5096 3572 5140 esset
3599 5088 3679 5142 die-

2099 5184 2446 5246 spensaturus
2479 5205 2494 5232 ,
2554 5171 2764 5227 etiamsi
2831 5187 2918 5228 res
2971 5172 2989 5205 ³
3037 5171 3106 5228 ila
3201 5176 3478 5231 (accidisset
3521 5180 3678 5247 :ejus

2099 5269 2294 5337 quippe
2321 5264 2576 5335 sapientia
2605 5274 2653 5318 et
2692 5272 2879 5333 potens
2909 5271 2958 5316 et
2991 5262 3542 5333 incomprehensibilis
3572 5281 3673 5323 est.

2102 5360 2224 5416 Ideo
2252 5369 2427 5414 autem
2456 5372 2522 5411 ne
2554 5355 2672 5426 quis
2698 5362 2925 5424 putaret,
2951 5353 3328 5424 ludam-hujus
3365 5363 3680 5415 oeconomia:

2103 5451 2267 5507 fuisse
2293 5449 2615 5511 ministrum,
2643 5445 2895 5500 miserum
2935 5443 3083 5499 illum
3113 5446 3384 5516 prtedicat.

2163 5651 2183 5682 ι
2207 5649 2288 5700 Sic
2310 5648 2462 5700 εδδ-ιι.
2495 5649 2670 5700 Morel.
2703 5653 2870 5698 autem
2897 5651 2947 5698 ct
2968 5662 3095 5698 unus
3121 5647 3227 5698 rod.
3252 5649 3435 5699 habent
3460 5660 3556 5698 non
3577 5644 3667 5698 ιω.
