4000 6206
281 347 384 404 733

352 459 520 524 Quare
566 456 701 511 Deus
738 454 990 524 ituproltas
1028 455 1167 510 nasci
1206 455 1480 524 permittat.
1509 482 1581 492 ——
1607 453 1674 505 At
1719 450 1860 503 dicet

279 549 472 602 iterum
518 546 822 618 quispiam:
853 545 908 602 Si
954 546 1150 602 bonum
1203 555 1318 601 erat
1359 559 1482 600 eum
1525 559 1630 598 non
1678 553 1860 596 natum

278 640 462 705 fuisse,
507 655 606 694 cur
642 637 884 708 permisit
927 637 1076 692 illum
1120 636 1362 706 produci,
1411 650 1518 689 non
1561 635 1722 696 hunc,
1765 631 1861 687 sed

275 731 439 786 etiam
468 730 742 801 improbos
778 728 1006 798 omnes?
1033 727 1168 783 Cum
1195 735 1466 795 Oporteret
1510 733 1561 778 te
1590 722 1861 792 improbos

275 834 468 875 onines
491 821 760 886 incusare,
785 819 926 890 quod
951 834 1072 873 cum
1106 832 1260 874 secus
1285 817 1460 872 facere
1498 824 1734 884 possent,
1764 814 1864 867 im-

279 909 433 980 probi
461 910 748 974 evaserint,
780 919 857 977 tu,
898 911 1002 964 illis
1028 908 1420 978 praetermissis,
1451 923 1570 975 qua:
1597 905 1663 959 ad
1693 905 1859 958 Deum

277 1008 522 1070 spectant
547 999 808 1053 curiosius
844 998 1091 1067 inquiris,
1121 1011 1320 1067 gnarus
1351 1007 1525 1050 tamen
1561 996 1766 1050 nullum
1793 1008 1862 1048 ex

279 1089 603 1144 necessitate
629 1088 828 1143 malum
869 1102 1012 1144 esse.
1040 1087 1170 1154 Sed,
1198 1087 1427 1156 inquies,
1455 1086 1624 1140 bonos
1655 1092 1859 1138 tantum

281 1180 427 1235 nasci
451 1181 794 1249 oportuisset,
822 1193 993 1248 neque
1020 1188 1145 1232 tunc
1179 1187 1322 1233 esset
1345 1177 1600 1247 geheunie
1630 1175 1864 1230 necessi-

280 1281 384 1336 tas,
410 1287 512 1327 nec
535 1287 707 1342 pinnae
735 1271 1069 1340 suppliciive,
1099 1285 1272 1339 neque
1299 1269 1464 1323 ullum
1489 1268 1737 1336 nequitiae
1766 1282 1861 1321 ve-

277 1363 530 1432 stigium;
556 1363 726 1418 malos
749 1373 929 1417 autem
959 1377 1244 1430 numquam
1267 1375 1387 1415 esse
1416 1377 1510 1430 par
1541 1359 1748 1425 fuisset,
1777 1360 1862 1414 vel

278 1455 324 1508 si
355 1455 464 1508 nati
489 1465 689 1519 essent,
719 1456 896 1508 statim
941 1453 1216 1524 recedere.
1253 1453 1428 1508 Primo
1459 1453 1548 1507 tibi
1575 1453 1860 1508 dicendum

279 1555 362 1599 est
387 1545 736 1615 apostolicum
762 1544 890 1599 illud
917 1563 931 1599 :
960 1544 1130 1614 Atqui,
1155 1560 1186 1597 ο
1207 1544 1376 1609 homo,
1407 1553 1461 1596 tu
1486 1547 1571 1612 qui
1592 1560 1644 1597 es
1668 1544 1754 1613 qui
1781 1561 1862 1599 re-

278 1637 533 1702 spondeas
565 1634 713 1688 Deo?
739 1633 882 1687 Nam
911 1635 1042 1688 dicet
1079 1635 1374 1705 ﬁgmentum
1402 1635 1446 1687 ei
1485 1635 1570 1704 qui
1599 1651 1654 1688 se
1690 1636 1859 1704 ﬁnxit,

283 1727 388 1779 Cur
424 1743 504 1779 me
529 1727 600 1778 ita
629 1726 862 1794 {armasti
882 1725 1055 1796 (Rom.
1081 1726 1135 1781 9.
1167 1725 1295 1795 20)?
1320 1725 1375 1779 Si
1421 1735 1600 1778 autem
1644 1727 1860 1780 ratioci-

280 1817 366 1869 nia
391 1819 609 1886 quaeris,
642 1816 746 1872 hoc
770 1817 1084 1882 dixerimus,
1115 1817 1304 1885 majori
1327 1816 1664 1871 admirationi
1691 1817 1862 1873 bonos

277 1925 423 1974 esse,
453 1925 572 1965 cum
596 1910 754 1966 malis
785 1911 1075 1979 permixtos
1102 1927 1115 1963 :
1147 1924 1268 1963 nam
1297 1918 1420 1963 tunc
1451 1909 1663 1964 illorum
1692 1921 1746 1964 et
1770 1925 1863 1979 pa-

279 2003 462 2057 tientia
483 2011 536 2057 et
562 2001 896 2071 pliilOSOphia
924 2002 1090 2070 magis
1109 2001 1412 2068 conspicua:
1435 2009 1576 2054 sunt.
1608 2000 1686 2054 Tu
1709 2015 1858 2068 vero,

276 2094 368 2162 qui
395 2093 510 2147 haec
533 2092 687 2156 dicis,
714 2108 928 2147 omnem
960 2093 1103 2147 tollis
1127 2093 1474 2147 certaunnum
1502 2094 1856 2148 occasionem.

277 2187 388 2240 Cur
416 2200 566 2253 ergo,
594 2186 820 2254 inquies,
856 2195 914 2240 ut
950 2186 1040 2240 alii
1066 2186 1321 2242 meliores
1347 2185 1649 2254 videantur,
1683 2188 1736 2241 lii
1766 2202 1862 2257 pu-

280 2279 534 2332 nientur?
563 2278 748 2342 Absit;
787 2277 883 2333 sed
925 2277 996 2333 ob
1036 2292 1189 2334 suam
1219 2279 1507 2348 nequitiam
1549 2281 1857 2349 puniuntur.

278 2369 464 2438 Neque
488 2369 634 2424 enim
658 2370 783 2440 quia
812 2369 922 2424 nati
951 2381 1096 2437 sunt,
1127 2370 1355 2440 improbi
1382 2370 1626 2436 fuerunt;
1667 2371 1763 2428 sed
1791 2372 1862 2427 ob

279 2453 545 2530 ignaviam
570 2475 721 2516 suam
743 2462 782 2525 ⁸,
812 2461 1036 2531 ideoque
1060 2463 1382 2530 plectuntur.
1413 2463 1694 2531 Quomodo
1716 2463 1859 2519 enim

278 2569 389 2606 non
416 2553 675 2622 supplicio
701 2552 847 2622 digni
877 2553 1002 2617 sint,
1030 2554 1121 2622 qui
1147 2563 1224 2608 tot
1247 2554 1458 2608 virtutis
1485 2553 1735 2609 doctores
1761 2554 1859 2606 ha-

277 2647 466 2710 beant,
496 2645 731 2715 nihilque
757 2645 880 2700 inde
905 2645 1037 2700 lucri
1063 2645 1341 2700 referant?
1367 2645 1514 2700 Sicut
1535 2647 1676 2700 enim
1703 2647 1860 2716 probi

277 2735 481 2805 duplici
512 2735 580 2791 de
603 2750 764 2790 causa
805 2745 932 2790 sunt
978 2738 1200 2805 praemio
1241 2735 1413 2806 digni,
1446 2745 1554 2790 tum
1583 2737 1704 2805 quia
1734 2737 1861 2792 boni

276 2837 424 2892 sunt,
475 2836 585 2881 tum
629 2827 752 2898 quia
798 2827 927 2882 nihil
973 2828 1044 2881 ab
1081 2827 1338 2898 improbis
1379 2838 1504 2884 sunt
1532 2828 1641 2884 laesi
1671 2846 1684 2882 :
1709 2829 1778 2884 ita
1807 2837 1862 2885 et

277 2921 511 2988 improbi
536 2919 731 2989 duplici
772 2929 897 2974 sunt
921 2919 1064 2990 digni
1107 2921 1392 2990 supplicio,
1432 2929 1544 2976 tum
1583 2923 1706 2991 quia
1737 2922 1860 2976 mali

275 3023 429 3080 sum,
465 3027 588 3068 eum
633 3027 752 3068 esse
793 3011 919 3068 boni
962 3013 1277 3083 potuissent,
1323 3023 1383 3068 ut
1421 3030 1486 3070 ex
1535 3016 1691 3070 bouis
1734 3016 1863 3084 ipsis

277 3105 554 3174 probatur,
586 3113 698 3159 tum
720 3106 841 3175 quia
867 3106 999 3160 nihil
1025 3121 1092 3161 ex
1113 3106 1371 3161 bonorum
1399 3108 1644 3177 exemplo
1673 3108 1862 3164 lucratl

275 3205 427 3249 sunt.
460 3197 528 3249 At
565 3195 840 3252 videamus
875 3196 1002 3266 quid
1044 3197 1187 3252 dicat
1229 3198 1394 3252 miser
1421 3199 1510 3254 ille
1546 3215 1577 3255 a
1607 3201 1862 3271 Magistro

274 3295 580 3354 correptus.
624 3286 760 3352 Quid
801 3301 931 3356 ergo
969 3287 1136 3342 dicit?
1166 3287 1431 3358 Numquid
1473 3307 1564 3361 ego
1593 3308 1723 3358 sum,
1760 3293 1864 3348 Do-

275 3376 413 3430 mine
433 3378 460 3432 ?
485 3377 547 3432 Et
575 3392 670 3432 cur
695 3393 798 3432 non
818 3379 898 3432 sic
925 3378 994 3433 ab
1019 3379 1172 3434 initio
1210 3381 1598 3450 interrogavit?
1627 3382 1681 3438 Id
1709 3394 1863 3453 puta-

274 3467 371 3521 bat
398 3467 581 3532 latere,
613 3467 754 3538 quod
794 3467 1036 3536 dixisset,
1071 3468 1215 3525 Unus
1237 3481 1492 3535 vestrum;
1519 3488 1644 3528 cum
1681 3484 1861 3530 autem

275 3559 434 3614 illum
485 3559 833 3626 declarasset,
887 3575 1050 3616 ausus
1093 3572 1179 3618 est
1226 3564 1572 3634 interrogare,
1624 3566 1858 3624 doctoris

274 3651 674 3707 mansuetudini
705 3653 892 3717 fidens,
932 3668 993 3708 se
1035 3668 1258 3724 sperans
1299 3671 1408 3711 non
1437 3657 1859 3728 redarguendum

272 3745 416 3801 fore.
447 3743 675 3815 Ideoque
696 3744 846 3800 illum
876 3745 1043 3801 Rabbi
1072 3747 1297 3802 vocavit.

353 3838 406 3893 5.
453 3835 689 3890 Pecunia:
729 3851 874 3890 amor
916 3852 1068 3906 quam
1114 3853 1265 3906 prave
1304 3838 1527 3892 animum
1565 3841 1767 3909 ofﬁciat.
1790 3871 1863 3883 -—-

273 3927 326 3984 0
351 3927 672 3982 cmoitatcm!
718 3940 993 3995 quousque
1030 3926 1100 3982 ab
1139 3927 1225 3980 illa
1260 3927 1518 3996 impulsus
1559 3931 1679 3984 est?
1716 3931 1862 3985 Talis

273 4029 363 4074 est
391 4018 628 4089 pecunia:
652 4032 804 4072 amor
829 4034 844 4072 :
874 4017 1065 4072 stultos
1085 4017 1271 4082 efficit,
1298 4020 1593 4087 petulantes
1621 4031 1674 4075 et
1700 4036 1861 4077 canes

273 4125 344 4165 ex
374 4108 716 4170 hominibus;
745 4107 856 4161 imo
885 4107 1106 4162 canibus
1133 4107 1450 4174 deteriores,
1476 4117 1530 4163 et
1550 4124 1615 4164 ex
1639 4110 1861 4167 canibus

272 4201 570 4256 darmonas.
606 4198 702 4252 llic
729 4197 924 4267 quippe
945 4196 1214 4252 diabolum
1241 4197 1342 4252 sibi
1377 4197 1716 4254 insidiantem
1745 4200 1862 4255 adi-

273 4292 392 4358 bat,
424 4289 604 4345 Jesum
629 4297 810 4344 autem
846 4289 949 4343 sibi
992 4289 1288 4343 beneficum
1330 4289 1583 4360 prodidit,
1625 4306 1746 4345 cum
1786 4307 1859 4348 ex

273 4383 554 4453 proposito
574 4380 684 4450 jam
712 4379 956 4435 diabolus
1001 4379 1224 4435 effectus
1261 4391 1427 4437 esset.
1471 4381 1628 4437 Tales
1664 4383 1861 4452 quippe

270 4475 443 4531 efficit
473 4472 788 4528 insatiabilis
829 4471 1171 4541 pecuniarum
1200 4471 1484 4540 cupiditas,
1526 4473 1738 4538 stultos,
1771 4473 1858 4528 fu-

273 4567 475 4632 riosos,
522 4572 664 4618 totos
693 4562 933 4633 pecunia:
976 4562 1238 4627 addictos,
1268 4571 1324 4616 ut
1361 4562 1524 4618 ludas
1561 4563 1678 4621 fuit.
1709 4567 1859 4631 Quo-

269 4654 440 4712 modo
477 4663 656 4709 autem
698 4652 980 4708 Mattiacas
1006 4661 1062 4708 et
1109 4653 1198 4707 alii
1227 4653 1432 4722 dicunt,
1473 4665 1599 4710 tunc
1644 4655 1791 4710 illum
1827 4672 1858 4712 a

268 4747 492 4804 diabolo
530 4754 742 4818 captum
773 4747 955 4811 fuisse,
985 4761 1107 4800 cum
1133 4745 1202 4800 de
1229 4746 1528 4816 proditione
1566 4756 1717 4816 pacta
1758 4748 1860 4803 ini-

267 4850 378 4906 ret,
407 4839 640 4894 Joannes
663 4853 814 4904 vero,
850 4835 976 4891 Post
1013 4837 1288 4891 bucceltam
1333 4839 1630 4908 ingressum
1678 4839 1730 4893 in
1764 4840 1856 4895 illo

268 4947 400 4988 esse
419 4939 682 4995 satanam,
705 4943 825 4983 cum
853 4928 981 4982 illud
1011 4928 1125 4997 ipse
1150 4928 1353 4982 sciret?
1378 4930 1546 4997 Supra
1575 4929 1716 4982 enim
1743 4931 1852 4984 ait:

190 5068 213 5090 .__
271 5023 430 5077 urna
454 5025 609 5090 facta,
636 5035 750 5072 cum
767 5019 880 5085 jam
911 5018 1140 5071 diabolus
1166 5018 1451 5072 immisisset
1489 5020 1542 5072 in
1569 5036 1657 5072 cor
1679 5021 1853 5086 Judte,

272 5124 331 5166 sit
367 5112 585 5164 traderet
623 5125 739 5162 eum
769 5107 944 5180 (Joau.
977 5109 1063 5162 15.
1096 5107 1180 5178 2).
1212 5108 1494 5175 Quomodo
1535 5125 1663 5178 ergo
1701 5108 1852 5177 dicit,

274 5201 404 5256 Post
427 5201 703 5254 buccellam
737 5200 941 5253 intravit
981 5199 1034 5252 in
1071 5215 1187 5251 eum
1208 5209 1413 5253 satanas
1436 5199 1599 5268 (Ibid.
1640 5217 1686 5256 υ.
1719 5201 1856 5271 27)?

269 5295 408 5362 Quia
436 5307 540 5345 non
580 5290 858 5346 confertim
886 5290 1068 5352 intrat,
1111 5288 1206 5343 sed
1247 5290 1538 5358 periculum
1572 5290 1694 5344 facit
1731 5301 1856 5346 ante

271 5387 598 5453 diligenter:
625 5383 767 5452 quod
800 5383 885 5435 hic
923 5395 1138 5450 quoque
1180 5381 1422 5450 contigit.
1471 5381 1680 5435 Sensim
1711 5383 1854 5437 enim

207 5477 230 5516 Γ
272 5476 534 5531 accedens
579 5475 749 5538 initio,
793 5483 848 5527 et
895 5472 1096 5541 placide
1141 5482 1479 5540 congressus,
1513 5480 1571 5524 ut
1609 5471 1749 5526 videt
1794 5472 1858 5525 il-

274 5568 389 5624 lum
415 5567 483 5621 ad
529 5581 587 5620 se
635 5563 997 5632 recipiendum
1037 5571 1300 5630 paratum,
1345 5570 1512 5615 totum
1553 5577 1611 5616 se
1641 5562 1857 5648 domum

341 5719 357 5751 ⁸
385 5726 433 5768 tu
461 5718 625 5769 Morel.
652 5717 848 5782 legitur,
875 5719 957 5769 sed
982 5716 1040 5768 ob
1065 5716 1298 5769 malitiam
1319 5722 1363 5768 et
1387 5714 1624 5780 ignaram:
1648 5732 1800 5769 suam.

1203 341 1269 398 ΞΝ
1306 338 1708 397 MATTIIASUM
1752 334 1981 390 IIO.\IIL.
2022 337 2260 397 LXXXI.
2301 342 2372 395 aI.
2415 342 2673 397 LXXXII.

3454 353 3556 407 73$

1968 451 2222 518 Spirando
2251 454 2489 518 immisit,
2518 468 2572 513 et
2596 459 2755 527 plane
2783 462 3050 531 superavit
3081 464 3247 519 illiilli.
3275 465 3554 533 Quomodo

1969 552 2144 595 autem
2171 545 2216 597 si
2246 547 2438 613 pasclta
2471 549 2845 614 conicdebant,
2875 563 3058 606 contra
3097 555 3266 623 legem
3298 557 3346 610 id
3391 558 3550 611 facie-

1967 628 2130 685 bant?
2157 632 2272 687 Non
2321 637 2460 689 enim
2511 638 2878 695 rccumbentcs
2920 646 3200 710 oportebat
3240 649 3529 704 comedere

1966 719 2102 788 Quid
2128 738 2256 792 ergo
2295 725 2620 781 dicendum?
2649 729 2798 798 Ipsos
2826 741 3104 800 postquam
3135 739 3328 804 pascha
3373 754 3553 793 come-

1967 811 2191 881 dissent,
2233 816 2427 873 deinde
2470 821 2777 879 recubuisse
2807 826 2873 879 ad
2905 829 3247 884 camandum.
3277 832 3429 885 Alius
3457 850 3551 885 au.

1969 909 2073 956 tem
2102 908 2423 976 evangelista
2464 911 2559 974 ait,
2585 914 2726 981 quod
2754 931 2974 984 vespera
3006 917 3094 971 illa
3137 935 3238 972 non
3269 922 3429 975 modo
3455 938 3518 976 co
3540 954 3553 966 ο

1967 996 2194 1050 mederit
2217 999 2432 1067 pascha,
2463 1003 2558 1056 sed
2594 1005 2752 1059 etiam
2781 1006 2975 1062 dixerit
3006 1028 3018 1062 :
3053 1009 3318 1064 Desiderio
3347 1013 3546 1067 deside-

1967 1087 2073 1138 ravi
2103 1088 2197 1140 hoc
2224 1094 2413 1158 pascha
2436 1095 2743 1149 manducare
2767 1100 3015 1152 vobiscum
3049 1102 3197 1169 (Luc.
3227 1105 3314 1157 22.
3347 1108 3464 1172 I5);
3497 1106 3547 1159 id

1968 1187 2070 1242 est,
2103 1179 2204 1233 hoc
2233 1197 2392 1236 anno.
2437 1184 2651 1248 Quare?
2694 1187 2824 1254 Quia
2853 1199 2975 1243 tunc
3014 1191 3157 1245 orbis
3185 1196 3329 1248 salus
3376 1197 3545 1251 futura

1968 1279 2102 1330 erat,
2132 1275 2380 1341 mysteria
2403 1275 2675 1342 tradenda,
2703 1279 2870 1332 tristia
2893 1296 2988 1348 per
3007 1292 3229 1336 mortem
3259 1287 3545 1355 solvenda;
3574 1273 3578 1281 ’

1969 1360 2046 1414 sic
2071 1361 2142 1414 illi
2170 1377 2300 1417 crux
2331 1381 2392 1418 ex
2423 1376 2547 1420 voto
2579 1369 2886 1424 accedebat.
2925 1371 3118 1426 Verum
3167 1375 3314 1429 illam
3356 1380 3546 1432 imma-

1970 1466 2090 1502 nem
2125 1451 2286 1504 feram
2316 1454 2447 1507 nihil
2479 1457 2757 1527 mitigavit,
2794 1459 2924 1514 nihil
2947 1461 3112 1516 ﬂexit.
3145 1463 3234 1517 Va:
3267 1479 3444 1520 autem
3476 1469 3547 1520 illi

1961 1533 2096 1593 dixit
2168 1541 2254 1598 his
2318 1549 2497 1602 verbis
2556 1567 2570 1602 :
2629 1547 2716 1600 Va:
2741 1549 2932 1602 homini
2965 1552 3060 1604 illi.
3090 1553 3301 1607 Terruit
3330 1573 3543 1627 quoque

1969 1635 2112 1689 illum
2168 1637 2350 1692 dicens
2374 1656 2389 1693 ε
2413 1639 2613 1692 Bonum
2650 1637 2696 1692 ei
2735 1647 2867 1702 erat,
2906 1638 2950 1690 si
3017 1655 3165 1698 natus
3212 1664 3308 1699 non
3350 1649 3545 1715 fuisset.

1962 1719 2177 1776 Pudore
2217 1740 2341 1779 eum
2383 1724 2565 1788 allicit,
2613 1725 2799 1777 dicens
2824 1762 2841 1787 ,
2882 1723 2983 1778 Cui
3019 1741 3110 1795 ego
3160 1727 3380 1779 tinctam
3422 1728 3574 1780 buc-'

1962 1812 2152 1867 cellam
2207 1832 2508 1884 perrexere.
2563 1820 2632 1866 At
2699 1813 2835 1866 nihil
2897 1813 3089 1867 horum
3151 1816 3327 1884 ipsum
3389 1833 3544 1870 coer-

1963 1905 2117 1972 cuit,
2158 1907 2251 1962 sed
2291 1906 2447 1974 quasi
2498 1906 2710 1960 insania
2755 1917 2945 1972 captus
2984 1915 3065 1959 est
3105 1908 3344 1961 avaritiae
3375 1951 3388 1971 ,
3435 1909 3546 1960 imo

1966 1996 2208 2062 graviore
2235 1997 2423 2051 morbo
2468 2008 2768 2068 correptus.
2815 1998 2947 2053 Nam
2978 2001 3191 2070 gravior
3233 2012 3376 2055 certe
3405 2004 3548 2057 furor

1967 2094 2068 2138 est.
2099 2084 2235 2150 Quid
2268 2087 2410 2139 enim
2457 2103 2706 2157 umquam
2755 2087 2928 2144 simile
2972 2088 3158 2144 furens
3188 2089 3348 2144 homo
3387 2091 3543 2145 fecit?

1967 2175 2081 2229 Non
2125 2177 2400 2231 emittebat
2444 2177 2529 2232 hic
2575 2194 2819 2248 spumam
2864 2195 2929 2233 ex
2967 2181 3229 2246 ore,'sed
3271 2183 3549 2238 emittebat

1970 2267 2176 2321 Domini
2205 2267 2404 2322 cmdem
2435 2286 2447 2321 :
2480 2286 2582 2322 non
2616 2271 2894 2338 torquebat
2926 2287 3136 2338 manus,
3161 2273 3252 2328 sed
3286 2275 3400 2329 illas
3426 2285 3546 2331 ten-

1967 2357 2144 2423 debat,
2177 2367 2231 2411 ut
2255 2359 2543 2426 pretiosum
2573 2359 2882 2429 {anguinem
2915 2363 3186 2417 venderet.
3222 2363 3346 2418 Ideo
3376 2365 3548 2435 major

1969 2450 2115 2504 furor
2143 2461 2278 2514 erat,
2310 2453 2434 2519 quia
2471 2466 2631 2506 sanus
2655 2452 2896 2507 furebat.-
2913 2452 3020 2508 Sed
3064 2471 3168 2509 non
3197 2455 3430 2526 loquitur
3460 2459 3544 2511 in-

1967 2542 2133 2605 sulsa,
2163 2543 2347 2598 dices?
2385 2544 2584 2614 Ecquid
2616 2544 2870 2600 insulsius
2897 2545 2988 2599 illa
3033 2561 3188 2612 voce,
3221 2546 3358 2612 Quid
3397 2550 3546 2604 vultis

1966 2633 2091 2685 mihi
2115 2633 2255 2700 dare,
2284 2642 2329 2686 et
2358 2650 2448 2703 ego
2469 2633 2602 2687 vobis
2629 2635 2825 2687 tradam
2851 2652 2963 2688 eam
2983 2636 3010 2689 ?
3037 2636 3284 2691 Diabolus
3312 2638 3548 2694 insonuit

1968 2737 2064 2792 per
2086 2737 2146 2777 os
2171 2724 2306 2790 ejus.
2333 2723 2436 2778 Sed
2475 2740 2579 2778 non
2607 2725 2869 2793 percussit
2905 2734 3104 2780 terram
3133 2727 3356 2796 pedibus
3381 2731 3548 2783 calci-

1968 2816 2153 2868 trans?
2180 2813 2249 2868 Et
2271 2823 2470 2884 quanto
2500 2815 2690 2870 melius
2715 2816 3016 2884 ealcitrare,
3048 2833 3205 2887 quam
3233 2821 3310 2873 sic
3341 2829 3547 2876 rectum

1968 2903 2276 2960 stare?Sed
2314 2905 2580 2976 lapidibus
2602 2907 2836 2976 seipsum
2875 2923 2980 2962 non
3018 2917 3277 2979 percussit
3296 2911 3322 2964 ?
3353 2911 3548 2968 Verum

1969 3005 2168 3064 quanto
2190 2994 2384 3049 melius
2423 2995 2474 3050 id
2502 2995 2709 3061 fuisset,
2733 3010 2890 3066 quam
2921 2997 3024 3052 tale
3064 2997 3267 3055 facinus
3297 3002 3554 3072 aggredi?

2042 3085 2196 3139 Avari
2236 3085 2505 3141 deteriores
2549 3087 2894 3140 dtemoniacis.
2917 3118 2988 3127 —
3018 3088 3188 3144 Vultis
3231 3089 3282 3144 in
3316 3092 3550 3149 medium

1967 3173 2294 3230 adducamus
2317 3176 2676 3230 darmoniacos
2716 3186 2769 3230 et
2792 3190 3002 3242 avaros,
3037 3186 3090 3230 et
3125 3188 3377 3247 utrosque
3401 3196 3550 3236 com-

1967 3265 2258 3335 paremus?
2299 3265 2404 3321 Sed
2451 3280 2608 3319 nemo
2651 3265 2703 3319 id
2744 3266 2797 3320 in
2841 3267 2921 3320 sui
2948 3270 3322 3323 contumeliam
3353 3281 3547 3327 vertat.

1968 3355 2083 3410 Non
2127 3355 2267 3410 enim
2301 3365 2544 3408 naturain
2581 3355 2878 3424 culpamus,
2923 3356 3018 3410 sed
3063 3373 3176 3412 rem
3221 3358 3548 3429 hujnsmodi.

1966 3442 2265 3517 Numquam
2311 3447 2672 3502 dmmoniacus
2711 3447 2949 3502 vestibus
2996 3448 3251 3514 induitur,
3285 3450 3550 3522 lapidibus

1968 3539 2201 3608 seipsum
2222 3537 2455 3604 ca'dcns,
2485 3553 2546 3592 ac
2574 3553 2670 3608 per
2695 3539 2833 3593 invia
2874 3548 2928 3594 et
2952 3555 3138 3610 aspera
3160 3541 3273 3598 loca
3303 3558 3548 3612 currens,

1968 3627 2317 3684 vehementer
2353 3643 2383 3681 a
2421 3628 2665 3683 daemone
2692 3639 2864 3684 actus.
2906 3631 3097 3685 Annon
3143 3631 3256 3687 hmc
3283 3632 3550 3690 horrenda

1970 3721 2261 3777 videntur?
2291 3719 2426 3788 Quid
2465 3734 2592 3790 ergo
2616 3721 2660 3774 si
2688 3720 3032 3776 ostendamus
3061 3738 3251 3779 avaros
3281 3725 3364 3779 his
3392 3728 3551 3784 dctca-

1969 3811 2158 3875 riores,
2205 3811 2386 3880 pejora
2432 3809 2487 3865 in
2532 3809 2764 3865 animam
2814 3825 2965 3866 suam
2994 3822 3226 3881 patrare,
3275 3824 3438 3886 atque
3476 3819 3547 3874 ita

1982 3899 2188 3969 pejora,
2210 3910 2268 3954 ut
2294 3901 2408 3956 haec
2432 3901 2592 3956 ludus
2617 3917 2740 3957 esse
2761 3902 3089 3956 videantur?
3115 3903 3309 3959 Nonne
3345 3905 3567 3976 fugietis

1979 3993 2145 4046 talem
2166 3994 2415 4048 morbum
2436 3994 2459 4048 ?
2475 3995 2607 4064 Age,
2626 3995 3055 4065 videamusjquis
3069 4013 3257 4051 eorum
3273 3997 3344 4052 sit
3359 3999 3566 4052 tolera-

1981 4082 2167 4137 bilior.
2185 4083 2328 4138 Nihil
2349 4095 2497 4140 certe
2513 4087 2673 4139 ambo
2689 4085 2970 4141 differunt:
2997 4087 3158 4140 ambo
3179 4088 3323 4141 enim
3339 4104 3565 4144 sexcen-

1969 4175 2036 4231 tis
2057 4175 2213 4230 nudis
2243 4172 2546 4228 hominibus
2575 4179 2702 4228 sunt
2726 4173 3010 4243 turpiores.
3036 4171 3214 4241 Longe
3253 4175 3396 4228 enim
3435 4190 3551 4230 me—

1966 4269 2070 4324 lius
2089 4275 2173 4323 est
2191 4267 2390 4321 nudum
2411 4266 2645 4320 vestibus
2665 4279 2804 4331 esse,
2828 4279 2986 4335 quam
3009 4279 3074 4320 ex
3097 4266 3278 4335 rapina
3309 4266 3551 4321 indutum

1967 4359 2235 4424 incedere,
2269 4357 2408 4412 sicut
2437 4356 2758 4411 bacchantes
2785 4357 3056 4411 incedunt.
3088 4358 3549 4423 Quemadmodum

1967 4450 2109 4506 enim
2139 4449 2212 4503 illi
2245 4449 2421 4502 larvas
2473 4456 2526 4502 et
2560 4456 2738 4501 vestes
2780 4447 3066 4500 furentium
3109 4448 3326 4510 habent,
3376 4451 3455 4503 sic
3493 4459 3550 4503 et

1966 4538 2075 4594 isti.
2126 4542 2204 4593 Ac
2251 4536 2698 4608 quemadmodum
2747 4536 3198 4590 darmoniacorum
3249 4539 3544 4594 nuditatem

1966 4633 2114 4685 furor
2148 4629 2331 4693 efficit,
2363 4629 2433 4682 ita
2473 4642 2682 4698 quoque
2709 4635 2762 4680 ct
2788 4625 2930 4680 hunc
2969 4626 3221 4680 amictum
3254 4626 3418 4681 furori
3448 4630 3548 4682 tri-

1964 4721 2233 4778 buendum
2259 4735 2454 4776 censeo
2478 4736 2491 4773 :
2515 4719 2605 4788 qui
2645 4719 2870 4772 amictus
2899 4717 3138 4774 nuditate
3170 4719 3280 4788 ipsa
3312 4719 3550 4775 deterior

1964 4826 2064 4870 est.
2100 4815 2152 4868 Id
2178 4813 2321 4884 quod
2353 4813 2476 4867 hinc
2503 4812 2874 4866 demonstrare
2901 4811 3157 4864 conabor.
3191 4811 3359 4876 Quem
3399 4813 3548 4866 enim

1965 4905 2195 4960 maxime
2238 4903 2416 4958 furere
2454 4901 2713 4967 dicamus,
2754 4915 2821 4953 an
2859 4900 2949 4969 qui
2993 4901 3225 4967 seipsum
3263 4900 3439 4964 caedit,
3479 4917 3545 4954 an

1964 4998 2055 5068 qui
2085 5011 2264 5052 secum
2303 5005 2527 5050 caeteros
2553 5008 2740 5046 omnes
2769 4990 2989 5045 obvios?
3019 4991 3237 5044 Planum
3279 4999 3381 5053 est,
3408 4991 3549 5046 hune

1963 5104 2082 5145 esse
2112 5096 2459 5158 postremum.
2507 5085 2670 5156 Igitur
2713 5084 2787 5137 illi
2826 5097 2944 5136 sese
2986 5081 3274 5145 denudant,
3323 5081 3374 5135 hi
3420 5097 3550 5136 vero

1963 5179 2149 5235 obvios
2193 5192 2401 5230 omnes.
2447 5177 2519 5231 At
2567 5175 2639 5228 illi
2685 5173 3000 5228 vestimenta
3049 5173 3396 5227 discindunt?
3437 5173 3546 5228 Sed

1963 5279 2218 5342 quantum
2253 5267 2598 5323 mallentlmsi
2623 5265 2814 5334 singuli
2837 5265 3150 5320 vestimenta
3171 5280 3266 5318 sua
3293 5264 3544 5331 discindi,

1962 5379 2121 5433 quam
2163 5376 2349 5415 omnes
2394 5358 2492 5412 sibi
2547 5358 2827 5411 facultates
2873 5356 3082 5425 abripi?
3124 5356 3229 5410 Sed
3273 5357 3450 5425 plagas
3490 5356 3547 5410 il

1963 5455 2166 5508 vultum
2221 5467 2323 5504 non
2379 5447 2648 5504 inferunt?
2701 5447 2859 5516 Atqui
2909 5446 3010 5501 hoc
3065 5449 3296 5501 maxime
3348 5447 3547 5500 faciunt

1963 5547 2106 5601 avari
2134 5546 2204 5599 illi
2243 5557 2482 5613 rapaces,
2513 5555 2618 5594 non
2658 5549 2834 5594 tamen
2862 5554 3067 5607 omnes,
3099 5540 3194 5595 sed
3239 5540 3290 5595 in
3333 5547 3548 5596 ventres
3589 5611 3592 5614 _

2031 5766 2046 5794 ³
2079 5761 2270 5821 Menti,
2298 5764 2426 5812 Nam
2450 5758 2636 5812 militis
2663 5759 2757 5810 rim
2770 5759 2959 5812 morbi?
