4000 6206
488 258 595 317 735

484 369 713 423 aliorum
738 365 893 422 famis
920 376 977 422 et
1000 367 1321 436 paupertatis
1341 368 1615 436 graviores
1644 367 1935 420 immittunt
1968 367 2064 421 do-

490 462 649 514 lores.
678 458 782 514 Sed
810 474 911 514 non
944 458 1186 512 mordent
1205 459 1495 514 dentibus?
1525 459 1734 514 Utinam
1757 459 2065 513 morderent

484 550 752 615 dentibus,
783 558 839 603 et
864 564 968 603 non
997 550 1300 617 rapacitatis
1331 550 1472 615 telis,
1511 565 1630 619 qua:
1660 551 1903 620 graviora
1934 549 2064 605 den-

485 641 624 694 tibus
640 650 780 694 sunt.
800 640 931 694 Nam
956 640 1138 695 Dentes
1155 658 1325 695 eorum
1345 658 1489 694 arma
1509 652 1556 695 et
1575 644 1771 711 sagitta:
1784 643 1801 710 (
1815 641 1954 695 Psal.
1971 643 2059 696 56.

481 731 561 798 5).
599 730 726 785 Uter
751 731 918 800 magis
946 730 1116 791 dolet,
1145 731 1232 798 qui
1263 731 1426 785 semel
1460 731 1752 795 mordetur,
1796 742 1851 787 et
1883 732 2058 785 statim

477 830 718 883 curatur,
748 836 814 873 an
847 822 933 889 qui
962 836 1173 889 semper
1194 822 1518 890 paupertatis
1547 821 1795 875 dentibus
1823 822 2061 876 corrodi-

480 910 604 964 tur?
634 910 922 976 Paupertas
950 911 1146 979 quippe
1191 911 1545 965 involuntaria
1590 911 1806 966 fornace
1837 921 1890 966 et
1930 911 2059 965 feris

478 1000 692 1069 gravior
719 1009 820 1053 est.
854 999 957 1055 Sed
991 1018 1093 1054 non
1128 1016 1220 1069 per
1246 1001 1454 1055 deserta
1484 1012 1742 1070 vagantur
1771 1012 1824 1055 ut
1859 1002 2058 1056 dzcmo-

479 1090 652 1144 iliaci?
684 1089 892 1143 Utinam
919 1107 1011 1159 per
1042 1091 1273 1156 deserta,
1306 1107 1410 1145 non
1450 1108 1542 1160 per
1568 1093 1727 1147 urbes
1755 1104 2053 1159 currerent,

476 1192 533 1237 et
561 1192 686 1236 tunc
706 1197 893 1236 omnes
918 1184 1003 1251 qui
1035 1183 1085 1236 in
1110 1183 1326 1236 urbibus
1353 1192 1475 1237 sunt
1504 1185 1553 1236 in
1580 1185 1759 1254 quiete
1780 1185 2048 1254 degerent,

478 1289 621 1328 nunc
646 1289 774 1327 vero
807 1274 908 1325 illis
934 1273 1181 1326 omnibus
1206 1274 1646 1328 intolerabiliores
1675 1283 1819 1338 sunt,
1852 1276 1972 1343 quia
2004 1276 2054 1327 in

478 1364 694 1417 urbibus
726 1365 840 1416 base
863 1364 1078 1425 faciunt,
1108 1363 1247 1432 quod
1276 1364 1348 1417 illi
1380 1365 1430 1417 in
1453 1364 1699 1430 desertis,
1729 1366 1870 1434 ipsas
1898 1366 2056 1419 urbes

478 1472 531 1509 Ill
563 1456 773 1509 deserta
816 1465 1102 1519 mutantes,
1140 1471 1204 1509 ac
1233 1457 1376 1508 velut
1417 1458 1466 1509 in
1512 1457 1726 1511 deserto
1769 1458 1856 1509 ubi
1899 1473 2055 1510 nemo

476 1551 727 1603 cohibere
763 1558 960 1620 potest,
990 1550 1067 1603 sic
1094 1551 1329 1602 omnium
1361 1550 1497 1603 bona
1530 1550 1918 1617 depra'dantcs.
1951 1550 2053 1604 Sed

475 1641 663 1694 obvios
709 1656 812 1694 non
841 1640 1101 1708 lapidibus
1130 1640 1380 1693 caedunt?
1411 1641 1475 1693 Et
1500 1640 1629 1710 quid
1672 1640 1771 1693 hoc
1788 1641 1819 1692 ?’
1842 1644 1881 1693 A
1924 1642 2047 1709 lapi-

474 1730 629 1785 dibus
659 1731 798 1783 enim
840 1731 939 1783 sibi
979 1744 1170 1783 cavere
1216 1729 1370 1783 facile
1407 1732 1559 1794 est‘;
1606 1746 1722 1796 quae
1760 1746 1886 1783 vero
1931 1745 2052 1783 cum

471 1822 654 1875 charta
684 1831 737 1875 et
764 1832 1062 1876 atramento
1088 1824 1296 1876 miseris
1324 1823 1641 1892 pauperibus
1672 1824 1889 1877 vulnera
1920 1824 2050 1876 iule-

472 1925 616 1977 runt,
647 1914 873 1968 scltedas
904 1914 1049 1968 mille
1081 1914 1245 1983 plagis
1265 1924 1483 1967 onustas
1509 1915 1907 1979 concinnantes,
1935 1915 2052 1984 quis

472 2006 639 2075 possit
662 2007 850 2059 obvius
877 2021 1066 2061 cavere
1095 2016 1147 2059 et
1173 2006 1452 2061 avertere?

541 2098 596 2152 ι.
640 2097 927 2150 Videamus
955 2108 1132 2152 autem
1166 2106 1295 2167 quot
1323 2097 1422 2152 sibi
1464 2097 1592 2167 ipsis
1632 2099 1768 2151 tnala
1798 2096 2048 2152 inferunt.

468 2187 607 2246 Nudi
645 2191 915 2244 ambulant
955 2206 1049 2259 per
1093 2191 1315 2245 urbem:
1344 2201 1543 2245 vestem
1593 2193 1789 2261 quippe
1842 2191 2051 2245 virtutis

468 2299 575 2338 non
617 2284 833 2338 habent.
854 2284 1004 2351 Quod
1036 2285 1078 2338 si
1106 2284 1153 2339 id
1182 2284 1289 2337 illis
1321 2293 1473 2352 turpe
1502 2300 1607 2337 non
1634 2283 1869 2337 videatur
1904 2298 2045 2347 esse,

467 2373 570 2427 hoc
607 2388 670 2428 ex
721 2374 907 2443 grandi
954 2375 1154 2428 insania
1206 2374 1467 2443 procedit,
1520 2374 1660 2444 quod
1708 2374 2046 2442 ignominiam

466 2480 573 2519 non
603 2467 869 2533 sentiant;
910 2468 1003 2522 sed
1032 2483 1255 2536 corpore
1283 2467 1412 2521 nudi
1447 2469 1788 2530 erubescunt,
1816 2468 2044 2521 animam

464 2572 595 2613 vero
623 2557 818 2612 nudam
844 2558 1281 2613 circumferentes
1309 2558 1618 2627 gloriantur.
1662 2558 1717 2612 Si
1758 2559 1916 2613 vultis
1954 2576 2047 2612 att-

464 2658 596 2714 tem,
616 2665 712 2704 cur
736 2650 936 2704 nullum
964 2665 1181 2704 sensum
1210 2649 1475 2705 habeant'
1506 2650 1697 2704 dicam.
1730 2650 1857 2719 Q‘u;e
1888 2651 2046 2721 igitur

462 2754 622 2795 causa
659 2740 779 2793 est?
828 2738 971 2794 Inter
1022 2740 1220 2793 multos
1267 2742 1439 2795 nudos
1486 2741 1771 2806 nudantur,
1820 2742 2044 2811 ideoque

462 2844 569 2883 non
615 2829 956 2893 erubescunt,
1004 2838 1064 2882 ut
1104 2846 1274 2898 neque
1312 2845 1411 2884 nos
1449 2832 1501 2885 in
1544 2832 1767 2887 balneis.
1806 2832 1956 2898 Quod
1996 2834 2041 2888 si

461 2918 613 2973 multi
644 2930 822 2973 essent
849 2920 1044 2975 virtute
1086 2921 1272 2986 induti,
1320 2922 1491 2990 major
1523 2924 1649 2992 ipsis
1680 2926 1853 2993 pudor
1878 2936 2039 2981 esset.

460 3010 610 3066 Nunc
635 3022 810 3065 autem
842 3012 965 3066 illud
996 3013 1223 3067 maxime
1250 3015 1497 3085 lacrymis
1526 3016 1741 3086 dignum
1773 3027 1873 3082 est,
1901 3019 2040 3088 quod

458 3118 580 3157 cum
614 3102 767 3156 multi
792 3104 897 3158 sint
923 3104 1070 3166 mali,
1105 3104 1282 3159 nullus
1306 3114 1390 3160 est
1427 3106 1595 3175 pudor
1619 3123 1683 3161 ex
1712 3110 1873 3163 malo.
1906 3108 2037 3164 Cum

456 3194 577 3249 aliis
600 3196 742 3250 enim
773 3198 874 3252 hoc
911 3197 1069 3250 etiam
1098 3196 1221 3250 fecit
1249 3196 1512 3262 diabolus,
1539 3206 1596 3251 ut
1621 3214 1792 3269 neque
1817 3215 2035 3255 sensum

456 3287 716 3342 malorum
741 3289 903 3341 ullum
932 3287 1159 3343 habeant
1183 3306 1201 3355 ;
1230 3300 1392 3360 utque
1420 3307 1483 3347 ex
1513 3292 1872 3361 improborum
1901 3294 2038 3347 mul-

457 3379 682 3437 luudine
703 3380 873 3449 pudor
892 3380 1175 3450 obtegatur
1202 3398 1217 3434 :
1246 3399 1367 3436 nam
1398 3384 1447 3437 si
1473 3385 1524 3437 in
1553 3385 1888 3440 multitudine
1916 3386 2036 3454 phi-

456 3470 798 3543 losophorum
841 3481 1163 3537 versaretur,
1211 3487 1360 3526 suam
1404 3474 1491 3528 ille
1531 3475 1823 3529 nuditatem
1869 3479 2037 3547 magis

456 3570 659 3616 nosset.
690 3562 911 3616 Planum
958 3578 1086 3632 ergo
1124 3572 1206 3618 est
1246 3565 1364 3619 illos
1406 3565 1746 3621 dmmoniacis
1784 3582 1902 3622 esse
1946 3584 2035 3621 nu-

453 3651 662 3716 diorcs;
694 3652 833 3722 quod
861 3662 1035 3708 autem
1078 3653 1290 3711 deserta
1324 3656 1437 3710 loca
1468 3656 1823 3727 frequenteut,
1877 3675 2034 3712 nctno

453 3755 600 3801 certe
640 3748 929 3816 negaverit.
975 3747 1105 3802 Lata
1151 3748 1347 3819 quippe
1389 3761 1444 3804 et
1487 3752 1718 3820 Spatiosa
1762 3752 1841 3804 via
1886 3753 2030 3805 omni

450 3837 667 3893 deserto
699 3838 961 3894 desertior
1001 3849 1101 3894 est.
1146 3840 1256 3894 Etsi
1290 3856 1519 3911 namque
1560 3842 1790 3896 viatores
1836 3842 2031 3896 multos

448 3928 680 3996 habeat,
726 3929 819 3983 sed
865 3929 1137 3985 hominem
1191 3931 1433 3988 nullum:
1478 3947 1660 3986 verum
1713 3942 2027 4001 serpentes,

447 4019 781 4088 scorpiones,
806 4019 978 4088 lupos,
1002 4021 1231 4088 viperas,
1253 4020 1485 4089 aSpides.
1511 4022 1669 4075 Tales
1692 4023 1887 4091 quippe
1903 4032 2029 4077 sunt

448 4109 485 4163 ii
523 4110 613 4178 qui
644 4109 933 4177 nequitiam
976 4119 1270 4163 sectantur.
1302 4110 1425 4165 llmc
1454 4126 1559 4165 non
1598 4112 1809 4167 deserta
1854 4113 2025 4167 solum

447 4211 551 4268 est,
580 4201 671 4256 sed
700 4202 859 4255 etiam
881 4203 1144 4271 asperior.
1176 4202 1231 4258 Id
1260 4204 1397 4273 quod
1429 4204 1552 4262 hinc
1580 4205 1750 4274 palam
1770 4213 1852 4259 est
1882 4227 1895 4259 :
1919 4221 2022 4259 non

444 4291 589 4345 enim
636 4290 858 4361 lapides,
904 4301 1192 4363 prmrupta,
1241 4295 1515 4349 cacumina
1562 4296 1914 4350 ascendentes
1955 4297 2024 4351 ita

445 4380 700 4447 lacerant,
729 4390 787 4436 ut
831 4383 1013 4452 rapina
1052 4393 1107 4439 et
1135 4385 1356 4439 avaritia
1384 4386 1588 4439 animas
1613 4402 1731 4455 qua:
1758 4386 1900 4441 illam
1939 4388 2025 4441 ad-

442 4473 680 4527 mittunt.
724 4472 874 4540 Quod
903 4482 1079 4529 autem
1124 4476 1261 4529 circa
1304 4476 1546 4545 sepulcra
1578 4477 1736 4529 vitam
1782 4488 1939 4547 agant
1968 4486 2024 4532 ut

442 4565 776 4628 dtemoniaci,
810 4566 918 4622 imo
957 4568 1131 4636 potius
1163 4567 1303 4637 quod
1340 4569 1438 4636 ipsi
1481 4569 1723 4638 sepulcra
1749 4570 1875 4634 sint,
1901 4569 2023 4624 hinc

441 4656 778 4711 manifestum
801 4666 903 4712 est.
932 4658 1068 4726 Quid
1096 4659 1238 4712 enim
1268 4668 1351 4714 est
1370 4660 1713 4729 sepulcrum?
1744 4660 1901 4730 Lapis
1930 4661 2021 4730 qui

443 4757 774 4803 mortuorum
817 4764 1040 4820 corpora
1079 4752 1337 4805 continet.
1371 4751 1428 4805 In
1471 4768 1577 4822 quo
1618 4767 1746 4823 ergo
1771 4753 2021 4808 differunt

440 4843 653 4897 illorum
698 4859 924 4913 corpora
968 4843 1035 4897 ab
1077 4842 1380 4913 hnjusmodi
1414 4844 1712 4914 lapidibus?
1752 4846 1864 4901 lmo
1904 4846 2020 4903 huic

440 4934 549 4989 illis
587 4935 970 4989 miserabiliora
1011 4945 1152 4989 sunt.
1185 4936 1299 4990 Non
1331 4937 1471 4990 enim
1503 4938 1637 5006 lapis
1685 4946 1767 4991 est
1793 4938 2020 4993 cadaver

435 5026 739 5091 continens,
784 5025 877 5080 scd
922 5041 1115 5095 corpus
1154 5026 1418 5095 lapidibus
1458 5027 1836 5092 insensibilius,
1876 5045 2021 5083 mor-

438 5127 583 5172 tuam
614 5118 995 5173 circumferens
1017 5118 1269 5172 animam.
1294 5117 1650 5185 Quamobrem
1677 5135 1781 5174 non
1807 5120 2019 5175 aberrat

434 5210 483 5264 si
510 5210 630 5280 quis
651 5209 771 5263 illos
793 5210 1033 5278 sepulcra
1064 5211 1352 5266 vocaverit.
1383 5210 1513 5266 Nam
1555 5211 1809 5265 Dominus
1834 5220 2017 5266 noster

432 5315 517 5354 sic
542 5300 757 5355 Judazos
799 5302 1043 5363 vocavit;
1089 5300 1315 5372 ideoque
1356 5301 1628 5371 subjunxit
1656 5318 1672 5357 :
1703 5301 2015 5356 Intrinsccus

432 5393 617 5462 rapina
660 5402 705 5447 et
733 5393 945 5446 avaritia
983 5394 1120 5462 pleni
1156 5404 1271 5448 sunt
1302 5393 1515 5464 (Matth.
1556 5394 1647 5449 25.
1684 5391 1799 5465 25).
1845 5392 2015 5448 Vultis

430 5482 648 5540 demum
686 5480 966 5540 ostendam
1001 5484 1271 5558 quomodo
1297 5484 1561 5556 lapidibus
1598 5485 1770 5555 capita
1799 5499 1893 5540 sua
1930 5484 2013 5540 fe-

508 5695 529 5771 :
553 5694 818 5771 mixture-I3,
844 5696 1031 5771 lapides
1053 5699 1181 5771 enim
1199 5701 1342 5771 facile
1364 5711 1440 5771 est
1455 5708 1680 5771 emtgere.

506 5755 530 5785 ⁸
546 5755 659 5816 Alii,
684 5768 771 5806 cur
793 5755 973 5810 timent
993 5755 1338 5825 impudentiam
1360 5755 1579 5822 habeant:

1325 256 1382 312 S.
1411 255 1687 313 JOANNIS
1726 254 2197 311 Cl’lRYSOSTOMl
2237 254 2547 319 ARCIIIEP.
2590 266 3120 333 CONSTANTINOP.
3603 294 3701 356 75,;

2171 368 2344 464 riam?
2373 373 2646 431 Uudenam
2670 381 2692 432 ?
2719 380 2824 436 Sed
2856 386 3028 451 primo
3055 389 3138 443 die
3168 392 3293 444 mihi
3321 396 3447 451 unde
3471 399 3559 456 hoc
3581 412 3683 464 velis

2168 460 2394 553 discere,
2417 479 2445 517 a
2480 471 2913 538 prmscntibusnc,
2945 491 3011 530 an
3038 495 3066 531 a
3096 479 3325 537 futuris?
3350 487 3413 539 At
3439 460 3685 553 futurorum

2168 549 2241 602 illi
2264 567 2365 606 non
2385 570 2626 626 magnam
2649 563 2906 617 rationem
2927 567 3151 622 habent:
3168 571 3235 625 de
3250 581 3570 640 praesentibus
3585 549 3686 657 ergo

2166 641 2508 712 loquendum.
2533 649 2734 715 Quibus
2762 654 3025 723 lapidibus
3043 663 3310 729 graviores
3332 681 3428 720 non
3453 683 3558 725 sunt
3575 641 3687 732 eum:

2166 732 2290 799 illm,
2323 753 2440 805 qua:
2463 755 2566 793 non
2599 744 2772 811 Capita
2805 746 3019 812 feriunt,
3044 753 3136 804 sed
3164 755 3390 808 animam
3416 764 3686 822 corrodunti

2174 822 2384 879 'l'iment
2404 829 2566 892 enim,
2592 846 2658 883 ne
2676 835 2794 898 jure
2816 851 2877 888 ex
2900 836 3061 891 domo
3081 852 3272 897 exeant
3298 845 3379 898 illa
3406 863 3513 916 qua:
3530 852 3697 919 injuste

2164 922 2310 981 parta
2352 926 2507 982 sunt;
2544 930 2780 976 extrema
2824 924 3138 994 formidant,
3184 934 3499 1003 irascuntur,
3540 955 3685 998 contra

2162 1017 2309 1097 suos,
2356 1016 2538 1059 contra
2586 1021 2869 1067 extraneos
2913 1018 3227 1074 irritantur:
3258 1039 3462 1087 induor,
3506 1039 3688 1097 tremor,

2162 1090 2308 1146 furor
2336 1095 2433 1148 sibi
2467 1108 2651 1152 mutuo
2690 1105 2998 1171 succedunt,
3032 1118 3085 1161 et
3108 1114 3258 1178 quasi
3288 1129 3317 1165 a
3357 1119 3619 1187 prmeipitio
3648 1090 3688 1175 in

2162 1184 2509 1252 pratcipitium
2563 1198 2935 1258 transeuntes,
3002 1213 3121 1266 qum
3179 1202 3407 1257 nondum
3460 1184 3691 1273 possident

2161 1276 2396 1341 quotidie
2435 1288 2767 1347 exspectant.
2808 1284 3144 1355 Quapropter
3182 1306 3353 1359 neque
3382 1295 3573 1361 placent
3607 1300 3697 1354 illis»

2159 1380 2221 1418 ea
2263 1382 2380 1435 qum
2409 1371 2698 1437 poSsident,
2730 1375 2870 1442 quod
2914 1386 3025 1430 tuto
3071 1384 3269 1434 servari
3314 1399 3414 1437 non
3442 1388 3688 1453 confidant,

2159 1456 2407 1524 quodque
2448 1468 2559 1512 toto
2602 1463 2779 1514 animo
2805 1464 2869 1516 ad
2900 1482 2983 1531 ea,
3028 1482 3147 1536 qua:
3179 1471 3406 1525 nondum
3436 1478 3690 1545 possident,

2158 1545 2427 1599 anhelent.
2454 1549 2529 1601 Ac
2551 1552 2996 1618 quen'iadmodum
3025 1557 3067 1610 is
3088 1559 3174 1625 qui
3196 1560 3437 1615 diuturna
3463 1567 3540 1616 siti
3564 1582 3693 1619 vexa-

2161 1644 2243 1686 tus
2268 1644 2370 1698 est,
2404 1637 2607 1692 etiamsi
2644 1642 2839 1695 multos
2860 1646 3166 1701 exhauserit
3190 1651 3385 1713 fontes,
3410 1655 3692 1723 voluptatem

2159 1741 2262 1779 non
2293 1728 2473 1791 sentit,
2506 1729 2646 1798 quod
2677 1734 2856 1785 satiari
2887 1745 3152 1803 nequeat:
3187 1739 3255 1790 ita
3284 1750 3339 1793 et
3362 1742 3409 1793 hi
3441 1760 3536 1794 non
3565 1746 3693 1797 modo

2160 1834 2265 1871 non
2301 1820 2651 1887 delectantur,
2697 1824 2788 1876 sed
2818 1839 2883 1877 eo
2923 1829 3089 1893 magis
3127 1830 3430 1884 cruciantur
3454 1849 3550 1901 quo
3574 1834 3703 1902 plura

2159 1918 2356 1974 tenent,
2382 1910 2520 1978 quod
2544 1911 2717 1964 nullus
2749 1915 2820 1966 sit
2842 1916 3145 1983 capiditatis
3172 1919 3311 1974 ﬁnis.
3342 1922 3403 1975 Et
3425 1922 3531 1976 luce
3552 1941 3703 1992 quan-

2156 2008 2264 2051 tnm
2305 2000 2369 2053 ad
2400 2004 2678 2068 praesentia
2710 2020 2725 2055 :
2760 2020 2897 2058 nunc
2927 2007 2994 2060 de
3014 2005 3189 2062 futuro
3228 2010 3318 2064 illo
3346 2012 3429 2065 die
3467 2014 3691 2067 dicamus.

2156 2091 2300 2146 Licet
2323 2094 2461 2146 enim
2500 2095 2573 2147 illi
2604 2109 2706 2148 non
2738 2097 3045 2163 attendant;
3074 2108 3129 2153 at
3151 2115 3335 2169 Operm
3370 2106 3578 2171 pretium
3614 2108 3701 2159 erit

2153 2182 2220 2236 de
2250 2183 2343 2236 illo
2370 2184 2567 2238 dicere.
2604 2186 2658 2239 In
2701 2186 2877 2242 futuro
2917 2189 3092 2259 itaque
3118 2191 3206 2245 die
3236 2194 3467 2262 undique
3497 2196 3563 2249 illi
3588 2212 3691 2249 cru-

2152 2272 2451 2325 ciabuntur.
2500 2272 2631 2327 Nam
2674 2290 2795 2328 cum
2836 2276 2986 2341 dixit,
3036 2274 3258 2345 Esuriri,
3294 2291 3347 2334 et
3385 2299 3481 2335 non
3523 2284 3699 2337 dedistis

2151 2362 2281 2413 milii
2317 2363 2639 2428 manducare,
2692 2366 2843 2429 sitim’,
2895 2377 2940 2419 et
2980 2384 3079 2420 non
3131 2380 3307 2438 potum
3365 2374 3485 2425 milii
3525 2374 3701 2427 dedistis

2155 2453 2365 2523 (Man-It.
2410 2454 2503 2509 25.
2548 2455 2664 2525 6J2),
2700 2457 2783 2510 his
2811 2458 2987 2512 verbis
3015 2460 3272 2528 castigat;
3322 2473 3378 2517 et
3419 2478 3531 2517 eum
3573 2462 3705 2528 dicit,

2149 2543 2232 2597 l‘te
2264 2546 2317 2598 in
2363 2547 2531 2617 ignem
2552 2557 2796 2601 wternum
2826 2559 3061 2617 paratum
3108 2550 3309 2606 diabolo
3339 2552 3495 2620 (Ibid.
3534 2571 3577 2607 υ.
3601 2556 3695 2620 41).

2148 2650 2241 2691 cos
2287 2638 2377 2708 qui
2423 2639 2560 2692 male
2604 2640 2769 2708 partis
2810 2639 3010 2694 divitiis
3052 2640 3279 2697 afﬂuunt
3310 2645 3405 2699 illo
3448 2647 3612 2700 mittit.
3646 2646 3703 2699 Et

2148 2746 2339 2785 servus
2370 2731 2457 2787 ille
2488 2747 2737 2800 nequam,
2779 2732 2873 2801 qui
2899 2736 3179 2787 conservis
3211 2735 3353 2790 bona
3383 2737 3573 2792 domini
3610 2754 3707 2791 non.

2147 2822 2384 2890 largitur,
2417 2822 2467 2875 in
2494 2823 2679 2877 eadem
2708 2831 2790 2877 est
2827 2823 3036 2891 classe;
3067 2841 3271 2881 necnon
3305 2829 3353 2882 is
3382 2835 3496 2898 quis
3523 2830 3602 2899 qui
3631 2841 3699 2884 ta-

2146 2913 2346 2967 lentum
2376 2913 2609 2980 sull‘odit,
2652 2925 2702 2968 et
2743 2916 2978 2985 quinque
3004 2918 3254 2987 virgines.
3283 2919 3355 2973 Et
3393 2937 3705 2990 quocumque

2144 3004 2362 3068 abieris,
2400 3019 2591 3058 avaros
2618 3005 2776 3074 plecti
2816 3006 3041 3060 videbis.
3091 3011 3168 3062 Ac
3198 3025 3342 3064 nunc
3384 3011 3589 3080 quidem
3615 3027 3695 3064 au-

2142 3093 2309 3156 dient,
2347 3095 2510 3149 Chaos
2548 3106 2621 3149 est
2645 3097 2775 3149 inter
2811 3112 2902 3150 nos
2928 3107 2974 3151 et
3017 3112 3102 3151 vos
3126 3096 3275 3169 (Luc.
3309 3102 3398 3156 16.
3431 3101 3518 3170 26)
3541 3120 3555 3162 ;
3581 3118 3698 3155 nunc

2153 3176 2396 3237 Recedite
2436 3203 2468 3238 a
2512 3202 2591 3237 me
2637 3187 2693 3237 in
2734 3202 2901 3253 ignem
2943 3185 3142 3255 [vobis]
3180 3199 3477 3253 paratum;
3516 3198 3568 3243 et
3596 3196 3706 3245 tunc

2146 3270 2196 3323 in
2223 3270 2356 3323 duas
2380 3280 2555 3339 partes
2578 3270 2785 3326 discissi
2810 3272 2904 3326 illo
2933 3272 3084 3327 ibunt
3112 3272 3200 3327 ubi
3230 3275 3434 3330 stridor
3466 3275 3702 3337 dentium,

2142 3375 2302 3433 atque
2330 3365 2564 3433 undique
2595 3364 2729 3433 pulsi
2755 3364 3094 3433 videbuntur,
3127 3381 3396 3437 nusquam
3424 3368 3591 3422 locum
3616 3369 3699 3421 lia-

2142 3454 2330 3508 bcntcs
2359 3455 2456 3508 nisi
2489 3457 2539 3508 in
2568 3456 2829 3523 gehenna.

2212 3545 2266 3597 5.
2310 3544 2458 3598 Sana
2480 3545 2605 3613 ﬁdes
2626 3562 2724 3597 non
2743 3544 2945 3615 prodest
2967 3545 3079 3601 sine.
3094 3546 3427 3615 operibus.—
3444 3546 3573 3615 Quid
3594 3560 3701 3615 ergo

2141 3635 2295 3689 nobis
2318 3650 2446 3689 sana
2489 3634 2622 3689 ﬁdes
2661 3635 2901 3704 proderit
2935 3635 3003 3689 ad
3033 3636 3283 3701 salutem,
3314 3652 3438 3691 cum
3478 3638 3587 3691 hmo
3624 3653 3702 3687 au-

2138 3728 2385 3783 diemus?
2429 3727 2562 3792 Illic,
2606 3726 2803 3781 stridor
2844 3727 3103 3791 dentium,
3136 3727 3378 3783 tenebra:
3409 3729 3698 3786 exteriores.

2138 3832 2192 3874 et
2246 3820 2382 3888 ignis
2436 3826 2653 3888 paratus
2698 3817 2931 3883 diabolo,
2985 3818 3248 3882 discissio,
3301 3821 3587 3888 expulsio;
3632 3819 3702 3871 hic

2138 3925 2286 3976 vero,
2334 3908 2643 3972 inimicitiaz,
2669 3908 2969 3973 calumniis,
3005 3909 3265 3978 pericula,
3306 3911 3701 3973 sollicitudines,

2138 3999 2377 4065 insidiae,
2425 4000 2604 4053 odium
2655 3999 2915 4063 onmium,
2944 3999 3269 4054 abominatio
3318 4002 3463 4071 apud
3510 4018 3695 4061 omnes,

2135 4093 2294 4147 etiam
2317 4106 2411 4146 eos
2434 4092 2522 4161 qui
2551 4091 2757 4146 adulari
2781 4091 3043 4145 videntur.
3072 4092 3223 4146 Sicut
3246 4095 3395 4151 enim
3429 4095 3590 4147 bonos
3610 4106 3699 4145 non

2133 4183 2260 4238 boni
2286 4183 2480 4249 solum,
2506 4181 2600 4237 sed
2630 4182 2790 4236 etiam
2821 4181 3047 4250 improbi
3074 4182 3381 4239 mirantur:
3414 4184 3495 4239 sic
3522 4186 3699 4252 impro-

2134 4276 2231 4329 bos
2255 4288 2361 4327 non
2386 4272 2512 4326 boni
2542 4281 2767 4336 tantum,
2789 4272 2880 4326 sed
2906 4272 3066 4327 etiam
3096 4272 3327 4343 improbi
3350 4273 3478 4328 odio
3500 4274 3729 4327 habenL.

2132 4366 2261 4431 Quae
2284 4379 2373 4419 res
2398 4363 2534 4417 adeo
2558 4378 2684 4417 vera
2712 4371 2816 4427 est,
2851 4371 2909 4417 ut
2949 4377 3136 4417 avaros
3180 4363 3328 4432 ipsos
3374 4365 3598 4419 libenter
3632 4364 3699 4417 in-

2136 4467 2424 4527 terrogem,
2456 4471 2634 4509 annon
2678 4455 2814 4508 alter
2852 4454 3006 4509 alteri
3053 4454 3255 4508 invisus
3302 4457 3396 4517 sit,
3429 4465 3484 4509 et
3522 4456 3565 4509 si
3606 4469 3695 4508 non

2132 4548 2353 4618 perinde
2379 4547 2485 4601 sint
2513 4547 2652 4601 inter
2678 4561 2738 4601 se
2769 4546 2989 4612 inimici,
3021 4560 3084 4600 ac
3112 4544 3158 4599 si
3200 4561 3260 4601 se
3304 4560 3495 4601 mutuo
3534 4546 3698 4601 admo-

2129 4643 2254 4696 dum
2282 4640 2566 4703 lmsissent,
2599 4653 2778 4692 annon
2815 4654 2873 4691 se
2902 4646 3087 4692 mutuo
3126 4637 3507 4703 criminentur,
3536 4653 3697 4692 annon

2128 4731 2508 4787 contumeliam
2553 4744 2665 4784 rem
2707 4729 2899 4799 ipsam,
2942 4742 3099 4797 quam
3128 4734 3321 4796 agunt,
3362 4742 3485 4782 esse
3529 4728 3697 4781 existi-

2127 4830 2294 4887 ment,
2325 4837 2446 4876 cum
2475 4820 2595 4889 quis
2626 4819 2731 4874 illis
2765 4818 2867 4872 hoc
2895 4817 3243 4887 opprobrium
3270 4817 3479 4887 objicit.
3506 4818 3697 4887 Oppre-

2126 4914 2301 4968 brium
2321 4912 2516 4982 quippe
2552 4909 2655 4964 hoc
2676 4918 2759 4964 est
2782 4917 3106 4975 extremum,
3128 4916 3181 4963 et
3215 4922 3448 4963 summa:
3473 4906 3695 4976 maligni-

2129 5006 2250 5059 tatis
2275 5010 2666 5073 argumentum.
2697 4999 2831 5055 Nam
2870 5000 2915 5054 si
2957 5000 3212 5069 pecunias
3232 5009 3579 5054 contemnere
3604 5012 3696 5050 non

2126 5105 2297 5165 potes,
2325 5092 2597 5163 quomodo
2629 5092 2812 5146 vinces
2838 5090 3349 5160 concupiscentiam,
3376 5104 3566 5144 vanam
3593 5088 3697 5158 glo-

2125 5188 2281 5249 riam,
2313 5183 2569 5246 furorem,
2596 5182 2768 5237 iram?
2795 5182 2861 5237 Et
2886 5182 3155 5252 quomodo
3194 5182 3312 5251 quis
3339 5181 3427 5236 his
3468 5183 3521 5237 in
3550 5180 3698 5235 rebus

2123 5274 2498 5345 obtemperet?
2526 5271 2663 5327 Nam
2689 5272 3178 5341 concupiscentiam
3207 5286 3531 5340 corporum,
3552 5272 3693 5332 iram,

2125 5367 2396 5434 furorem,
2429 5366 2606 5421 carnis
2658 5364 3014 5432 eomplexioni
3073 5363 3345 5428 tribuunt,
3409 5361 3696 5429 medicique

2124 5461 2250 5515 huic
2289 5456 2678 5513 vehementiam
2704 5466 2945 5511 motuum
2973 5455 3316 5520 adscribunt;
3362 5454 3694 5510 calidiorem.

2122 5566 2226 5622 que
2250 5559 2304 5605 et
2331 5548 2684 5603 humidiorem
2731 5546 2985 5601 lascivum
3014 5559 3136 5599 esse
3168 5553 3371 5614 putant,
3403 5559 3528 5599 eum
3555 5556 3693 5605 vero,

2121 5643 2211 5713 qui
2239 5641 2462 5696 sicciore
2489 5637 2559 5693 sit
2584 5636 2919 5706 intemperie,
2950 5635 3250 5701 ardentem,
3288 5635 3621 5696 iracundum,
3645 5641 3691 5686 et

2124 5735 2403 5792 furiosum.
2451 5732 2526 5788 De
2554 5730 2777 5787 avaritia
2825 5737 3003 5787 autem
3050 5729 3182 5786 nihil
3225 5729 3417 5787 horum
3448 5728 3636 5785 dicitur
3661 5738 3693 5781 ι
