4000 6206
285 422 386 478 757

287 534 534 588 medicis.
558 533 649 588 Si:
675 550 740 589 ex
775 533 989 604 ignavia
1015 545 1219 592 tantum
1247 548 1299 592 et
1326 539 1488 593 animi
1517 549 1736 610 stupore
1763 541 1877 595 tunc

282 625 547 695 mgritudo
593 626 851 680 nascitur.
881 627 1239 691 Quamobrem
1287 643 1496 699 precor,
1536 629 1651 685 hzr-c
1696 632 1873 684 omnia

280 714 656 780 eriteudeuius,
682 724 1017 785 crateresque
1039 717 1201 770 animi
1232 719 1448 772 morbos
1472 721 1558 788 qui
1581 721 1872 773 secundum

281 796 496 860 aetatem
522 808 794 872 accidunt,
819 808 868 864 in
895 810 1220 863 contrarium
1245 811 1649 866 transferamus.
1670 813 1724 867 Si
1749 827 1874 866 vero

279 912 378 962 per
424 897 662 965 singulas
700 907 821 951 vuze
864 911 1042 968 partes
1077 900 1373 970 navigando
1417 904 1628 956 virtutis
1661 902 1873 957 labores

281 988 602 1051 de\Il0llll|S,
636 998 688 1042 et
715 989 910 1058 ubique
941 990 1214 1070 naufragia
1249 991 1525 1057 facientes,
1555 992 1620 1046 ad
1661 1002 1870 1062 portum

279 1079 614 1149 appellamus
666 1080 923 1135 sarcinis‘
974 1081 1342 1149 spiritualibus
1401 1083 1584 1148 vacui,
1631 1093 1872 1138 extrema

285 1173 574 1241 patiemur.
622 1172 868 1228 Praesens
897 1173 1092 1244 quippe
1119 1175 1224 1228 vita
1258 1175 1478 1243 pelagus
1499 1183 1582 1228 est
1609 1175 1863 1244 amplum.

279 1264 344 1315 Iit
376 1264 514 1317 sicut
561 1264 610 1316 in
644 1263 745 1317 huc
790 1266 924 1320 mari
965 1265 1098 1319 varii
1144 1275 1268 1320 sunt
1312 1266 1482 1330 sinus,
1511 1267 1598 1335 qui
1629 1267 1868 1321 diversas

276 1353 478 1407 habent
515 1363 894 1422 tempestates:
924 1354 1271 1426 {Egaiumque
1297 1372 1447 1412 mare
1476 1373 1504 1410 a
1538 1358 1709 1413 ventis
1741 1359 1873 1412 infe-

278 1455 484 1510 statur;
517 1445 856 1520 Tyrrhenum
887 1448 1099 1512 fretum,
1121 1460 1400 1519 angustum
1430 1461 1542 1512 est;
1571 1450 1870 1520 Charybdis

278 1551 430 1600 vero,
450 1552 569 1606 quae
587 1547 670 1590 est
695 1538 838 1592 circa
861 1538 1083 1609 Lybiam
1114 1541 1184 1596 ob
1215 1541 1391 1594 brevia
1424 1541 1658 1610 pericula
1681 1542 1864 1603 offert;

276 1625 563 1695 Propontis
608 1638 756 1682 extra
801 1629 1353 1698 Euxinum-Pontum,
1398 1638 1469 1687 ob
1516 1632 1770 1700 impetum
1815 1641 1870 1686 et

277 1718 670 1773 vehementiam
708 1736 890 1790 aqua};
935 1738 1054 1791 quae
1084 1733 1239 1779 extra
1261 1724 1456 1788 Gades,
1480 1725 1623 1793 quod
1651 1725 1868 1795 pelagus

273 1808 406 1862 illud
454 1809 522 1862 sit
552 1809 1006 1876 infrequentatum
1049 1821 1104 1868 et
1149 1814 1408 1883 ignotum,
1437 1815 1662 1883 aliarque
1705 1816 1866 1868 maris

273 1907 458 1964 partes
486 1901 555 1954 ob
585 1899 719 1953 alias
747 1916 940 1956 causas
969 1917 985 1954 :
1030 1902 1110 1958 sic
1136 1913 1190 1957 et
1220 1905 1270 1957 in
1296 1904 1403 1958 vita
1441 1914 1624 1960 nostra
1651 1906 1862 1960 accidit.

273 1989 621 2058 I'rimumque
645 1993 866 2062 pelagus
896 2002 979 2047 est
1001 1995 1222 2063 puerilis
1252 2004 1400 2058 mtas,
1435 2012 1556 2065 qua:
1587 1997 1764 2052 nmltis
1784 2008 1864 2052 est

269 2081 679 2148 tetnpostatibus
706 2081 956 2149 obnoxia,
986 2084 1055 2137 ob
1100 2085 1532 2153 imprudentiam,
1559 2088 1862 2144 facilitatem

269 2170 515 2235 nimiam,
543 2186 839 2243 parumque
872 2173 1030 2226 fixam
1062 2174 1315 2230 indolem.
1355 2176 1585 2245 Ideoque
1616 2179 1862 2245 pzedago-

269 2277 369 2328 gos
390 2270 441 2314 ct
467 2261 718 2318 doctores
760 2264 940 2332 pueris
970 2265 1275 2330 statuimus,
1304 2267 1394 2334 qui
1425 2266 1475 2322 id
1502 2268 1642 2333 quod
1687 2269 1736 2319 in
1765 2283 1861 2322 ua-

269 2363 388 2407 tura
419 2345 601 2408 deficit
627 2355 932 2423 suppleam,
958 2363 1017 2408 ut
1043 2355 1093 2409 in
1126 2357 1257 2409 mari
1281 2372 1376 2425 per
1400 2365 1568 2410 artem
1596 2357 1864 2425 guberna-

267 2445 485 2498 toriam.
518 2445 642 2497 Post
674 2445 811 2499 hanc
838 2454 1051 2499 aetatem
1083 2445 1462 2500 adolescentia:
1492 2462 1642 2502 mare
1670 2461 1860 2504 succeo

266 2535 369 2601 dit,
401 2536 487 2588 ubi
519 2537 663 2590 venti
695 2537 1060 2599 vehementes,
1091 2545 1148 2590 ut
1191 2537 1242 2590 in
1289 2535 1478 2605 1Eng
1522 2535 1676 2601 mari,
1705 2546 1858 2590 aucta

266 2641 462 2696 ncinpe
507 2627 962 2696 concupiscentia.
1008 2625 1064 2682 In
1113 2627 1212 2681 hac
1251 2629 1481 2682 maxime
1525 2635 1685 2682 aetate
1723 2642 1860 2682 rarae

329 2822 346 2851 ι
377 2818 432 2868 In
459 2817 621 2869 storel.
648 2832 743 2868 non
767 2820 951 2882 tegitur
975 2832 1085 2879 vox,
1107 2819 1330 2872 serentis.

1216 423 1279 478 IN
1319 423 1725 484 ΜΑΤΪΙΙᾸΞΗΜ
1759 427 1993 485 IIOMIL.
2026 431 2288 488 LXXXII.
2332 436 2402 488 al.
2445 435 2723 492 LXXXIII.

3460 445 3564 499 753

1979 553 2098 598 sum
2129 547 2563 612 ctncudationes;
2597 567 2701 604 non
2733 551 3047 623 modoquod
3081 555 3167 608 illa
3198 556 3568 616 vehementius

1981 637 2312 704 exagitetur;
2345 641 2436 694 sed
2460 642 2598 710 quod
2629 653 2844 711 peccata
2868 660 2971 698 non
2996 657 3412 715 redarguautur;
3443 662 3568 707 tunc

1981 725 2117 778 enitr
2152 727 2337 780 dot-tor
2365 739 2414 782 et
2447 731 2762 800 ptﬁtlagttgtts
2797 734 3196 789 abscesserunt.
3225 737 3356 792 Cum
3388 749 3568 810 itaque

1979 826 2124 869 venti
2157 818 2526 872 vehementius
2557 823 2766 888 reflant,
2801 826 2844 879 si
2874 827 3198 894 gubernator
3225 831 3293 884 sit
3325 831 3560 888 imbecil-

1980 907 2100 969 lior,
2126 923 2388 976 nemoque
2419 911 2482 963 sit
2508 913 2595 980 qui
2621 915 2912 986 subsidium
2944 918 3149 984 atterat,
3172 920 3343 988 cogita
3370 934 3564 992 quanta

1978 999 2048 1051 sit
2082 1002 2414 1066 tempestatis
2444 1004 2772 1070 magnitudo.
2799 1006 2930 1060 Iluic
2959 1009 3199 1063 succedit
3224 1010 3387 1064 altera
3411 1021 3561 1077 tetas,

1976 1103 2093 1156 quae
2121 1099 2204 1143 est
2233 1086 2488 1152 virorum,
2521 1093 2571 1144 in
2600 1110 2698 1159 qua
2731 1095 2806 1149 rei
2839 1096 3117 1151 familiaris
3143 1099 3560 1164 administratio,

1979 1187 2087 1232 tum
2130 1195 2262 1233 uxor
2305 1179 2548 1246 ducitur,
2587 1182 2737 1237 liberi
2791 1199 3160 1252 procreantur,
3194 1189 3385 1244 domus
3433 1206 3558 1244 cura

1975 1271 2199 1337 geritur,
2247 1271 2494 1340 milleque
2542 1273 2928 1328 sollicitudines
2973 1280 3375 1344 superveniunt.
3411 1279 3561 1332 Tune

1975 1363 2208 1417 maxime
2233 1363 2413 1432 vigent
2440 1365 2660 1418 avaritia
2692 1374 2746 1418 et
2787 1365 3002 1418 invidia.
3045 1366 3098 1421 Si
3134 1369 3291 1436 igitur
3327 1371 3562 1438 singulas

1973 1453 2092 1507 vitae
2149 1464 2329 1520 partes
2382 1469 2502 1507 cum
2563 1454 2852 1524 naufragiis
2901 1458 3239 1522 emetiamur,
3291 1460 3562 1526 qun-nodo

1974 1553 2293 1610 praesentem
2346 1545 2509 1596 vitam
2567 1545 2952 1599 transibimus?
3003 1548 3271 1613 quomodo
3323 1548 3560 1602 futurum

1971 1633 2289 1700 supplicium
2333 1634 2664 1688 vitabimus?
2712 1636 2764 1688 Si
2794 1637 2936 1690 enim
2968 1637 3018 1688 in
3049 1639 3215 1704 prima
3249 1647 3405 1694 aitate
3432 1640 3560 1693 nihil

1971 1724 2085 1776 sani
2113 1722 2478 1786 didicerimus,
2509 1724 2558 1776 in
2595 1725 2882 1790 juventute
2913 1729 3254 1782 Contine-nter
3284 1745 3387 1782 non
3417 1733 3563 1784 vixe-

1972 1814 2160 1876 rimus,
2196 1813 2399 1866 virilem
2441 1815 2618 1882 adepti
2665 1825 2877 1869 aetatem
2923 1819 3197 1872 avaritiam
3231 1835 3335 1873 non
3367 1820 3560 1874 viceri-

1973 1920 2124 1966 mus;
2159 1906 2208 1956 iu
2239 1915 2567 1960 senectutem
2608 1907 2759 1974 quasi
2801 1907 2852 1959 in
2885 1909 3149 1964 sentinam
3182 1911 3410 1975 devecti,
3435 1926 3556 1962 cum

1974 2010 2067 2060 per
2099 1994 2195 2048 hos
2224 2011 2408 2048 omnes
2436 1998 2584 2062 quasi
2618 1997 2836 2064 laqueos
2879 2000 3071 2054 anima:
3122 2001 3418 2054 naviculam
3451 2002 3555 2054 itii-

1973 2085 2298 2139 hecilliorem
2354 2086 2767 2152 reddiderimus,
2817 2089 3120 2158 tabulisqne
3166 2090 3456 2157 dissolutis,
3491 2094 3556 2146 ad

1971 2175 2117 2232 illum
2145 2187 2359 2244 pertum
2399 2177 2794 2241 devenerimus,
2829 2194 2927 2248 pro
2966 2181 3333 2250 spiritualihus
3363 2186 3556 2238 merci-

1970 2268 2068 2321 bus
2113 2260 2336 2320 multum
2391 2280 2790 2336 comportantes
2843 2272 3010 2325 lutum
3055 2292 3068 2326 :
3113 2274 3324 2330 diabolo
3370 2275 3553 2338 risum,

1971 2357 2125 2412 nob's
2173 2357 2372 2410 luctum
2428 2359 2752 2426 parabimus,
2783 2361 3245 2433 intolerabiliaque
3294 2367 3552 2434 supplicia

1968 2448 2270 2504 atferemus.
2301 2449 2377 2503 Ne
2404 2449 2581 2518 itaque
2612 2451 2725 2505 haec
2753 2452 2880 2505 (iant
2923 2469 3022 2509 nos
3048 2455 3281 2524 undique
3308 2459 3554 2512 muniens

1927 2586 1930 2589 .
1968 2549 2067 2600 tes,
2100 2539 2462 2610 adversusque
2491 2557 2678 2597 omnes
2715 2545 2878 2598 animi
2917 2546 3134 2600 morbos
3159 2557 3384 2613 stantes,
3416 2549 3554 2604 divi.

1923 2674 1925 2676 .
1969 2631 2158 2686 tiarum
2179 2633 2525 2699 cupiditatem
2556 2633 2852 2701 eiiciamus,
2878 2646 2935 2689 ut
2961 2637 3130 2690 futura
3163 2653 3554 2708 consequantur
3613 2665 3632 2679 -

1969 2721 2126 2779 bona.
2158 2725 2325 2788 gratia
2361 2731 2414 2772 et
2445 2721 2773 2790 benignitate
2819 2723 3029 2779 Domini
3072 2725 3197 2780 Jesu
3227 2727 3442 2792 Christi,
3469 2729 3553 2782 cui

1967 2809 2136 2877 gloria
2170 2811 2219 2862 in
2249 2811 2440 2864 saecula
2469 2813 2810 2866 saeculorum.
2845 2814 3036 2868 Amen.

265 2941 3552 2968 mmM—W—U—m—m

1270 3017 1614 3078 HOMILIA
1657 3016 1982 3077 LXXXII.
2029 3016 2114 3076 aI.
2159 3016 2516 3078 LXXXIII.

257 3166 395 3222 CAP.
464 3164 554 3220 26.
608 3179 662 3218 v.
709 3163 799 3218 26.
869 3164 1191 3218 Cmmntibus
1246 3174 1413 3218 autem
1466 3162 1609 3226 illis,
1663 3159 1855 3228 accepit

332 3257 488 3312 Iesus
518 3272 720 3324 partem,
753 3265 798 3308 et
827 3255 1017 3323 gratius
1053 3271 1226 3325 agens,
1263 3255 1410 3325 fregit
1439 3252 1670 3318 deditque
1697 3248 1852 3301 disci-

336 3348 496 3414 palis,
544 3356 590 3398 et
637 3347 709 3397 ait
745 3361 763 3398 :
807 3346 1049 3412 Accipite,
1090 3345 1370 3408 comedite;
1411 3343 1503 3396 hoc
1549 3351 1620 3393 est
1671 3353 1853 3407 corpus

332 3454 526 3490 meum.
550 3435 640 3489 27.
669 3435 729 3490 Et
755 3435 1006 3504 accipiens
1037 3435 1262 3491 calicem.
1295 3433 1484 3508 gratias
1501 3432 1620 3500 egit,
1653 3439 1696 3481 et
1717 3429 1853 3482 dedit

335 3530 430 3591 eis,
463 3529 632 3580 dicens
661 3543 679 3580 :
721 3527 882 3580 Bibite
911 3543 972 3580 ea:
998 3527 1092 3579 hoc
1121 3543 1312 3580 omnes.
1351 3525 1441 3578 28.
1479 3523 1577 3576 llic
1621 3532 1692 3575 est
1719 3521 1852 3573 enim

335 3621 548 3690 sanguis
576 3636 714 3674 meus
755 3621 870 3673 novi
911 3620 1210 3678 testamenti,
1239 3618 1323 3688 qui
1356 3632 1447 3687 pro
1474 3614 1646 3671 multis
1683 3612 1852 3682 c/qu-

339 3710 490 3762 detur
517 3710 568 3762 in
590 3709 933 3764 remissionem
961 3719 1296 3777 peccatorum.

342 3850 397 3902 Ι.
444 3847 619 3916 Papae,
649 3855 842 3916 quanta
880 3845 1090 3899 cret-itas
1120 3843 1440 3913 proditoris!
1482 3840 1851 3912 Mysteriorum

259 3954 516 4004 consors,
540 3939 677 3992 idem
704 3937 1029 4006 permansit;
1061 3945 1115 3989 ct
1137 3936 1262 3988 dum
1288 3933 1559 3988 tremenda
1593 3932 1854 3985 frueretur

263 4046 478 4095 mensa,
510 4047 614 4084 non
667 4038 899 4082 nuitatns
947 4036 1050 4083 est.
1084 4028 1148 4081 Et
1198 4027 1300 4082 hoc
1349 4028 1518 4080 Lucas
1569 4023 1851 4094 significat,

262 4124 480 4184 dir-eus,
516 4128 629 4187 post
682 4119 797 4172 hmo
839 4120 889 4171 in
922 4134 1042 4170 eum
1075 4117 1372 4187 ingressum
1405 4117 1568 4170 fuisse
1613 4125 1852 4167 satanam

265 4212 426 4278 (Luc.
454 4212 543 4264 99..
575 4212 628 4279 ὅ)
659 4229 670 4264 :
716 4227 819 4262 non
850 4208 988 4278 quod
1017 4208 1342 4262 dominicum
1389 4220 1584 4274 corpus
1609 4205 1853 4274 despice-

264 4315 378 4364 ret,
394 4302 486 4355 sed
510 4302 647 4369 quod
677 4301 1059 4368 impudentiam
1093 4298 1378 4368 proditoris
1405 4297 1670 4351 irrideret.
1687 4296 1856 4364 Majas

267 4393 413 4444 enim
473 4399 745 4459 percalum
789 4391 1036 4455 utrinque
1089 4389 1242 4444 fiebat
1273 4405 1287 4442 :
1316 4398 1367 4443 et
1395 4388 1535 4456 quod
1587 4403 1707 4442 cum
1765 4387 1856 4442 tali

265 4486 454 4539 animo
478 4484 543 4538 ad
574 4485 822 4554 mysteria
857 4484 1154 4546 accederet,
1193 4491 1245 4536 et
1274 4481 1413 4551 quod
1441 4496 1562 4534 eum
1592 4481 1854 4535 accessis-

267 4584 377 4638 set,
410 4588 510 4627 nec
541 4573 753 4636 timore,
801 4589 898 4626 nec
943 4571 1222 4634 beneficio,
1268 4585 1368 4624 nec
1418 4569 1622 4624 honore
1666 4569 1858 4623 melior

265 4665 545 4720 evaderet.
573 4663 817 4718 Christus
861 4677 988 4717 vero
1036 4663 1243 4716 etiamsi
1290 4661 1469 4714 omnia
1519 4671 1719 4724 nosset,
1748 4674 1854 4712 non

267 4756 580 4825 prohibuit;
614 4765 668 4807 nt
704 4755 878 4807 discas
919 4753 1090 4822 ipsum
1133 4752 1266 4806 nihil
1297 4767 1481 4807 eorum
1535 4751 1855 4820 prietermit-

265 4858 408 4910 tere,
433 4861 550 4914 qua:
577 4845 642 4898 ad
681 4845 1111 4899 emendationem
1155 4842 1460 4898 conferunt.
1503 4841 1626 4897 Ideo
1651 4852 1704 4896 et
1732 4851 1857 4897 ante

265 4949 322 4993 ct
367 4948 547 5007 piistea
578 4935 884 5006 irequenier
906 4937 1074 5006 ipsum
1099 4938 1386 4989 monuitac
1406 4935 1854 4999 rctinuit,verhis,

265 5028 549 5098 operibus,
584 5026 793 5090 timore,
842 5027 1022 5091 minis,
1066 5026 1271 5080 honore
1311 5034 1365 5078 et
1390 5026 1556 5079 cultu.
1588 5023 1692 5079 Sed
1726 5025 1856 5078 nihil

267 5135 394 5174 eum
422 5134 452 5171 a
482 5129 586 5171 tam
628 5118 774 5188 gravi
803 5118 992 5172 morbo
1023 5117 1254 5171 reduxit.
1284 5117 1487 5170 Idcirco
1525 5117 1614 5171 illo
1641 5116 1855 5170 demum

267 5212 479 5276 relicto,
506 5209 783 5278 discipulis
811 5224 908 5278 per
936 5209 1190 5280 mysteria
1225 5223 1411 5262 necent
1443 5222 1591 5262 suam
1623 5223 1858 5262 comme-

259 5307 466 5361 morat,
495 5309 546 5352 ct
589 5299 727 5351 inter
755 5298 1074 5352 cenandum
1120 5298 1189 5352 de
1227 5311 1386 5352 cruce
1431 5296 1685 5366 loquitur,
1718 5311 1854 5365 prte-

254 5391 520 5446 dictionis
551 5389 842 5458 frequentia
877 5390 1179 5459 passionem
1212 5404 1362 5443 suam
1393 5389 1624 5443 toleratu
1654 5389 1857 5444 facilio-

253 5497 383 5535 rem
434 5481 687 5538 reddens.
738 5482 869 5536 Nam
918 5484 962 5536 si
992 5493 1114 5553 post
1142 5491 1219 5535 tot
1249 5496 1335 5536 res
1377 5493 1555 5552 gestas
1583 5494 1635 5538 et
1663 5483 1858 5554 prmdi-

251 5592 278 5620 ρ
301 5575 473 5629 tiones
507 5572 702 5628 turbati
733 5583 878 5642 sunt,
901 5575 946 5629 si
991 5573 1122 5628 nihil
1153 5574 1347 5627 horum
1375 5574 1700 5637 audissent‘,
1732 5573 1857 5643 quid

255 5681 374 5720 non
415 5665 624 5735 passuri
672 5665 862 5722 erant?
893 5665 959 5719 Et
1005 5667 1428 5722 utenducantibus
1458 5665 1561 5720 illis
1608 5666 1858 5737 accipiens

335 5824 351 5851 '
379 5821 495 5884 ιιι,
519 5835 558 5876 σι
583 5834 643 5874 ne
663 5820 771 5875 liae
793 5821 988 5887 quidem
1011 5821 1284 5885 audissent;
1310 5836 1404 5874 non
1434 5825 1579 5873 male.

1961 3172 2143 3226 panem
2173 3159 2342 3227 fregit.
2371 3158 2479 3212 Cur
2502 3169 2625 3214 tunc
2658 3171 2896 3231 tempore
2923 3165 3190 3234 paschalis
3220 3167 3321 3222 hoc
3351 3179 3550 3239 mystc-

1961 3251 2101 3303 riutn
2147 3249 2481 3304 celebravit?
2525 3251 2596 3306 Ut
2639 3253 2873 3323 undique
2914 3257 3109 3319 discas,
3160 3259 3306 3312 illum
3341 3261 3550 3315 Veteris

1961 3339 2287 3394 Testamenti
2318 3340 2482 3396 fuisse
2509 3341 2888 3412 legislawrem,
2909 3355 2964 3400 et
2988 3360 3048 3401 ea
3079 3363 3197 3415 qua:
3221 3349 3273 3402 in
3303 3350 3394 3407 illo
3422 3364 3550 3406 sunt

1959 3439 2177 3501 prepter
2223 3429 2338 3485 hate
2389 3431 2702 3490 adumbrata
2753 3433 2937 3490 fuisse.
2979 3436 3206 3508 Ideoque
3249 3440 3339 3494 ubi
3391 3451 3548 3512 typus

1959 3528 2092 3584 erat,
2125 3519 2197 3573 ibi
2227 3521 2503 3576 veritatem
2532 3523 2827 3578 constituit.
2864 3525 3097 3595 Vespera
3149 3537 3328 3584 autem
3377 3531 3548 3600 pleni-

1960 3612 2157 3668 tudinis
2184 3622 2484 3680 temporum
2520 3614 2727 3683 signum
2761 3625 2894 3682 erat,
2928 3617 3302 3690 indicabatque
3334 3637 3420 3677 res
3450 3623 3545 3679 de-

1961 3719 2106 3756 mum
2131 3703 2196 3756 ad
2229 3703 2388 3758 finem
2416 3705 2693 3760 accedere.
2723 3706 3040 3776 Gratiasque
3060 3711 3190 3783 agit,
3219 3712 3417 3768 docens
3449 3730 3547 3770 nos

1957 3792 2228 3862 quomodo
2258 3803 2500 3862 nporteat
2532 3795 2632 3848 hoc
2676 3798 2992 3866 mysterium
3032 3801 3329 3865 celebrare,
3362 3815 3545 3858 osten-

1958 3884 2093 3942 dens
2119 3899 2177 3939 se
2204 3900 2312 3940 nun
2342 3866 2564 3940 invitum
2591 3886 2654 3940 ad
2681 3889 2986 3956 passionem
3016 3893 3218 3958 venire,
3239 3893 3548 3952 instituens-

1958 3991 2064 4045 que
2090 3990 2208 4042 nos,
2227 3984 2285 4030 ut
2304 3976 2556 4046 quidquid
2578 3979 2865 4046 patiamur,
2885 3997 3006 4036 cum
3027 3984 3315 4051 gratiarum
3336 3987 3548 4042 actione

1960 4064 2215 4130 feramus,
2250 4067 2552 4135 bonamque
2600 4069 2721 4124 inde
2762 4086 2910 4138 spem
2941 4073 3189 4128 efferens.
3224 4075 3351 4130 Nam
3381 4077 3424 4130 si
3470 4088 3547 4148 ty-

1961 4171 2062 4226 pus
2086 4166 2140 4211 et
2170 4157 2339 4226 ﬁgura
2367 4173 2395 4210 a
2434 4168 2574 4213 tanta
2621 4162 2790 4227 potuit
2819 4163 3079 4218 servitute
3108 4164 3353 4232 liberare,
3384 4169 3549 4222 multo

1961 4248 2131 4316 magis
2160 4249 2358 4302 veritas
2381 4249 2568 4302 orbem
2621 4249 2886 4316 liberabit,
2919 4254 3076 4323 inque
3115 4256 3428 4312 hem-ficium
3459 4275 3540 4328 go.

1963 4337 2108 4392 neris
2137 4337 2304 4391 nostri
2331 4337 2590 4392 tradetur.
2627 4339 2826 4394 Idcirco
2857 4357 2961 4394 non
2987 4345 3213 4400 antehac
3241 4351 3550 4417 mysterium

1963 4427 2128 4494 dedit,
2157 4429 2249 4484 sed
2277 4443 2396 4484 cum
2430 4429 2621 4499 lcgalia
2659 4441 2778 4499 post
2820 4431 2935 4486 hare
2961 4443 3232 4489 cessatura
3259 4450 3453 4492 essent.
3490 4440 3546 4492 Li.

1963 4529 2122 4588 caput
2168 4520 2563 4576 solemnitatum
2609 4536 2796 4576 eorum
2848 4524 3025 4588 solvit,
3075 4525 3141 4578 ad
3193 4527 3350 4581 aliam
3407 4529 3547 4596 ipsus

1965 4611 2295 4666 transferens
2345 4627 2582 4665 mensam
2633 4613 3106 4680 terribilissimam,
3148 4619 3366 4686 aitque:
3399 4619 3542 4670 Acri-

1965 4703 2086 4772 pite,
2117 4703 2395 4761 ratiicdile;
2424 4703 2516 4756 hoc
2543 4713 2613 4756 est
2643 4720 2826 4772 corpus
2858 4722 3040 4768 meum,
3073 4710 3204 4776 quod
3249 4726 3340 4776 pro
3379 4711 3542 4762 robis'

1964 4795 2220 4863 frangitur
2249 4795 2322 4859 (ι.
2340 4790 2456 4847 Cor.
2479 4794 2692 4862 11.25).
2719 4795 3063 4864 thuomodo
3082 4813 3183 4852 neu
3209 4800 3398 4854 turbati
3425 4810 3543 4852 sunt

1965 4881 2067 4937 hoc
2096 4885 2412 4938 audientes?
2441 4883 2575 4951 Quia
2616 4886 2778 4941 nmlta
2828 4903 3122 4959 magnaque
3150 4905 3212 4945 ea
3243 4891 3310 4946 de
3352 4908 3410 4947 re
3435 4893 3542 4962 jam

1966 4976 2094 5044 ipsis
2121 4975 2351 5030 dixerat.
2385 4976 2510 5029 Ideo
2537 4992 2642 5030 non
2675 4976 2805 5032 illud
2833 4978 2967 5033 ultra
3013 4981 3228 5044 statuit;
3272 4983 3395 5052 quia
3437 4984 3546 5051 jam

1963 5067 2096 5122 satis
2122 5066 2423 5122 audierant.
2453 5069 2680 5123 Causam
2709 5085 2836 5125 vero
2883 5072 3147 5138 passionis
3176 5073 3326 5140 dicit,
3360 5091 3538 5143 pecca-

1965 5166 2138 5211 torum
2169 5171 2361 5225 nempe
2388 5159 2783 5214 remissionem.
2814 5160 2882 5215 Et
2904 5163 3216 5232 sanguinem
3241 5167 3360 5220 novi
3389 5176 3548 5221 testa-

1959 5247 2127 5304 menti
2159 5255 2337 5312 vocat,
2362 5245 2416 5301 id
2446 5255 2550 5314 est,
2579 5249 3010 5318 pollicitationis,
3044 5265 3199 5305 novae
3235 5250 3388 5320 legis.
3422 5248 3536 5303 Hoc

1963 5337 2105 5392 enim
2125 5338 2234 5405 jam
2261 5337 2388 5392 olim
2419 5337 2682 5406 pollicitus
2711 5348 2848 5403 erat,
2876 5347 2931 5394 et
2952 5355 3146 5394 novum
3171 5350 3546 5398 testamentum

1963 5426 2268 5482 confirmat.
2297 5429 2374 5481 Ac
2399 5427 2848 5496 quemadmodum
2880 5428 3044 5484 Vetus
3089 5445 3217 5485 oves
3264 5441 3318 5486 et
3357 5433 3547 5486 vitulos

1967 5517 2168 5584 habuit,
2202 5518 2281 5572 sic
2305 5527 2358 5572 et
2381 5517 2482 5572 hoc
2501 5517 2829 5575 dominicum
2862 5520 3197 5592 sanguinem.
3225 5522 3547 5578 Hinc-etiarn

1965 5609 2199 5666 ostendit
2236 5624 2296 5664 se
2335 5611 2649 5665 moriturum
2693 5626 2814 5667 esse
2858 5630 2872 5668 :
2921 5613 3041 5666 ideo
3075 5623 3132 5670 et
3173 5621 3547 5669 testamentum

1968 5709 2252 5761 memorat,
2281 5709 2334 5754 et
2373 5701 2567 5758 veteris
2593 5703 2754 5758 etiam
2786 5705 3113 5759 mentionem
3139 5703 3301 5760 facit:
3343 5723 3463 5761 nam
3495 5715 3544 5761 et

2033 5825 2049 5856 ¹
2077 5821 2190 5880 Alii,
2212 5837 2304 5887 pro
2326 5823 2505 5875 multis.
