4104 6218
547 449 656 505 πο

545 555 680 610 illud
703 568 916 624 quoque
946 565 1042 622 per
1061 549 1366 618 sanguinem
1391 544 1691 599 dedicatum
1719 539 1907 593 fuerat.
1926 536 2124 624 lterum

550 622 764 712 quoque
793 622 978 693 mortis
999 651 1214 691 causam
1254 635 1401 698 dietl,
1437 633 1536 696 Qui
1581 647 1670 698 pro
1701 629 1869 680 multis
1895 622 2125 690 effunde-

551 743 636 787 tur
660 736 711 787 in
741 731 1080 786 remissionem
1125 737 1439 797 peccatorum
1471 740 1490 776 :
1528 725 1724 790 aitque,
1760 718 1870 771 Hoc
1899 718 2047 786 facile
2073 717 2126 768 in

551 841 715 877 meam
754 820 1295 876 commemorationem.
1325 813 1517 868 Viden’
1559 809 1825 880 quomodo
1846 822 1875 860 a
1895 806 2126 860 Judaicis

540 913 780 967 abducat
809 921 863 966 et
889 918 1078 964 avocet
1107 905 1380 961 moribus?
1417 903 1549 956 Nam
1590 902 1728 954 sicut
1757 897 1902 962 illud,
1935 896 2121 964 inquit,

553 999 906 1055 celebrabatis
946 999 998 1051 in
1043 993 1604 1050 commemorationem
1648 987 2022 1042 miraculorum
2071 986 2124 1038 in

553 1091 787 1161 Egypto
815 1090 1101 1152 editorum,
1132 1085 1203 1140 ita
1230 1096 1284 1138 et
1324 1086 1423 1137 hoc
1451 1084 1503 1135 in
1533 1096 1704 1134 meam
1735 1090 2124 1132 connnemora—

547 1184 749 1235 tionem
778 1181 953 1234 facite.
983 1177 1113 1231 Illud
1144 1175 1367 1230 effusum
1398 1183 1477 1227 est
1517 1171 1586 1224 ad
1610 1170 1833 1224 salutem
1858 1169 2124 1236 primoge-

556 1271 788 1324 nitorum
836 1285 850 1320 :
903 1267 1005 1321 hoc
1044 1265 1111 1319 ad
1159 1263 1530 1318 remissionem
1575 1268 1912 1329 peccatorum
1966 1259 2124 1312 totius

553 1359 719 1412 orbis.
750 1357 852 1410 llic
879 1364 952 1408 est
989 1355 1121 1408 enint
1148 1353 1353 1422 sanguis
1382 1367 1540 1415 meus,
1571 1350 1758 1418 inquit,
1789 1348 1876 1416 qui
1899 1346 2126 1414 effunde-

546 1459 639 1502 ‘tur
675 1450 726 1501 in
768 1447 1108 1501 remissionem
1136 1454 1470 1514 peccatorum.
1507 1442 1618 1494 lloc
1663 1455 1820 1509 porro
1863 1439 2018 1503 dixit,
2067 1448 2126 1492 ut.

543 1538 712 1591 simul
740 1538 1041 1590 ostenderet
1081 1535 1378 1602 passionem
1408 1541 1461 1585 et
1499 1545 1711 1583 crucem
1757 1544 1877 1582 esse
1922 1539 2124 1597 myste-

548 1629 716 1688 rium,
745 1638 903 1694 atque
933 1625 1030 1677 hac
1054 1625 1259 1676 ratione
1286 1623 1475 1674 iterum
1501 1618 1788 1686 discipulos
1819 1618 2123 1670 consolare—

547 1729 660 1770 vtur.
694 1718 756 1769 Et
784 1718 918 1769 sicut
943 1715 1148 1784 Moyses
1176 1713 1268 1774 ait,
1301 1711 1413 1763 Hoc
1453 1709 1587 1762 vobis
1629 1709 1916 1762 memoriale
1935 1709 2122 1778 sempi-

551 1818 749 1860 ternum
780 1805 972 1874 (Exod.
1004 1807 1056 1858 5.
1088 1802 1174 1874 15)
1203 1820 1216 1854 :
1247 1803 1323 1855 sic
1363 1811 1416 1856 et
1442 1801 1574 1870 ipse,
1617 1799 1682 1852 In
1719 1817 1879 1853 nteant
1908 1816 2124 1852 comme-

554 1898 881 1949 morationem
911 1893 930 1966 (
956 1895 1080 1946 Luc.
1112 1893 1202 1945 22.
1233 1893 1298 1946 19
1325 1895 1366 1959 ),
1419 1892 1588 1944 donec
1641 1891 1867 1942 veniam.
1922 1890 2122 1942 Idcirco

556 1988 650 2049 ait,
699 1987 958 2038 Desiderio
987 1984 1266 2037 desideravi
1305 1984 1398 2034 hoc
1441 1983 1630 2050 pascha
1680 1980 2021 2043 manducare;
2072 1979 2122 2032 id

547 2085 658 2141 est,
689 2076 837 2128 vobis
863 2090 947 2128 res
967 2089 1132 2127 novas
1156 2072 1385 2134 tradere,
1410 2081 1463 2125 et
1507 2070 1699 2138 pascha
1729 2070 1876 2132 dare,
1903 2085 2007 2138 quo
2029 2083 2124 2123 vos

544 2167 857 2235 spirituales
888 2165 1129 2218 reddam.
1159 2164 1222 2217 Et
1253 2165 1366 2231 ipse
1400 2177 1610 2230 quoque
1635 2177 1699 2214 ex
1728 2161 1818 2214 illo
1859 2160 2008 2213 bibit.
2047 2160 2124 2215 Ne

545 2261 696 2315 enim
717 2260 829 2313 hate
843 2259 1118 2312 audientes
1133 2257 1369 2310 dicerent
1384 2271 1398 2308 :
1415 2255 1548 2320 Quid
1562 2255 1723 2324 ergo?
1742 2254 2122 2322 sanguinemne

547 2351 805 2415 bibimus,
833 2359 888 2404 et
931 2365 1145 2404 carnem
1196 2348 1612 2401 manducamus?
1651 2355 1706 2401 et
1749 2346 2120 2411 turbarentur;

544 2454 674 2492 nam
710 2453 830 2492 cum
875 2428 980 2492 hac.
1009 2438 1078 2491 de
1105 2452 1161 2491 re
1202 2437 1363 2490 verba
1417 2437 1631 2500 faceret,
1662 2435 1730 2489 de
1780 2435 1908 2504 ipsis
1948 2436 2124 2490 verbis

546 2530 700 2583 smmi
731 2528 915 2583 offensi
942 2537 1068 2582 sunt
1095 2547 1107 2580 :
1138 2543 1206 2582 ne
1236 2529 1412 2596 itaque
1454 2535 1577 2581 tunc
1618 2528 1977 2594 turbarentur,
2007 2528 2122 2597 pri-
2163 2527 2166 2531 ’

546 2634 675 2672 satis
704 2620 816 2688 ipse
859 2620 960 2673 hoc
999 2617 1144 2682 facit,
1177 2626 1232 2671 ut
1260 2618 1379 2670 illos
1405 2616 1470 2670 ad
1501 2616 1876 2687 mysteriorum
1915 2617 2126 2686 partici-

555 2713 821 2780 pationem
883 2711 1166 2780 tranquillo
1212 2709 1391 2762 animo
1438 2706 1766 2761 subeundam
1828 2708 2122 2762 induceret.

551 2800 680 2855 Ideo
708 2816 834 2870 ergo
869 2816 1024 2855 suum
1072 2801 1186 2868 ipse
1218 2800 1528 2868 sanguinem
1578 2799 1731 2852 bibit.
1760 2798 1897 2865 Quid
1943 2799 2122 2868 igitur,

549 2892 784 2960 inquies,
818 2906 884 2945 an
914 2891 1016 2944 hoc
1043 2900 1099 2946 et
1143 2899 1294 2944 vetus
1321 2891 1448 2944 illud
1476 2891 1634 2944 simul
1679 2889 1974 2944 faciendum
2004 2891 2125 2944 est?

545 2979 916 3050 Nequaquam.
940 2980 1064 3034 Ideo
1091 2995 1322 3049 namque
1349 2979 1505 3042 dixit,
1535 2978 1646 3032 Hoc
1664 2979 1834 3048 facile,
1855 2989 1911 3033 ut
1939 2979 2006 3033 ab
2031 2979 2126 3034 illo

550 3069 859 3125 abduceret.
882 3069 1012 3123 Nam
1034 3070 1079 3123 si
1105 3069 1204 3123 hoc
1230 3069 1599 3122 remissionem
1624 3078 1958 3138 peccatorum
1979 3068 2122 3134 facit,

544 3168 612 3214 ut
640 3159 798 3214 etiam
828 3157 972 3224 facit,
1001 3158 1324 3227 superfluum
1351 3158 1455 3210 erit
1481 3157 1630 3210 illud.
1669 3157 1818 3210 Sicut
1845 3171 1972 3227 ergo
1994 3157 2125 3212 olim

547 3249 690 3320 apud
711 3249 944 3322 Judzeos,
963 3250 1040 3304 sic
1061 3256 1116 3303 et
1144 3263 1282 3303 llllllc
1305 3262 1517 3317 quoque
1542 3246 1784 3301 beneficii
1811 3247 2123 3301 memoriam

546 3341 808 3411 mysterio
833 3340 1119 3408 colligavit,
1153 3338 1278 3392 hinc
1302 3337 1673 3392 bmreticorum
1699 3351 1790 3390 ora
1817 3337 2121 3392 obstruens.

544 3429 686 3483 Cum
714 3430 856 3483 enim
882 3428 1084 3490 dicunt,
1107 3427 1260 3483 Unde
1287 3427 1459 3495 palam
1483 3437 1567 3481 est
1591 3427 1920 3480 immolatqu
1961 3427 2124 3482 fuisse

545 3517 862 3571 Christum?
905 3532 1024 3571 cum
1062 3516 1211 3583 aliis,
1263 3517 1421 3569 etiam
1465 3529 1496 3568 a
1541 3515 1836 3585 mysteriis.
1886 3516 2122 3583 ipsorum

547 3607 875 3661 obstruimus
921 3622 1036 3661 ora.
1087 3606 1217 3660 Nam
1261 3607 1307 3661 si
1349 3606 1506 3660 Jesus
1555 3619 1659 3659 non
1690 3614 1930 3660 mortuus
1955 3615 2118 3673 esset,

545 3696 706 3766 cujus
730 3697 970 3768 symbols
997 3706 1177 3751 essent
1216 3696 1301 3749 illa
1325 3712 1444 3766 qua:
1471 3695 1804 3750 offeruntur?

615 3788 672 3841 2.
706 3788 886 3843 Viden‘
913 3803 1033 3843 cum
1056 3798 1252 3857 quanta
1282 3801 1408 3840 cura
1438 3787 1712 3855 provisum
1741 3787 1829 3852 sit,
1860 3797 1917 3839 ut
1940 3801 2120 3841 recor-

544 3878 740 3934 demur
764 3893 976 3948 semper
1005 3879 1175 3946 ipsum
1207 3894 1304 3947 pro
1329 3879 1482 3933 nobis
1508 3888 1775 3933 mortuum
1803 3879 1966 3932 esse?
1985 3879 2119 3944 Quia

547 3969 689 4024 enim
718 3970 934 4035 Marcio,
962 3969 1272 4023 Valentinus
1293 3981 1346 4023 et
1372 3969 1551 4024 Manes
1587 3970 1725 4024 hanc
1761 3973 2117 4024 (Iacouomiam

547 4061 787 4128 negaturi
819 4069 993 4123 erant,
1038 4060 1301 4127 passionis
1328 4061 1642 4113 memoriam
1665 4060 1877 4113 assidue
1905 4069 2120 4116 revocat

548 4151 707 4202 etiam
737 4163 831 4217 per
879 4148 1128 4217 mysteria
1151 4189 1166 4213 ,
1201 4157 1257 4200 ut
1287 4162 1443 4201 nemo
1487 4148 1665 4202 seduci
1700 4149 1883 4216 possit,
1915 4165 2143 4219 perque-

544 4253 753 4293 sacram
787 4238 930 4291 illam
977 4252 1216 4290 mensam
1243 4238 1398 4291 simul
1424 4251 1602 4291 servat
1625 4250 1678 4292 et
1709 4239 1958 4292 instituit.
1989 4240 2114 4294 Ete-

548 4330 655 4382 nim
682 4329 808 4383 illud
839 4339 995 4397 caput
1021 4329 1278 4382 bonorum
1310 4337 1412 4383 est.
1444 4329 1568 4383 Ideo
1597 4330 1792 4385 Paulus
1814 4331 2118 4400 frequenter

545 4421 646 4474 hoc
672 4421 882 4489 repetit.
904 4419 1100 4474 Deinde
1129 4431 1402 4488 postquam
1432 4421 1663 4487 tradidit,
1689 4421 1816 4474 dicit
1843 4437 1857 4474 :
1881 4422 1966 4476 29.
1995 4421 2116 4476 Non

545 4511 706 4564 bibant
732 4511 795 4562 de
837 4511 930 4561 hoc
971 4511 1220 4579 genimine
1245 4512 1356 4564 vitis
1386 4528 1542 4578 usque
1573 4513 1624 4565 in
1651 4513 1782 4565 diem
1810 4513 1972 4578 illam,
2000 4531 2116 4568 cum

543 4602 672 4654 illud
696 4601 859 4654 bibam
888 4617 1068 4654 novum
1095 4601 1342 4654 vobiscum
1369 4603 1420 4654 in
1449 4619 1602 4672 regno
1629 4603 1803 4656 Patris
1840 4605 1953 4658 mei.
1983 4604 2114 4660 Nam

541 4691 664 4758 quia
711 4691 837 4758 ipsis
862 4691 928 4743 de
957 4693 1198 4759 paSsione
1225 4701 1278 4745 et
1324 4708 1483 4747 cruce
1527 4694 1774 4762 loquutus
1801 4704 1906 4759 est,
1933 4712 2114 4750 resur-

542 4781 795 4834 rectionis
835 4796 1019 4833 rursus
1063 4782 1389 4834 mentionem
1438 4781 1597 4846 facit,
1631 4783 1879 4852 illamque
1912 4785 1996 4839 bie
2024 4801 2113 4839 re-

543 4886 703 4939 gnum
730 4879 901 4923 vocat.
935 4871 1000 4923 Et
1029 4886 1192 4940 quare
1219 4881 1334 4938 post
1364 4873 1804 4927 resurrectionem
1836 4875 2008 4929 bibit?
2036 4876 2112 4931 Ne

544 4961 787 5014 rndiores
816 4969 1063 5029 putarent
1090 4961 1530 5014 resurrectionem
1583 4977 1702 5016 esse
1748 4965 2099 5033 phantasma;

545 5052 646 5106 hoc
685 5051 826 5105 enim
871 5051 1022 5104 multi
1056 5052 1072 5082 ¹
1100 5051 1306 5118 signum
1336 5066 1455 5103 esse
1482 5055 1885 5108 resurrectionis
1910 5065 2114 5112 statue-

545 5142 690 5195 bant.
718 5140 841 5195 Ideo
869 5142 1094 5210 apostoli
1133 5152 1188 5194 ut
1218 5143 1588 5196 resurrectioni
1623 5143 1778 5198 fidem
1831 5144 2108 5212 facerent,

546 5233 649 5287 hoc
681 5233 930 5287 dicebant
964 5250 976 5286 :
1011 5233 1108 5298 Qui
1136 5233 1286 5286 simul
1325 5235 1650 5300 comedimus,
1680 5245 1724 5288 et
1758 5237 1970 5291 bibimus
1997 5255 2113 5292 cum

545 5340 603 5377 eo
651 5322 788 5389 (Act.
839 5322 925 5377 10.
971 5323 1086 5394 41).
1118 5323 1184 5378 Ut
1242 5325 1399 5393 igitur
1433 5327 1715 5392 ostendat,
1761 5329 1903 5397 quod
1943 5331 2112 5399 ipsum

541 5414 683 5469 clare
717 5423 834 5484 post
888 5417 1326 5469 resurrectionem
1359 5416 1520 5469 visuri
1549 5421 1675 5482 sint,
1707 5419 1845 5486 quod
1868 5435 1985 5472 cum
2015 5423 2112 5474 illi'

541 5505 719 5559 dettuo
741 5504 952 5559 futurus
979 5507 1071 5570 sit,
1103 5516 1155 5560 et
1182 5507 1323 5576 quod
1375 5509 1472 5576 ipsi
1501 5518 1554 5562 et
1582 5524 1644 5563 ex
1675 5511 1812 5571 visu,
1841 5522 1893 5565 et
1924 5527 1988 5565 ex
2023 5530 2112 5568 re-

544 5592 640 5647 bus
665 5594 733 5647 de
755 5593 820 5647 iis
849 5610 966 5664 quae
995 5605 1142 5663 gesta
1174 5604 1297 5649 sunt
1322 5597 1684 5652 testimonium
1711 5600 1816 5654 sint
1836 5601 2111 5670 reddituri,

538 5683 610 5736 ait
636 5702 649 5737 :
680 5684 852 5737 Donec
881 5686 1011 5743 illud
1040 5687 1204 5739 bibant
1230 5704 1410 5740 novum
1439 5690 1709 5757 vobiscum,
1734 5693 1886 5749 vobis
1921 5697 2111 5751 testiti-

573 5783 696 5841 'Alii
723 5794 924 5856 habent,
949 5802 1143 5858 veteres,
1171 5809 1276 5859 pro,
1302 5798 1456 5849 multa.

1223 439 1280 495 s.
1317 417 1594 495 manuus
1623 427 2089 485 cnavsos'rom
2131 427 2442 484 ARCIIIEP.
2485 431 3008 490 (IONSTANTINOP.

3690 441 3806 500 ’1ιῦ

2229 538 2490 592 cantibus.
2529 540 2634 595 Vos
2675 543 2816 596 enim
2847 559 2932 598 me
2960 544 3207 599 videbitis
3236 555 3513 616 postquam
3564 561 3808 606 resurre-

2233 644 2379 682 xcro.
2405 631 2540 697 Quid
2571 643 2653 686 est
2679 643 2852 687 autem
2896 634 3047 700 illud,
3080 634 3322 690 Novum?
3348 638 3404 692 ld
3434 648 3539 704 est,
3571 655 3710 692 novo
3748 652 3806 696 et

2229 716 2470 772 inaudito
2495 721 2674 786 modo,
2708 738 2811 776 non
2842 725 2893 778 in
2915 739 3144 794 corpore
3169 728 3426 795 passibili,
3453 728 3548 782 sed
3577 727 3805 784 inuuor-

2231 807 2318 860 tali
2350 819 2403 861 et
2433 809 2839 879 ineorruptibili,
2891 829 2988 868 nec
3017 817 3135 869 cibo
3178 818 3372 885 egenti.
3406 817 3534 872 Post
3561 833 3805 876 resurre-

2227 898 2461 952 ctionem
2505 901 2663 970 igitur
2695 919 2797 956 non
2825 919 2888 958 ex
2921 911 3238 961 necessitate
3265 909 3501 963 comedit
3547 920 3600 965 et
3631 911 3798 978 bibit;

2229 1001 2402 1055 neque
2428 989 2570 1042 enim
2604 991 2667 1044 iis
2704 1001 2828 1046 tunc
2849 995 3044 1062 egebat
3070 1011 3302 1064 corpus;
3342 998 3437 1052 sed
3481 999 3548 1052 ad
3595 1001 3801 1055 certius

2228 1081 2636 1135 resurrectionis
2664 1093 3054 1151 argumentum.
3108 1085 3212 1140 Sed
3249 1103 3344 1140 cur
3385 1098 3505 1157 post
3553 1105 3801 1146 resurre-

2228 1169 2494 1233 ctionem,
2530 1186 2634 1223 non
2683 1187 2894 1240 aquam,
2951 1175 3043 1228 sed
3083 1159 3266 1229 vinum
3311 1176 3485 1231 bibit?
3517 1178 3586 1233 Ut
3633 1180 3799 1234 aliam

2228 1257 2420 1310 malam
2452 1258 2693 1314 haeresim
2721 1262 2977 1316 radicitus
3005 1265 3274 1318 evelleret.
3322 1267 3458 1332 Quia
3479 1268 3627 1321 enim
3676 1269 3802 1337 qui.

2226 1345 2347 1400 dam
2369 1348 2420 1400 in
2447 1350 2714 1418 mysteriis
2739 1367 2871 1422 aqua
2900 1362 3134 1418 utuntur,
3163 1363 3220 1408 ut
3239 1357 3484 1410 ostendat
3511 1371 3572 1412 se
3596 1367 3650 1412 et
3674 1375 3802 1414 cum

2226 1442 2480 1510 mysteria
2513 1444 2728 1498 tradidit
2759 1447 2882 1499 vino
2910 1463 3065 1501 usum
3095 1448 3278 1513 fuisse,
3308 1459 3361 1504 et
3406 1458 3527 1519 post
3555 1466 3802 1508 resltrre-

2227 1533 2457 1586 ctionem
2488 1535 2602 1588 sine
2623 1538 2891 1605 mysteriis
2920 1539 2974 1591 in
3000 1541 3202 1608 vulgari
3226 1555 3408 1594 mensa
3435 1540 3615 1595 vinum
3644 1543 3804 1597 adlu-

2227 1619 2428 1686 buisse,
2456 1621 2539 1676 Ea:
2565 1626 2814 1693 genimine
2834 1627 2967 1692 vitis,
2997 1628 3182 1696 inquit.
3208 1628 3370 1682 Vinea
3394 1639 3570 1684 autem
3591 1632 3799 1700 vinum,

2228 1725 2335 1764 non
2379 1727 2567 1780 aquam
2620 1714 2807 1784 gignit.
2854 1717 2942 1771 30.
2974 1716 3042 1769 Et
3071 1719 3257 1787 hymno
3304 1720 3437 1773 dicto
3478 1723 3705 1775 exierunt
3746 1725 3802 1777 in

2228 1802 2452 1856 Montem
2497 1805 2765 1859 olivarum.
2801 1808 3031 1861 Audiam
3060 1819 3357 1879 quotquot,
3390 1828 3673 1881 porcorum
3718 1815 3806 1868 in-

2227 1903 2357 1956 star,
2386 1903 2569 1947 contra
2611 1894 2850 1949 mensam
2898 1899 3202 1952 sensibilem
3248 1901 3592 1956 comedentes
3639 1903 3803 1956 calci-

2230 1992 2390 2047 trant,
2424 1994 2479 2037 et
2507 1986 2780 2039 temulenti
2811 1997 3036 2057 surgunt
3061 2029 3076 2054 ,
3107 2005 3227 2043 cum
3276 2001 3553 2060 oporteret
3599 1995 3803 2063 gratias

2225 2087 2387 2142 agere
2415 2083 2466 2128 ct
2496 2076 2549 2128 in
2598 2065 2823 2146 hymnos
2870 2077 3135 2133 desinere.
3167 2081 3361 2136 Audite
3390 2091 3654 2151 quotquot
3695 2099 3802 2154 po-

2227 2173 2479 2217 stremam
2520 2167 2819 2221 orationem
2869 2170 3247 2239 mysteriorum
3279 2185 3383 2224 non
3429 2173 3753 2241 exspectatis
3782 2191 3800 2226 :

2226 2271 2346 2324 qua:
2368 2257 2508 2310 illius
2531 2259 2830 2328 symbolum
2857 2269 2960 2315 est.
2995 2261 3204 2316 Gratias
3249 2264 3357 2332 egit
3399 2273 3682 2334 antequam
3718 2265 3804 2319 di-

2227 2347 2447 2416 scipulis
2474 2348 2645 2408 daret.
2676 2358 2732 2402 ut
2756 2351 2921 2404 etiam
2951 2367 3050 2406 nos
3075 2353 3278 2421 gratias
3319 2368 3558 2422 agamus.
3585 2354 3802 2410 Gratias

2227 2440 2336 2506 egit
2364 2447 2419 2492 et
2448 2439 2702 2510 hymnum
2727 2441 2859 2494 dixit
2883 2454 3162 2512 postquam
3195 2444 3470 2510 dedisset,
3516 2455 3572 2499 ut
3613 2455 3669 2500 et
3697 2461 3802 2502 nos

2230 2527 2330 2581 hoc
2352 2529 2521 2596 ipsum
2545 2529 2815 2584 faciamus.
2839 2531 2942 2586 Sed
2968 2549 3064 2586 cur
3082 2534 3191 2587 exit
3216 2542 3270 2586 ut
3291 2535 3544 2589 ascendat
3566 2537 3617 2590 in
3645 2551 3801 2591 mon-

2230 2626 2336 2672 tem
2357 2621 2382 2670 τ
2423 2617 2554 2674 Sese
2600 2620 2880 2675 manifeste
2931 2623 3218 2677 ostendens
3246 2633 3302 2678 ut
3329 2625 3591 2693 capiatur,
3623 2641 3693 2682 ne
3720 2627 3804 2682 vi-

2227 2707 2416 2762 deatur
2444 2724 2564 2764 sese
2605 2714 2874 2767 occultare
2904 2730 2916 2765 :
2945 2713 3229 2769 festinabat
3263 2717 3458 2786 quippe
3504 2718 3568 2769 ad
3618 2718 3800 2774 locum

2225 2797 2377 2853 Judze
2403 2810 2607 2854 notum.
2635 2801 2724 2856 5|.
2756 2801 2894 2856 Tunc
2920 2804 3052 2858 diaa't
3080 2805 3150 2858 eis
3169 2822 3187 2858 :
3223 2805 3322 2860 Vos
3351 2822 3522 2860 omnes
3541 2808 3806 2861 scandali-

2225 2888 2464 2941 aabimini
2506 2890 2560 2942 in
2590 2906 2686 2942 me.
2720 2891 2921 2946 Deinde
2946 2892 3096 2947 addit
3128 2893 3462 2964 prophetiam
3487 2914 3502 2949 :
3531 2895 3802 2966 Scriptum

2229 2987 2300 3031 est
2342 2979 2475 3031 enim
2499 3021 2514 3043 ,
2550 2982 2827 3049 percutiam
2865 2993 3152 3052 pastorem,
3187 2995 3238 3039 et
3285 2985 3635 3058 dispergentur
3681 3004 3803 3044 oves

2229 3065 2412 3138 (Zaclt.
2457 3071 2545 3124 l5.
2599 3071 2695 3141 7);
2737 3087 2859 3128 cum
2889 3083 2946 3128 ut
2998 3075 3102 3130 illis
3150 3077 3391 3145 suadeat,
3437 3093 3803 3151 semperesso

2229 3157 2518 3228 Seripturis
2545 3162 2951 3232 attendendum,
2985 3175 3091 3220 tum
3123 3177 3182 3222 ut
3206 3170 3484 3240 significet,
3518 3186 3578 3227 se
3604 3189 3674 3228 ex
3702 3173 3801 3232 Dei

2226 3248 2500 3303 voluntate
2528 3249 2764 3322 erucitigi
2792 3293 2806 3316 ,
2834 3262 2994 3322 atque
3024 3256 3257 3326 undique
3286 3259 3574 3316 ostendens
3599 3277 3661 3318 se
3689 3280 3801 3322 non

2226 3352 2346 3394 esse
2374 3353 2404 3392 a
2446 3339 2562 3409 lege
2610 3343 2775 3396 veteri
2801 3344 3053 3410 alienum,
3085 3363 3257 3417 neque
3285 3363 3316 3402 a
3348 3349 3458 3404 Deo
3485 3351 3576 3420 qui
3605 3352 3659 3406 in
3705 3353 3800 3408 illa

2225 3431 2630 3498 praedicabatur,
2655 3434 2884 3503 itemque
2903 3439 3044 3505 quod
3072 3447 3194 3493 tunc
3225 3441 3382 3495 fiebat
3401 3459 3467 3497 ex
3495 3448 3800 3502 meouomia

2228 3519 2362 3584 fieri,
2390 3535 2453 3575 ac
2479 3522 2763 3591 prophetas
2787 3527 2994 3593 omnia,
3023 3543 3143 3598 qua:
3173 3539 3297 3585 tunc
3316 3533 3661 3602 gerebantur,
3683 3537 3800 3605 jam

2225 3611 2350 3666 olim
2386 3615 2701 3682 praedixisse
2724 3658 2740 3683 ,
2773 3625 2832 3672 ut
2858 3618 2980 3674 hinc
3026 3620 3102 3675 illi
3143 3622 3208 3676 de
3239 3623 3548 3681 melioribus
3603 3627 3804 3686 futuris

2223 3703 2511 3759 admodum
2558 3707 2912 3764 confiderent.
2949 3711 3218 3782 Docctque
3244 3731 3350 3784 quo
3399 3727 3554 3786 pacto
3590 3734 3798 3790 cogno-

2223 3806 2443 3850 scantur
2468 3799 2655 3867 quales
2682 3810 2828 3868 ante,
2878 3803 3065 3872 quales
3115 3814 3237 3872 post
3281 3821 3492 3862 crucem
3547 3809 3801 3880 discipuli

2222 3883 2440 3940 fuerint.
2471 3887 2600 3942 Nam
2631 3891 2722 3959 qui
2746 3905 2872 3945 cum
2889 3891 3285 3962 crucifigeretur
3311 3912 3378 3951 ne
3404 3906 3547 3954 stare
3571 3900 3794 3969 quidem

2224 3985 2529 4044 potuerunt,
2565 3978 2615 4032 hi
2670 3990 2789 4050 post
2834 3997 3048 4037 erucem
3078 3988 3281 4042 strenui
3308 3996 3362 4042 et
3385 3989 3667 4046 adamante
3697 3995 3800 4048 tir-

2223 4066 2422 4120 miores
2449 4066 2682 4124 fuerunt.
2710 4071 2809 4127 llic
2852 4082 3030 4129 autem
3059 4087 3231 4136 metus
3273 4089 3328 4134 et
3351 4079 3472 4149 fuga
3499 4081 3800 4151 discipulo-

2225 4172 2340 4212 rum
2368 4162 2552 4214 mortis
2583 4163 2698 4231 ejus
2727 4177 3100 4234 argumentum
3127 4179 3230 4224 est.
3259 4170 3314 4226 Si
3344 4173 3485 4226 enim
3517 4183 3801 4243 postquam

2225 4257 2302 4303 tot
2350 4257 2602 4320 tantaque
2649 4253 2788 4308 dicta
2818 4267 2960 4321 sum,
2991 4259 3203 4328 quidam
3252 4262 3587 4332 impudenter
3611 4265 3801 4323 dicunt

2222 4342 2394 4409 ipsum
2442 4359 2546 4397 non
2593 4345 2755 4400 fuisse
2803 4350 3114 4404 crucifixum
3145 4353 3224 4406 :si
3259 4353 3386 4406 nihil
3410 4369 3593 4408 eorum
3625 4358 3800 4413 conti-

2221 4434 2403 4502 gisset,
2427 4450 2531 4503 quo
2561 4452 2665 4490 non
2699 4439 2983 4506 impietatis
3005 4444 3410 4512 prorupisseut?
3434 4446 3559 4502 Ideo
3589 4464 3695 4503 non
3727 4467 3797 4506 ex

2221 4540 2317 4578 sua
2349 4534 2550 4580 tantum
2584 4529 2850 4596 passione,
2883 4531 2975 4584 sed
3003 4533 3162 4586 etiam
3192 4550 3258 4588 ex
3303 4535 3367 4590 iis
3393 4551 3512 4606 qua:
3545 4538 3610 4592 ad
3638 4539 3796 4596 disce

2223 4617 2373 4684 pulos
2393 4628 2655 4685 spectant,
2701 4635 2906 4674 necnon
2947 4637 3012 4676 ex
3043 4625 3313 4694 mysteriis
3339 4665 3354 4688 ,
3387 4638 3611 4697 mortem
3643 4645 3798 4685 suam

2220 4705 2522 4772 confirmat,
2555 4707 2923 4764 Marcionistas
2947 4712 3181 4781 undique
3208 4715 3511 4785 profligatis.
3549 4717 3676 4774 Ideo
3704 4734 3794 4775 co-

2221 4797 2494 4866 ryphaeum
2525 4813 2719 4866 negare
2749 4814 2808 4854 se
2853 4803 3128 4870 permittit.
3157 4803 3213 4858 Si
3263 4805 3408 4859 enim
3455 4822 3556 4862 nec
3586 4809 3800 4865 vinctus

2222 4903 2322 4942 nec
2345 4888 2633 4942 crucifixus
2662 4889 2872 4954 fuisset,
2922 4891 3062 4948 unde
3089 4902 3263 4948 tantus
3281 4904 3337 4949 et
3381 4896 3456 4950 illi
3485 4906 3540 4951 et
3580 4900 3800 4969 reliquis

2222 4987 2396 5033 metus
2441 4978 2650 5034 futurus
2698 4983 2850 5035 erat?
2897 4983 3079 5053 Neque
3109 4994 3285 5040 tamen
3329 4987 3449 5043 illos
3477 4990 3531 5043 in
3561 5006 3800 5048 mterore

2222 5069 2457 5140 reliquit,
2482 5071 2576 5125 sed
2611 5073 2738 5142 quid
2775 5070 2890 5128 ait?
2919 5075 3010 5128 52.
3047 5073 3325 5146 Postquam
3367 5088 3538 5132 autem
3565 5097 3799 5134 resurre-

2221 5178 2363 5227 xero,
2399 5164 2680 5231 prcecedam
2703 5179 2786 5218 vos
2803 5165 2855 5217 in
2885 5165 3170 5221 ϐαιὶιωωη.
3203 5167 3384 5238 Neque
3403 5171 3543 5224 enim
3571 5187 3640 5227 ex
3665 5174 3800 5228 ca-lo

2219 5253 2397 5306 statim
2425 5262 2669 5322 apparet,
2699 5270 2873 5323 neque
2894 5256 2946 5309 in
2975 5258 3257 5325 quamdam
3291 5261 3560 5328 regionem
3589 5262 3799 5331 longin-

2221 5358 2381 5410 quam
2409 5344 2536 5406 abit,
2570 5343 2663 5397 sed
2713 5344 2764 5397 in
2793 5345 2904 5412 ipsa
2931 5354 3094 5415 gente
3119 5347 3259 5416 apud
3311 5364 3470 5417 quam
3512 5352 3798 5406 crucifixus

2223 5442 2325 5499 est,
2366 5434 2415 5487 in
2449 5434 2580 5503 ipsis
2611 5433 2722 5488 fere
2772 5436 2925 5498 locis,
2961 5446 3016 5490 ut
3058 5437 3217 5491 etiam
3275 5438 3398 5494 inde
3453 5439 3798 5496 confirmaret

2223 5526 2372 5593 ipsis,
2403 5527 2648 5580 eumdem
2673 5536 2724 5580 et
2746 5528 3058 5582 crucifixum
3084 5527 3272 5595 fuisse,
3305 5539 3360 5584 et
3387 5533 3750 5588 resurrexisse
3779 5574 3796 5599 ,

2223 5628 2278 5670 ut
2327 5616 2450 5672 hinc
2478 5628 2768 5674 manentes
2808 5619 2974 5688 magis
3020 5621 3408 5676 consolaretur.
3441 5622 3644 5677 Idcirco
3667 5664 3681 5686 ,
3730 5622 3798 5678 lu

2224 5709 2460 5773 Gulilcea,
2486 5708 2641 5774 dixit,
2678 5719 2791 5764 uta
2819 5719 2962 5763 metu
3005 5710 3309 5765 Judanorum
3358 5711 3587 5776 liberati,
3635 5712 3797 5768 dictis

2230 5799 2528 5855 crederent.
2554 5800 2661 5855 llac
2698 5801 2838 5855 enim
2867 5799 2935 5855 de
2965 5815 3123 5855 eausa
3171 5801 3240 5856 ibi
3279 5800 3542 5872 apparuit.
3575 5800 3665 5856 33.
3703 5799 3794 5855 Re-
