4000 6206
257 392 348 444 ἰιι
1171 401 1234 455 ΙΝ
1271 402 1678 460 MATTILEUM
1718 405 1945 462 IIUMIL.
1990 410 2247 471 LXXXII.
2286 421 2359 476 al.
2403 424 2684 483 LXXXI".

251 509 497 576 spondeus
524 521 691 565 autem
726 512 904 567 Petrus
943 515 1071 568 dixit
1099 532 1118 570 :
1147 516 1257 570 Etsi
1287 535 1458 573 omnes
1488 522 1826 576 scaudaiizati

248 602 434 673 fuerint
459 603 509 655 in
541 613 607 669 te,
634 622 725 676 ego
752 614 916 661 tamen
936 624 1208 679 numquam
1227 613 1633 666 seandalizabor.

317 695 371 748 5.
401 694 537 760 Quid
569 698 671 761 ais,
724 698 928 752 Putre?
960 701 1218 770 prepheta
1248 702 1402 766 dixit,
1458 703 1831 774 Dispergenmr

248 802 397 849 ores;
424 787 672 843 Christus
700 791 899 845 dictum
940 796 1313 849 contirmavit:
1347 806 1402 851 et
1432 807 1485 851 ttt
1516 797 1669 861 dicis,
1719 797 1829 853 Ne-

246 880 551 944 quaquam?
583 896 687 933 non
717 883 849 935 satis
879 884 969 935 tibi
998 894 1122 938 sunt
1151 886 1325 953 priora
1360 888 1445 941 illa
1474 930 1489 951 ,
1522 904 1641 942 cum
1672 888 1825 942 dice-

254 968 367 1032 bas,
399 969 661 1038 Propitius
680 982 782 1025 esto
814 974 901 1026 tibi
929 973 1140 1043 (Matth.
1180 976 1264 1031 tG.
1297 976 1413 1046 9.2),
1440 990 1493 1031 et
1526 979 1827 1047 inerepatus

245 1058 387 1113 inisti
407 1060 426 1111 ?
449 1060 573 1114 Ideo
604 1061 751 1115 illum
781 1064 973 1119 eadere
994 1066 1141 1129 sinit,
1161 1069 1419 1121 utdoceat
1444 1070 1584 1121 illum
1615 1084 1829 1139 semper

241 1153 456 1205 Christo
476 1153 722 1219 credere,
748 1173 801 1208 et
828 1156 945 1222 ejus
975 1159 1295 1212 sententiam
1323 1162 1535 1229 propria
1563 1161 1823 1214 sententia

244 1244 531 1297 lirmiorem
559 1255 763 1312 putare.
805 1247 1019 1316 Reliqui
1042 1264 1169 1303 vero
1208 1267 1314 1304 non
1344 1266 1530 1320 parum
1563 1251 1766 1307 fructus
1789 1267 1820 1305 a

239 1333 518 1402 negatione
555 1336 671 1402 ejus
697 1348 1041 1406 accipe-runt,
1073 1342 1304 1394 humana
1330 1353 1621 1411 ConSpecta
1674 1344 1824 1397 iniir-

239 1427 420 1477 mitate
442 1467 459 1489 ,
496 1428 694 1495 Deique
726 1432 1036 1485 voracitate.
1066 1433 1201 1487 Cum
1230 1434 1377 1488 enim
1427 1434 1515 1489 ille
1545 1436 1821 1504 quidpiam

243 1516 571 1582 pranlixerit,
600 1535 703 1571 non
738 1520 875 1573 ultra
908 1521 1181 1589 disputare
1213 1533 1448 1593 Oportet,
1505 1542 1677 1593 neque
1725 1526 1821 1578 atl-

238 1620 423 1658 vcrsus
455 1608 652 1661 multos
700 1610 1018 1679 insurgere:
1053 1611 1282 1667 Gloriam
1318 1616 1482 1678 enim,
1512 1616 1681 1684 inquit
1708 1656 1723 1677 ,
1769 1616 1819 1669 in

238 1707 299 1760 te,
330 1707 373 1749 et
401 1714 502 1751 non
534 1700 585 1751 in
615 1701 718 1753 alio
748 1701 951 1755 liabebis
983 1703 1123 1774 (Gal.
1168 1704 1222 1759 6.
1255 1706 1331 1775 4).
1366 1706 1500 1759 Cum
1523 1708 1665 1760 enim
1701 1723 1820 1775 prc-

238 1789 459 1843 eandum
491 1802 658 1855 esset,
692 1808 756 1847 ac
802 1795 1087 1849 dicendum
1115 1838 1130 1860 ,
1168 1797 1368 1865 Adjuva
1403 1814 1521 1860 nos,
1548 1815 1614 1853 ne
1640 1800 1740 1853 abs
1769 1809 1819 1854 te

239 1879 567 1943 scindantur,
614 1883 704 1937 ille
744 1884 794 1937 in
843 1901 901 1939 se
948 1887 1203 1954 eonlidit,
1252 1900 1303 1942 et
1333 1888 1589 1943 aitzEtsi
1645 1907 1815 1946 omnes

233 1973 562 2027 srandatizoti
575 1978 761 2044 fuerint
782 1976 835 2029 in
861 1988 927 2043 te,
957 1996 1046 2049 ego
1064 1991 1228 2035 tamen
1251 1999 1527 2053 numquam
1549 2001 1568 2048 ;
1595 1985 1811 2039 etiamsi

232 2078 416 2117 otnttes
449 2063 498 2117 id
536 2067 824 2134 patiantur,
857 2070 1051 2140 inquit,
1077 2088 1178 2142 ego
1204 2088 1308 2127 non
1334 2075 1541 2143 patiar:
1570 2076 1714 2145 quod
1756 2076 1817 2131 il-

236 2156 339 2208 lum
368 2156 436 2209 ad
472 2158 691 2211 nimiam
738 2161 1119 2216 cnniidcntiam
1152 2165 1406 2233 paulatim
1457 2168 1652 2222 evexit.
1704 2168 1819 2224 lloc

234 2248 525 2314 reprimere
555 2247 797 2304 Christus
816 2254 1022 2316 volens,
1054 2258 1393 2326 negationem
1425 2263 1664 2329 permisit
1690 2263 1811 2330 quia

231 2338 368 2390 enini
400 2354 576 2409 neque
619 2342 833 2397 Christo
884 2360 1059 2414 neque
1099 2351 1375 2419 propheta:
1425 2353 1816 2420 obtemperavit

232 2426 372 2499 (ideo
414 2432 558 2483 enim
598 2432 762 2487 etiam
805 2435 1120 2505 prophetam
1161 2440 1481 2506 induxerat,
1532 2452 1685 2497 utne
1726 2442 1814 2499 ille

230 2522 599 2591 repugnaret),
633 2532 871 2579 attamen
903 2527 1026 2595 quia
1063 2529 1241 2583 verbis
1284 2545 1388 2583 non
1434 2540 1715 2599 potuerat,
1747 2547 1811 2587 ex

229 2608 380 2661 rebus
419 2610 549 2679 ipsis
575 2613 839 2668 eruditur.
865 2615 1017 2681 Quod
1047 2629 1223 2673 autem
1254 2620 1373 2673 ideo
1398 2622 1722 2690 permiserit,
1756 2633 1814 2677 ut

232 2695 375 2751 illum
408 2710 592 2768 postea
622 2706 957 2773 emendaret,
990 2709 1113 2762 audi
1140 2710 1265 2779 quid
1300 2710 1446 2766 dicat
1468 2731 1480 2766 :
1504 2712 1614 2782 Ego
1640 2724 1811 2767 autem

227 2794 391 2862 rogavi
411 2812 508 2863 pro
538 2806 602 2857 te,
634 2809 686 2849 ut
715 2814 813 2851 non
840 2799 1043 2867 deﬁciat
1092 2802 1218 2869 ﬁdes
1267 2814 1356 2856 tua
1396 2803 1547 2869 (Luc.
1571 2805 1662 2859 Ἡ.
1692 2806 1807 2875 '52).

232 2881 331 2937 lioc
386 2886 534 2938 enim
591 2887 771 2951 dixit,
806 2900 863 2943 ιιι
896 2890 1271 2948 vehementius
1317 2895 1463 2950 illum
1522 2906 1806 2968 tangeret,

226 2978 636 3049 ostenderetque
680 2982 820 3037 illius
870 2984 1077 3052 lapsum
1114 2997 1430 3041 cancrorum
1488 2989 1639 3059 lapsu
1687 3006 1811 3045 esse

226 3067 504 3133 pejorcnt,
557 3071 852 3142 majorique
899 3075 1099 3129 auxilio
1145 3091 1280 3147 opus
1331 3078 1547 3134 habere.
1600 3082 1805 3151 Duplex

222 3160 356 3210 enim
380 3162 586 3216 crimen
620 3175 755 3225 erat,
786 3177 839 3220 et
883 3167 1024 3236 quod
1050 3170 1459 3234 contradixerit,
1482 3185 1536 3226 ct
1566 3174 1707 3243 quod
1749 3188 1810 3230 se

221 3251 331 3303 aliis
374 3257 778 3323 anteposuerit;
831 3260 1042 3312 tertium
1082 3262 1297 3329 gravius
1349 3263 1525 3326 adest,
1555 3263 1697 3332 quod
1726 3273 1810 3318 to-

223 3352 326 3395 tum
352 3346 459 3397 sibi
489 3347 851 3417 adscripserit.
880 3349 973 3404 llis
1004 3360 1060 3403 ιιι
1085 3352 1383 3416 medeatttr,
1411 3354 1617 3423 lapsum
1644 3355 1660 3385 ¹
1683 3370 1807 3409 eve-

222 3438 331 3491 nire
369 3438 544 3499 sinit;
576 3438 801 3509 ideoque
851 3442 1029 3497 missis
1058 3443 1212 3509 aliis,
1262 3444 1437 3513 ipsum
1481 3447 1802 3516 alloquitur:

222 3524 421 3589 Simon,
460 3528 662 3593 Simon,
695 3546 807 3583 ecce
836 3542 1041 3587 satanas
1067 3536 1302 3603 expetivit
1332 3553 1418 3590 vos
1470 3547 1522 3589 ut
1563 3537 1805 3592 cribraret

215 3618 334 3668 sicut
367 3620 592 3672 triticum
626 3621 729 3694 (Ib.
766 3640 810 3676 υ.
844 3622 974 3694 5l);
1008 3625 1060 3678 id
1091 3636 1192 3688 est,
1243 3636 1302 3679 ut
1332 3627 1607 3694 turbaret,
1634 3637 1804 3682 tenta-

217 3715 329 3761 ret:
371 3708 485 3778 Ego
537 3722 703 3765 autem
750 3730 842 3783 pro
872 3726 920 3769 te
968 3717 1162 3786 rogari,
1196 3728 1249 3771 ut
1278 3736 1376 3772 non
1409 3720 1643 3789 deﬁceret
1673 3721 1802 3789 ﬁdes

213 3810 314 3853 tua.
349 3803 412 3856 Et
441 3820 554 3863 cur.
585 3806 627 3857 si
656 3822 845 3861 omnes
875 3811 1145 3876 expetivit,
1190 3827 1294 3864 non
1328 3812 1460 3866 dixit
1488 3832 1501 3866 :
1539 3813 1642 3867 Pro
1672 3829 1787 3867 οιιι-

217 3892 367 3947 nibus
400 3897 623 3964 rogavi?
648 3899 835 3951 Annon
881 3900 1050 3967 palam
1077 3911 1179 3967 est,
1230 3902 1457 3971 itlipsum
1485 3920 1624 3967 esse,
1655 3905 1798 3974 quod

214 4004 373 4052 supra
400 3988 555 4041 dixi?
583 3988 647 4043 Ut
677 3990 881 4044 scilieet
904 3991 1228 4061 perstringat
1263 4010 1382 4047 eum
1406 4036 1421 4056 ,
1467 4004 1522 4049 et
1550 3995 1800 4050 ostendat

212 4080 427 4145 gt‘mitts
452 4097 611 4148 quant
640 4090 866 4135 ρει-ιιειοε
896 4082 1100 4151 lapsura
1130 4099 1270 4147 esse,
1303 4085 1367 4138 ad
1397 4086 1545 4139 illum
1589 4102 1796 4141 sermo-

213 4184 331 4221 nem
360 4170 563 4239 dirigit.
598 4170 660 4225 Ει
687 4187 781 4227 cur
809 4189 915 4225 non
944 4172 1099 4238 dixit,
1126 4173 1238 4239 Ego
1257 4192 1362 4228 non
1392 4177 1607 4245 permisi
1634 4219 1647 4238 ,
1676 4177 1794 4242 sed,

214 4260 450 4332 Raguvi?
473 4263 553 4316 Ad
588 4266 890 4332 passionem
922 4268 1116 4330 iturus,
1152 4266 1373 4321 ltutnilta
1420 4268 1657 4338 loquitur
1680 4312 1693 4334 ,
1741 4279 1798 4323 ttt

211 4352 600 4409 lminanitatcm
634 4372 784 4410 suam
815 4358 1173 4413 demonstret.
1219 4360 1347 4413 Nam
1377 4362 1466 4430 qui
1501 4364 1793 4417 Ecclesium

208 4461 371 4514 Supra
421 4447 820 4503 confessionem
870 4451 989 4517 ejus
1029 4452 1352 4517 :editicavit,
1405 4455 1680 4524 ipsamque
1724 4458 1795 4509 ita

207 4538 453 4601 munivit,
489 4547 547 4591 ut
576 4556 672 4592 nec
699 4540 845 4594 mille
874 4542 1107 4609 pericula
1130 4582 1147 4606 ,
1180 4558 1277 4597 nec
1306 4544 1454 4599 mille
1485 4556 1686 4600 mortes
1734 4547 1796 4600 il-

206 4630 304 4681 lam
336 4631 552 4698 possint
581 4646 863 4701 superare,
916 4634 1005 4703 qui
1030 4635 1282 4689 ctelorum
1314 4635 1412 4705 ipsi
1435 4637 1614 4692 claves
1649 4638 1794 4693 dedit

202 4731 254 4774 et
281 4732 495 4777 mutam
531 4734 872 4792 potestatem,
923 4742 1097 4797 neque
1128 4728 1379 4795 precibus
1405 4728 1472 4783 ad
1503 4728 1617 4784 bzec
1659 4744 1795 4800 opus

206 4813 391 4869 habuit
414 4816 617 4886 (neque
643 4818 785 4872 enim
814 4827 939 4873 tunc
965 4819 1118 4883 dixit,
1149 4818 1386 4891 Rogavi;
1432 4821 1527 4877 sed
1554 4837 1675 4877 cum
1706 4839 1801 4877 an-

201 4908 481 4970 ctoritate,
531 4905 829 4976 AEdi/icaba
861 4910 1143 4966 Ecclesium
1181 4930 1363 4976 meum,
1424 4923 1472 4968 et
1525 4915 1655 4968 dabo
1705 4916 1793 4969 tibi

200 4996 369 5050 claves
400 4998 692 5067 extorum),
719 5002 989 5070 quomodo
1023 5004 1268 5059 oratione
1292 5019 1431 5074 opus
1453 5004 1705 5071 habebat,
1738 5016 1794 5059 ut

198 5090 544 5143 vacillantem
597 5093 754 5146 unius
806 5093 1037 5150 hominis
1067 5096 1301 5150 animam
1351 5097 1791 5167 constringeret?

197 5178 303 5233 Cur
334 5196 477 5251 eligo
502 5182 569 5235 ita
599 5183 849 5253 loquutus
889 5188 1007 5240 est?
1038 5186 1266 5255 Propter
1310 5202 1431 5243 eam
1471 5204 1632 5260 quam
1678 5190 1789 5260 jam

196 5273 309 5327 dixi
352 5289 609 5337 causam,
635 5284 691 5331 et
718 5284 937 5345 propter
964 5277 1175 5333 illorum
1208 5280 1575 5336 inﬁrmitatem
1602 5300 1614 5335 ε
1648 5300 1785 5338 non-

196 5366 324 5419 dum
371 5367 518 5420 enim
549 5382 688 5429 eam,
741 5383 898 5435 quam
943 5368 1189 5437 decebat,
1241 5371 1310 5427 de
1359 5373 1450 5429 illo
1477 5374 1786 5443 opinionem

198 5456 491 5511 iubebant.
519 5460 797 5527 Quomodo
821 5476 950 5530 ergo
971 5464 1178 5532 negavit
1204 5464 1226 5517 ?
1248 5463 1364 5519 Non
1387 5466 1557 5533 dixit,
1588 5466 1659 5521 Ut
1682 5483 1785 5521 non

193 5568 361 5620 neges
385 5592 403 5618 ,
464 5553 581 5617 sed,
627 5553 693 5609 Ut
740 5572 843 5608 non
872 5555 1088 5611 deﬁciat
1119 5557 1253 5612 ﬁdes
1278 5599 1293 5622 ,
1346 5566 1407 5612 ut
1434 5575 1539 5613 non
1568 5562 1788 5614 omnino

198 5651 402 5708 pereat.
458 5640 601 5698 Illius
646 5646 787 5701 cnim
830 5663 957 5702 cura
991 5646 1043 5699 id
1070 5647 1268 5702 factum
1293 5660 1377 5705 est
1409 5667 1423 5704 :
1462 5666 1583 5706 nam
1614 5662 1785 5707 metus

261 5812 278 5846 ¹
318 5815 461 5865 Alias
484 5816 679 5881 legitur,
701 5823 1015 5883 negationem,
1043 5838 1145 5885 pro,
1174 5826 1377 5886 lapsam.

526 5898 791 5957 ΡΑτιιιιι..
838 5900 954 5956 (in.
1012 5900 1217 5959 l.‘tlil.

3412 445 3514 501 7εὲ

1940 528 2116 582 omnia
2155 532 2316 601 cjeeit
2351 554 2362 589 :
2392 539 2581 608 ingens
2621 547 2764 600 enim
2792 559 2943 617 erat;
2978 554 3163 624 ingens
3206 574 3333 616 tero
3370 561 3465 618 iuit
3499 607 3514 630 ,

1936 618 2056 684 quia
2093 624 2291 678 auxilio
2340 643 2437 682 suo
2472 634 2611 689 Dens
2646 638 2793 693 illum
2821 641 3109 699 admodum
3142 649 3393 705 nudavit:
3422 657 3516 709 ad-

1934 710 2150 766 modum
2179 732 2307 773 vero
2330 724 2564 789 nudavit,
2602 729 2725 797 quia
2763 734 3054 791 vehemens
3085 739 3135 793 in
3164 741 3255 794 iilo
3299 746 3516 801 morbus

1940 814 2057 903 erat
2082 811 2399 876 arrogantize
2429 826 2483 867 et
2511 823 2972 881 contradictionis.
3002 828 3070 884 Ut
3096 845 3225 903 ergo
3261 835 3513 890 radicitus

1935 890 2075 948 hunc
2099 901 2342 959 morbum
2375 909 2592 966 tolleret
2616 954 2629 972 .
2661 916 2780 971 ideo
2813 924 3051 989 permisit
3080 934 3134 976 ιιι
3162 926 3308 981 illum
3339 941 3519 989 terror

1935 988 2232 1046 invaderet.
2274 1000 2405 1063 Quia
2446 1005 2589 1059 enim
2634 1008 2921 1066 vehemens
2952 1015 3000 1068 iu
3037 1017 3125 1070 illo
3182 1019 3265 1073 hic
3292 1025 3511 1077 morbus-

1933 1091 2068 1147 erat,
2096 1100 2202 1137 non
2232 1089 2390 1144 modo
2418 1100 2474 1147 et
2519 1101 2791 1167 prophettr
2818 1116 2869 1158 et
2901 1108 3112 1163 Christo
3142 1117 3507 1187 contradixit,

1929 1175 2024 1229 sed
2073 1179 2232 1234 etiam
2284 1195 2469 1252 postea
2499 1202 2618 1242 cum
2663 1192 2901 1251 Christus
2938 1200 3181 1269 dixisset,
3217 1207 3303 1261 δι.
3349 1208 3509 1263 Amen

1931 1268 2045 1321 dico
2073 1270 2421 1339 tibi,quoniam
2449 1278 2545 1331 hac
2573 1295 2716 1337 nocte
2738 1326 2751 1347 ,
2803 1300 3071 1361 antequam
3098 1297 3268 1366 gallus
3296 1312 3461 1355 cantet
3490 1345 3506 1369 ,

1929 1370 2004 1413 ter
2030 1380 2108 1415 me
2147 1369 2371 1435 negabis,
2404 1375 2677 1440 respondit
2703 1395 2716 1429 :
2746 1380 2833 1433 55.
2883 1381 3099 1438 Etiamsi
3127 1394 3401 1455 oportuerit
3433 1410 3512 1446 me

1930 1456 2061 1506 mori
2087 1465 2268 1519 tecum,
2299 1478 2397 1514 non
2425 1474 2472 1517 te
2501 1470 2709 1536 negabo.
2764 1470 2934 1528 Lucas
2963 1475 3114 1545 (Cap.
3145 1478 3233 1532 εἳ.
3264 1482 3359 1551 3i)
3381 1498 3509 1537 vero

1927 1549 2091 1606 addit.
2133 1565 2329 1619 quanto
2361 1558 2531 1627 magis
2571 1560 2815 1618 Christus
2864 1568 3114 1636 negabat,
3166 1580 3313 1625 tanto
3341 1549 3509 1645 magis

1925 1640 2138 1694 Petrum
2160 1655 2343 1698 contra
2366 1651 2722 1707 contendisse.
2753 1655 2888 1720 Quid
2913 1661 3012 1712 hoc
3033 1670 3133 1725 est,
3165 1662 3361 1718 Petre?
3387 1640 3508 1721 cum

1929 1736 2165 1796 dicebat,
2193 1732 2337 1792 Unus
2367 1750 2583 1796 vestrum
2625 1762 2704 1799 me
2724 1750 3004 1804 traditurus
3031 1764 3123 1814 est,
3160 1754 3385 1811 timebas
3436 1774 3504 1813 ne

1926 1837 1981 1879 tu
2030 1824 2145 1898 ipse
2198 1833 2436 1900 proditor
2464 1849 2635 1901 esses,
2666 1849 2724 1893 et
2772 1842 3199 1913 condiscipulum
3242 1847 3504 1901 sciscitari

1922 1924 2172 1990 cogehas,
2201 1928 2323 1980 licet
2371 1928 2499 1982 nihil
2532 1929 2721 1984 horum
2753 1933 2844 1987 tibi
2874 1935 3121 1989 Conscius
3149 1946 3330 2000 esses;
3362 1954 3503 1992 nunc

1922 2022 2097 2068 autem
2128 2016 2243 2086 ipso
2260 2020 2409 2074 clare
2436 2022 2701 2077 clamante
2728 2040 2790 2079 ac
2810 2024 3042 2091 dicente,
3078 2028 3262 2083 Omnes
3287 2035 3507 2085 scanda-

1923 2104 2220 2170 tizobimini.
2245 2113 2585 2177 contratlieis,
2619 2131 2717 2171 nec
2744 2119 2907 2173 semel
2939 2129 3175 2185 tantum,
3200 2121 3293 2176 sed
3339 2123 3419 2177 bis
3446 2134 3501 2178 et

1922 2198 2156 2270 pluries?
2187 2200 2299 2254 Hoc
2322 2202 2522 2273 quippe
2552 2206 2680 2262 dicit
2707 2206 2898 2265 Lucas.
2934 2211 3083 2266 Unde
3114 2229 3241 2283 ergo
3265 2214 3365 2269 hoc
3397 2216 3495 2284 ipsi

1918 2290 2186 2361 contigit?
2235 2293 2314 2347 Ex
2367 2298 2531 2351 multa
2578 2300 2823 2368 caritate,
2880 2318 2944 2358 cx
3002 2306 3165 2359 multa
3212 2306 3502 2376 voluptate.

1918 2390 2205 2456 Postquam
2234 2395 2377 2445 enim
2409 2392 2500 2447 illo
2533 2404 2736 2452 terrore
2765 2400 3024 2455 liberatus
3074 2401 3192 2466 fuit,
3223 2418 3288 2455 nc
3320 2402 3502 2471 prodi-

1917 2493 2003 2538 tor
2023 2482 2135 2550 ipse
2158 2494 2321 2549 esset,
2356 2495 2409 2539 et
2437 2488 2763 2555 proditorem
2817 2492 2982 2558 novit,
3019 2509 3138 2549 eum
3169 2495 3487 2551 confidentia

1922 2581 2105 2642 postea
2134 2573 2464 2642 lnqnebatur,
2490 2587 2543 2632 et
2563 2590 2749 2637 contra
2777 2583 2910 2637 alios
2944 2586 3452 2656 insurgebatdicens
3481 2605 3495 2643 :

1922 2664 2031 2718 Ic‘tsi
2055 2682 2225 2720 omnes
2255 2670 2590 2725 scandalizati
2611 2675 2819 2743 fuerint,
2852 2692 2943 2745 ego
2969 2695 3067 2731 non
3095 2679 3499 2733 seandalizabor.

1916 2755 2027 2810 lmo
2056 2758 2251 2829 aliquid
2277 2762 2583 2815 ambitionis
2612 2764 2696 2818 hic
2713 2776 2829 2820 erat
2853 2784 2867 2831 ;
2899 2785 3018 2822 nam
3046 2779 3098 2823 et
3124 2770 3173 2822 iu
3201 2784 3352 2825 caena
3381 2771 3500 2840 quis

1914 2863 2097 2904 eorum
2127 2853 2296 2922 major
2321 2868 2464 2910 esset
2494 2857 2894 2927 diseeptabant;
2926 2861 2996 2917 ita
3034 2863 3150 2917 illos
3173 2862 3257 2917 hic
3280 2868 3501 2921 morbus

1913 2940 2234 3010 exagitabat.
2272 2943 2473 2999 Idcirco
2520 2948 2665 3002 illum
2696 2951 2957 3015 cohibuit,
3008 2955 3204 3008 nonad
3258 2958 3501 3027 negatio-

1914 3045 2032 3085 nem
2068 3032 2387 3103 impellens;
2420 3035 2596 3102 absit;
2644 3038 2739 3094 sed
2768 3042 2971 3097 auxilio
3016 3057 3115 3098 suo
3157 3061 3381 3101 vacuum
3412 3065 3497 3104 re-

1914 3123 2180 3193 linquens,
2213 3126 2564 3199 lnuuaanne
2608 3143 2812 3191 natura:
2859 3136 3229 3192 inﬁrmitatem
3281 3141 3499 3197 demon-

1912 3228 2111 3273 strans.
2146 3219 2280 3276 Vide
2326 3231 2507 3277 autem
2551 3226 2824 3295 quomodo
2877 3241 2997 3299 post
3061 3231 3176 3287 hac
3230 3233 3496 3288 dentis-sus

1912 3304 2085 3359 fuerit.
2123 3308 2254 3363 Nam
2287 3321 2408 3380 post
2437 3318 2910 3387 resurrectionem,
2954 3321 3167 3391 quando
3192 3322 3357 3389 dixit,
3396 3325 3495 3381 llic

1910 3406 2076 3450 autent
2103 3401 2227 3469 quid
2258 3403 2434 3474 (Joan.
2462 3406 2550 3462 2t.
2582 3408 2721 3479 21)?
2764 3420 2816 3464 et
2843 3426 3124 3481 repressus
3144 3423 3246 3479 est,
3279 3430 3345 3469 ne
3365 3432 3496 3472 con-

1912 3491 2171 3548 tradicere
2201 3497 2415 3565 quidem
2463 3513 2624 3554 ausus
2663 3511 2767 3568 est,
2791 3513 2849 3557 ut
2876 3502 2982 3570 hic,
3013 3504 3105 3560 sed
3137 3509 3322 3561 tacuit.
3351 3505 3491 3562 itur-

1908 3601 2106 3655 susqne
2134 3600 2253 3659 post
2282 3594 2725 3648 resurrectionem
2769 3609 2892 3649 cum
2941 3596 3109 3662 audit,
3145 3595 3266 3652 Non
3295 3612 3369 3654 est
3412 3619 3493 3657 ve—

1909 3688 2069 3731 strum
2093 3698 2237 3735 nosse
2264 3692 2491 3751 tempora
2528 3684 2607 3737 vel
2649 3697 2900 3739 momenta
2923 3687 3056 3754 (Aet.
3095 3688 3145 3741 ί.
3179 3688 3255 3757 7),
3309 3704 3491 3745 rursus

1909 3778 2090 3843 tacuit,
2111 3798 2206 3836 nec
2233 3782 2567 3836 contradicit.
2586 3782 2892 3852 Deindeque
2916 3783 2966 3836 itt
2997 3786 3273 3838 cmuncolo
3300 3793 3356 3840 et
3376 3790 3490 3842 sin-

1907 3874 2047 3928 done
2068 3891 2189 3930 cum
2220 3876 2460 3931 audisset
2488 3893 2673 3932 vocem
2722 3877 2988 3931 dicentem
3032 3879 3156 3942 sibi,
3194 3879 3322 3940 Quae
3353 3884 3491 3937 Deus

1908 3969 2236 4037 puri/ienuit,
2288 3978 2339 4021 tu
2383 3968 2670 4021 communia
2717 3984 2780 4021 ne
2816 3968 3005 4022 dixeris
3047 3967 3169 4037 (Ib.
3222 3971 3307 4025 i0.
3359 3972 3481 4043 15),

1904 4077 2024 4114 cum
2069 4076 2174 4114 non
2228 4061 2372 4115 clare
2399 4061 2562 4115 sciret
2584 4060 2709 4131 quid
2735 4060 2835 4114 sibi
2868 4062 3031 4116 vellet
3060 4060 3212 4127 illud,
3246 4064 3445 4133 quievit
3469 4110 3484 4133 ,

1905 4167 2073 4221 neque
2101 4145 2399 4205 contendit.

1972 4246 2026 4300 4.
2077 4242 2320 4298 Voluntas
2347 4245 2453 4297 sine
2480 4245 2645 4314 gratia
2675 4262 2773 4298 non
2806 4246 2937 4316 agit,
2972 4257 3027 4299 ut
3054 4264 3143 4302 nec
3177 4249 3342 4319 gratia
3380 4251 3488 4303 sine

1900 4336 2169 4389 voluntate.
2217 4334 2473 4387 Christum
2510 4335 2706 4387 edimus
2756 4336 2808 4387 iu
2859 4334 3202 4391 Etteliaristia.
3254 4369 3323 4379 —
3364 4340 3488 4395 ch

1904 4442 2064 4494 porro
2099 4424 2273 4478 omnia
2304 4422 2483 4491 lapsus
2515 4423 2602 4478 ille
2626 4435 2876 4493 operatus
2899 4426 3011 4479 fuit.
3044 4430 3211 4482 Antea
3240 4445 3366 4484 vero
3401 4444 3482 4485 to-

1903 4526 2011 4569 tum
2058 4515 2159 4570 sibi
2197 4515 2470 4580 adscribit,
2508 4515 2694 4569 dicens
2735 4534 2747 4569 :
2782 4515 2891 4569 Etsi
2938 4536 3109 4573 omnes
3152 4525 3485 4578 seandalizati

1900 4610 2121 4677 fuerint,
2154 4624 2243 4678 ego
2280 4624 2381 4660 non
2426 4607 2829 4661 scandalizabor.
2863 4608 3073 4663 Etiamsi
3101 4615 3379 4682 oportuerit
3406 4632 3484 4667 me

1901 4700 2029 4751 ntari
2050 4710 2347 4764 tecum,non
2368 4710 2414 4751 te
2445 4700 2673 4769 negabo;
2699 4715 2817 4754 cum
2840 4700 3018 4755 dicere
3045 4708 3388 4775 oportuisset,
3423 4708 3479 4762 Si

1898 4792 2063 4860 gratia
2108 4800 2192 4843 tua
2240 4790 2410 4853 fruar;
2460 4802 2643 4846 contra
2691 4809 2817 4847 vero
2858 4806 3037 4861 postea
3086 4799 3162 4851 sic
3204 4798 3477 4870 loquitur:

1903 4882 2037 4949 Quid
2067 4883 2206 4936 nobis
2227 4885 2505 4947 attenditis,
2534 4886 2679 4952 quasi
2710 4887 2916 4955 propria
2946 4889 3126 4943 virtute
3154 4892 3227 4943 vel
3257 4892 3435 4959 pietate
3463 4894 3476 4925 '

1898 4975 2162 5042 fecerimus
2206 4975 2337 5025 [tunc
2382 4974 2641 5027 ambulare
2669 4976 2688 5046 (
2712 4977 2821 5030 det.
2851 4978 2899 5029 5.
2933 4978 3000 5033 12
3022 4980 3084 5047 μ’
3120 4981 3361 5050 Magnum
3395 4985 3480 5039 hic

1898 5064 2085 5134 dogma
2105 5065 2416 5137 accipimus,
2437 5084 2540 5121 non
2562 5068 2808 5123 suflieere
2826 5068 3054 5127 hominis
3079 5072 3361 5143 fervorem,
3378 5076 3477 5131 nisi

1897 5171 2125 5228 saperna
2158 5159 2295 5210 adsit
2340 5159 2542 5228 gratia;
2592 5160 2823 5230 itemque
2863 5162 2992 5216 nihil
3040 5177 3136 5217 nos
3169 5180 3198 5217 a
3247 5180 3475 5237 superna

1895 5253 2061 5323 gratia
2081 5252 2275 5321 jurari,
2326 5254 2424 5306 nisi
2470 5252 2758 5307 voluntatis
2796 5255 3027 5310 studium
3067 5256 3221 5312 adsit.
3268 5258 3334 5314 Et
3364 5260 3478 5316 hate

1898 5347 2054 5401 ambo
2077 5346 2365 5400 ostendunt
2392 5345 2555 5402 Jndas
2579 5358 2632 5402 et
2670 5347 2859 5402 Petrus
2892 5364 2905 5400 :
2936 5349 3021 5403 ille
3049 5365 3277 5421 namque
3313 5355 3479 5408 multo

1898 5440 2057 5493 fultus
2081 5439 2299 5500 auxilio,
2334 5438 2461 5493 nihil
2489 5438 2609 5493 hinc
2632 5437 2835 5493 fructus
2862 5442 3117 5511 pet-cepit,
3149 5445 3268 5513 quia
3289 5446 3474 5510 noluit,

1898 5545 1997 5586 nec
2023 5547 2115 5583 sua
2144 5531 2397 5594 contulit;
2443 5530 2528 5585 hic
2560 5547 2683 5586 vero
2705 5548 2823 5586 cum
2860 5536 3133 5603 proposito
3166 5536 3473 5604 voluntatis,

1894 5623 2017 5691 quia
2042 5623 2185 5676 ttullo
2205 5624 2363 5677 fultus
2393 5634 2507 5677 erat
2532 5625 2750 5689 auxilio,
2786 5626 2963 5695 lapsus
2993 5637 3094 5681 cst.
3127 5627 3257 5682 Nam
3288 5645 3351 5685 ex
3386 5629 3474 5686 his

1893 5714 2098 5768 duobus
2125 5714 2292 5768 virtus
2312 5715 2632 5771 contexitur.
2668 5716 3001 5788 Quapropter
3031 5734 3176 5788 rogo,
3208 5736 3275 5777 ne
3297 5720 3474 5777 omnia

1962 5828 1976 5857 ι
2002 5825 2114 5884 Alii,
2144 5825 2213 5875 ret
2247 5834 2485 5889 potestate.
3047 5899 3114 5958 ‘8
