4068 6214
577 400 685 460 ξ’ιῦ

577 519 642 572 ad
672 519 837 572 Deum
866 515 1215 576 remittentes,
1236 513 1582 575 dormiamus,
1609 527 1739 565 neve
1760 525 1918 578 agere
1944 506 2161 563 studen-

578 620 677 673 tis,
710 620 955 678 putemus
1001 622 1099 661 nos
1143 606 1370 676 propriis
1412 604 1680 658 laboribus
1722 613 1890 657 totum
1936 602 2162 655 frctnros

575 717 717 758 esse.
749 701 932 767 Neque
975 702 1119 755 enim
1161 714 1257 753 nos
1292 700 1512 770 supinos
1542 713 1662 751 esse
1690 697 1795 749 vult
1831 697 1986 749 Dens.
2041 694 2163 747 Ideo

578 809 680 848 non
716 802 882 847 totum
913 794 1027 861 ipse
1074 792 1282 861 perlicit
1304 832 1318 852 ,
1367 805 1539 859 neque
1570 789 1680 841 vult
1711 803 1809 841 nos
1855 794 2162 854 arrogantes

576 902 716 939 esse.
740 884 1075 953 Quapropter
1106 898 1209 936 non
1230 890 1399 934 totum
1420 880 1572 934 nobis
1595 879 1761 942 dedit,
1788 877 1880 931 sed
1916 879 2162 945 utrinque

579 992 769 1031 noxam
807 976 1080 1036 auferens,
1122 972 1263 1043 quod
1317 981 1433 1026 erat
1491 972 1620 1026 utile
1669 970 1902 1038 reliquit.
1962 969 2162 1023 Idcirco

577 1068 919 1137 coryphazum
950 1064 1146 1120 cadere
1175 1063 1416 1134 permisit
1438 1103 1454 1125 ,
1492 1071 1551 1117 ιιι
1582 1061 1727 1115 illum
1756 1060 2161 1114 moderatiorem

580 1160 848 1216 redderet.
897 1158 1047 1211 et-ad
1098 1156 1353 1221 majorem
1403 1157 1677 1207 caritatem
1729 1148 2165 1206 imlucerct:Ci¢i

577 1252 729 1311 enim,
763 1248 950 1316 inquit,
970 1248 1093 1317 .plns
1119 1247 1378 1299 remissum
1403 1244 1575 1314 fuerit,
1594 1244 1635 1295 is
1653 1243 1809 1311 magis
1821 1240 2160 1312 diliget(Luc.

579 1343 631 1397 7.
663 1339 777 1412 47).
810 1341 917 1393 fico
944 1340 1101 1408 igitur
1131 1337 1328 1405 ubique
1355 1336 1741 1403 obsequantur;
1776 1348 1875 1386 nec
1898 1332 2166 1386 con'radi-

579 1449 765 1487 camus
791 1432 863 1495 ei,
895 1430 1107 1484 etiamsi
1135 1429 1181 1482 id
1212 1427 1351 1496 quod
1381 1427 1529 1489 dicit,
1560 1424 1752 1479 rationi
1777 1435 1833 1479 et
1862 1422 2162 1493 intelligen-

580 1525 666 1578 tiae
693 1533 889 1576 nostra:
917 1519 1241 1573 contrarium
1275 1517 1516 1570 videatur
1547 1532 1560 1569 :
1590 1514 1684 1568 sed
1719 1513 2007 1582 przevaleat
2050 1512 2165 1582 ejus

582 1629 759 1669 sermo
787 1612 976 1667 rationi
1022 1621 1075 1663 et
1122 1607 1484 1678 intelligentiae
1535 1615 1755 1660 nostrae.
1785 1603 1875 1661 Sic
1899 1606 2060 1659 etiam
2111 1605 2162 1659 in

580 1706 849 1778 mysteriis
880 1704 1156 1766 faciamus,
1193 1717 1297 1755 non
1338 1716 1401 1755 ea
1432 1698 1606 1754 solum
1634 1715 1754 1769 qum
1798 1698 1900 1753 sub
1944 1714 2162 1755 sensum

576 1798 770 1852 cadunt
799 1796 1169 1862 respicientes,
1216 1792 1311 1847 sed
1352 1790 1512 1845 verba
1543 1792 1660 1860 ejus
1697 1790 2006 1845 retinentes.
2036 1789 2164 1845 Ver-

577 1892 702 1947 bum
731 1890 923 1960 quippe
946 1888 1063 1954 ejus
1111 1885 1297 1939 fallere
1335 1884 1551 1953 nequit;
1589 1897 1783 1938 sensus
1830 1896 1957 1936 vero
1984 1890 2166 1937 noster

579 1982 734 2037 facile
755 1979 1034 2049 decipitur.
1060 1976 1296 2032 Verbum
1318 1974 1432 2044 ejus
1452 1988 1739 2044 numquam
1768 1973 1998 2039 excidit;
2038 1988 2164 2028 sen-

578 2089 670 2128 sus
698 2088 825 2126 vero
851 2084 995 2139 szepe
1018 2067 1239 2121 fallitur.
1284 2066 1546 2134 Quoniam
1579 2079 1707 2119 vero
1746 2064 1834 2118 ille
1863 2063 2017 2125 dixit,
2052 2063 2166 2118 Hoc

578 2174 649 2218 est
670 2178 855 2230 corpus
885 2176 1071 2225 meum,
1099 2158 1553 2226 obtemperemus,
1582 2153 1885 2219 credamus,
1924 2164 1977 2209 et
2000 2155 2159 2224 spiri-

577 2256 810 2313 tualibus
837 2254 1007 2308 oculis
1030 2254 1202 2321 ipsum
1230 2249 1597 2316 respiciamus.
1644 2247 1784 2302 Niltil
1824 2248 1966 2303 enim
1992 2247 2165 2301 sensi-

579 2348 684 2402 bile
712 2345 866 2403 nobis
886 2345 1131 2398 Christus
1151 2342 1295 2396 dedit
1316 2357 1331 2403 ;
1356 2339 1448 2393 sed
1472 2339 1630 2393 rebus
1642 2339 1801 2393 etiam
1823 2337 2165 2392 sensibilibus

578 2440 757 2494 omnia
781 2445 905 2493 sunt
942 2433 1256 2504 Spiritualia.
1290 2433 1379 2485 Sic
1408 2431 1552 2486 enim
1596 2437 1654 2486 et
1688 2430 1738 2483 in
1768 2428 2033 2498 baptismo
2072 2444 2168 2498 per

580 2546 690 2585 rem
713 2527 964 2583 sensilem
991 2526 1188 2579 donum
1219 2538 1371 2592 aquze
1392 2520 1724 2582 conceditur,
1751 2518 1892 2588 quod
1937 2519 2168 2574 efficitur

580 2622 856 2691 spiritualc
881 2628 982 2682 est,
1023 2614 1298 2685 generatio
1326 2622 1381 2668 et
1410 2612 1743 2680 regeneratio
1761 2653 1775 2675 ,
1808 2610 1921 2664 sive
1944 2625 2168 2666 renova-

582 2713 826 2768 tio.Nain
858 2711 900 2765 si
928 2711 1273 2776 incorporeus
1296 2718 1464 2761 esses.
1499 2702 1637 2755 nuda
1669 2700 1761 2754 tibi
1799 2701 1886 2755 illa
1910 2709 1963 2754 et
1987 2700 2166 2754 incor-

582 2818 741 2873 porca
769 2802 907 2855 dona
937 2798 1240 2857 tribuisset;
1271 2794 1363 2846 sed
1388 2794 1510 2861 quia
1537 2793 1747 2860 corpori
1772 2792 2053 2859 conjuncta
2084 2802 2165 2844 est

582 2893 776 2952 anima.
808 2893 858 2944 in
892 2888 1231 2943 sensibilibus
1273 2884 1568 2951 Spiritualia
1601 2882 1692 2935 tibi
1742 2884 1981 2950 largitur.
2022 2881 2164 2949 Quot

582 2986 815 3055 suntqui
848 2983 1005 3037 modo
1045 2981 1246 3039 dicunt,
1284 2977 1486 3031 Vellem
1530 2976 1643 3043 ejus
1667 2975 1923 3038 formam,
1960 2983 2164 3047 typum,

584 3079 920 3139 vestimenta,
972 3074 1333 3127 calceamenta
1378 3067 1598 3121 videre?
1628 3066 1763 3120 Ecce
1809 3066 1955 3118 illum
1996 3064 2164 3127 vides,

585 3172 755 3242 ipsum
787 3168 980 3235 tangis,
1031 3164 1201 3232 ipsum
1238 3158 1494 3213 comedis.
1549 3156 1616 3210 Et
1659 3166 1713 3209 tu
1761 3155 1973 3225 quidem
2002 3156 2166 3209 vesti-

586 3272 761 3318 menta
788 3260 965 3314 videre
993 3256 1140 3325 cupis
1171 3272 1184 3309 :
1216 3254 1328 3321 ipse
1369 3265 1495 3303 vero
1537 3249 1770 3316 seipsum
1800 3247 1888 3299 tibi
1922 3246 2032 3309 dat,
2061 3261 2164 3299 non

585 3354 868 3413 videndum
901 3349 1079 3413 modo,
1109 3347 1202 3402 sed
1234 3342 1557 3412 tangendnm
1580 3382 1594 3405 ,
1625 3338 2015 3393 comedendum
2039 3378 2054 3402 ,
2088 3338 2170 3391 in-

583 3460 668 3504 tus
709 3442 1094 3513 accipiendnm.
1145 3436 1311 3491 Nemo
1370 3435 1547 3503 itaque
1595 3446 1859 3485 nauseans
1910 3430 2163 3495 accedat,

586 3555 743 3595 nemo
773 3536 1049 3593 remissus,
1074 3543 1263 3583 omnes
1298 3526 1570 3581 ardentes.
1595 3539 1783 3578 onmes
1819 3522 2088 3577 ferventes
2114 3533 2166 3577 ct

583 3630 817 3687 excitati.
848 3627 976 3680 Nam
1005 3627 1046 3677 si
1077 3621 1245 3677 .ludwi
1277 3627 1499 3680 stantes,
1528 3617 1771 3679 calceati,
1807 3615 2026 3669 buculos
2056 3631 2167 3668 ma-

585 3724 741 3778 nibus
772 3729 1034 3783 tenentes,
1068 3730 1188 3770 cum
1224 3712 1568 3766 festinatione
1592 3707 1966 3770 comedebaut,
2000 3705 2167 3760 multo

584 3814 751 3885 magis
800 3822 852 3866 te
901 3810 1119 3879 vigilare
1149 3812 1379 3874 oportet.
1432 3799 1512 3854 llli
1557 3800 1699 3853 enim
1732 3799 1782 3852 in
1831 3796 2163 3851 Palmstinam

585 3908 704 3962 ituri
732 3911 903 3968 erant,
953 3901 1179 3968 ideoque
1224 3897 1487 3948 viatorum
1528 3891 1728 3945 cultum
1772 3888 2076 3952 habebant;
2110 3899 2163 3941 tu

583 4013 712 4054 vero
734 4001 784 4050 in
813 3995 1000 4048 cielum
1032 3991 1352 4059 migraturus
1375 4000 1451 4039 es.

655 4090 709 4144 5.
752 4086 974 4155 Indigna
1011 4079 1293 4135 communio
1332 4083 1575 4146 quantum
1627 4074 1836 4127 malum.
1878 4070 2077 4125 Caritas
2120 4081 2167 4123 et

584 4176 954 4249 magniﬁcentia
1006 4172 1193 4226 Christi
1239 4171 1290 4221 in
1347 4164 1688 4220 Euclmristia.
1718 4162 2166 4227 —Qnamobrcm

587 4278 802 4340 oportet
838 4279 1053 4334 semper
1077 4260 1297 4331 vigilare
1324 4276 1336 4310 :
1370 4274 1473 4312 non
1506 4270 1726 4325 parvum
1757 4254 1899 4308 enim
1929 4253 2168 4306 imminet

583 4360 901 4432 supplicium
922 4357 985 4411 iis
1011 4354 1099 4425 qui
1133 4352 1345 4422 indigne
1370 4347 1781 4402 communicant.
1801 4345 1982 4413 Cogita
1999 4358 2169 4413 quan-

585 4466 695 4511 tum
729 4460 912 4509 contra
945 4448 1267 4519 protlittiruttt
1298 4439 1586 4511 indignaris
1609 4480 1622 4503 ,
1659 4446 1711 4491 et
1742 4446 1923 4492 contra
1956 4450 2049 4490 eos
2076 4436 2165 4505 qui

583 4547 854 4602 Christqu
887 4541 1287 4596 criicilixcrunt.
1320 4532 1463 4587 Cave
1508 4545 1669 4600 ergo,
1704 4545 1769 4583 ne
1815 4539 1868 4580 tu
1902 4529 2014 4597 ipse
2043 4542 2168 4581 reus

586 4639 661 4691 sis
692 4634 932 4705 corporis
974 4640 1029 4685 et
1072 4626 1342 4697 sanguinis
1378 4621 1595 4677 Christi.
1632 4619 1704 4674 Illi
1732 4634 1941 4671 sacrum
1973 4631 2168 4686 corpus

589 4726 942 4786 trucidarunt,
975 4735 1030 4776 tu
1060 4731 1177 4790 post
1203 4728 1277 4773 tot
1314 4714 1568 4771 beneficia
1599 4727 1719 4768 cum
1758 4710 1969 4764 sordida
1994 4708 2165 4762 susci-

593 4825 672 4893 pis
693 4818 894 4875 anima.
920 4813 1104 4884 Neque
1142 4811 1285 4865 enim
1329 4806 1457 4861 satis
1503 4804 1682 4859 habuit
1722 4802 1987 4855 hominem
2030 4800 2164 4865 fieri,

588 4915 757 4985 alapis
783 4909 937 4972 cardi,
966 4905 1252 4965 immolari,
1271 4899 1366 4956 sed
1394 4900 1625 4970 scipsum
1656 4896 1965 4952 commiscet
1991 4893 2170 4948 nobis-

591 5023 713 5062 eutn
737 5047 756 5074 ,
788 5022 892 5060 non
922 5001 1024 5056 fide
1054 5009 1256 5053 tantum
1283 5037 1297 5061 ,
1326 4992 1418 5048 sed
1458 4992 1629 5061 reipsa
1655 5004 1751 5043 nos
1788 5003 1983 5057 corpus
2012 5001 2166 5040 suum

595 5096 890 5153 constituit.
908 5095 1112 5162 Quanta
1127 5103 1254 5159 ergo
1273 5087 1496 5158 puritate
1514 5088 1785 5153 oporteret
1808 5096 1926 5133 eum
1946 5092 2062 5131 esse
2078 5078 2167 5146 qui

601 5191 701 5243 hoc
729 5188 919 5242 fruit-tr
945 5181 1250 5240 sacrificio?
1288 5186 1486 5249 quanto
1514 5172 1675 5228 radiis
1700 5173 1961 5225 solaribus
1991 5170 2172 5239 purio-

597 5296 709 5336 rem
735 5295 857 5333 es~e
885 5284 1154 5349 oporteret
1193 5286 1406 5327 manum
1450 5268 1612 5325 illam.
1645 5278 1764 5334 qua:
1796 5262 1929 5315 hanc
1953 5276 2166 5315 carnem

591 5381 758 5434 secat,
790 5386 850 5423 os
877 5366 1015 5437 quod
1058 5362 1317 5434 spirituali
1349 5359 1582 5429 repletur
1612 5357 1761 5426 igne,
1805 5353 2033 5422 linguam
2065 5360 2170 5405 tre-

598 5465 792 5522 mendo
812 5462 1070 5533 Sanguine.
1097 5456 1348 5512 tinctam?
1368 5455 1548 5524 Cogita
1580 5457 1834 5521 quantum
1858 5446 2079 5512 adeptus
2098 5442 2171 5497 sis

600 5555 900 5615 honorem?
929 5568 1030 5624 qua
1062 5549 1254 5605 fruaris
1292 5543 1519 5601 mensa?
1546 5538 1696 5609 Quod
1733 5536 1906 5607 angeli
1940 5543 2173 5589 tremunt

597 5652 857 5714 videntes,
890 5661 985 5698 m-c
1016 5644 1131 5697 sine
1159 5648 1300 5693 metu
1321 5634 1581 5703 respicere
1602 5629 1798 5682 audi-nt
1815 5628 1883 5679 ob
1909 5624 2171 5695 fulgorem

603 5740 727 5793 indu
758 5745 1083 5799 manantem,
1108 5749 1172 5782 eo
1204 5744 1301 5782 nos
1326 5727 1537 5787 alimur,
1570 5721 1691 5774 huic
1720 5719 2132 5773 contmisccmur
2154 5758 2170 5781 ,

602 5832 830 5898 lautique
874 5838 1051 5878 sumus
1107 5818 1303 5872 Christi
1355 5830 1512 5868 uutnn
1569 5828 1763 5874 corpus
1812 5822 1863 5864 ιιι
1903 5824 1999 5864 una
2027 5824 2172 5859 caro.

1291 398 1345 452 S.
1387 397 1664 453 JO.\N.\'lS
1700 392 2171 450 CHRYSOSTOMI
2212 394 2528 451 ARCHIEP.
2570 396 3100 458 CONSTANTINOP.
3683 416 3751 475 ῖιι

2278 506 2406 574 Quis
2432 509 2663 578 loquetur
2685 516 2934 579 potentias
2974 516 3223 571 Domini?
3262 520 3452 573 auditas
3484 526 3611 593 faciet
3636 545 3753 588 om

2269 597 2446 652 laudes
2466 601 2573 669 ejus
2601 606 2617 671 (
2650 602 2796 657 Psal.
2826 606 2948 661 f03.
2977 606 3013 661 2
3034 607 3091 675 )?
3116 607 3246 674 Quis
3273 621 3445 678 pastor
3482 618 3668 685 propriis
3688 622 3754 676 sibi

2271 692 2525 745 membris
2551 709 2680 750 oves
2700 698 2905 750 nutrit?
2933 699 3133 769 Ecquid
3163 712 3424 769 pastorem
3449 704 3589 761 dico?
3622 710 3758 768 Matres

2269 798 2411 851 smpe
2440 795 2582 849 sunt,
2613 804 2731 855 qnze
2761 799 2877 856 post
2902 802 3111 858 parium
3142 792 3159 823 '
3188 793 3405 849 infantes
3421 796 3529 850 aliis
3543 801 3758 859 nutricibus

2268 874 2434 928 dant:
2468 877 2579 944 ipse
2624 893 2750 932 vero
2791 880 2841 933 id
2872 895 2975 934 neu
3006 897 3190 950 passus
3230 893 3331 948 est,
3363 886 3451 939 sed
3486 904 3571 941 nos
3608 898 3760 961 proper

2268 967 2527 1034 sanguine
2545 968 2729 1034 nutrit,
2760 982 2812 1024 et
2837 987 2932 1041 per
2962 974 3138 1027 omnia
3170 975 3270 1029 sibi
3293 978 3512 1045 copulat.
3541 980 3759 1039 Considera

2269 1067 2442 1112 autent
2476 1074 2490 1110 :
2522 1074 2587 1113 ex
2618 1072 2795 1115 nostra
2824 1062 3119 1119 substantia
3149 1075 3304 1119 natus
3334 1078 3432 1121 est.
3461 1069 3575 1133 Sed,
3595 1074 3759 1142 inquies,

2267 1149 2399 1203 nihil
2426 1152 2526 1205 hoc
2569 1151 2635 1206 ad
2686 1169 2873 1209 omnes
2903 1156 3131 1224 pertinet
3163 1172 3177 1211 :
3206 1174 3514 1228 quamquam
3554 1163 3610 1215 ad
3633 1179 3764 1221 omnes

2268 1250 2435 1296 certe.
2456 1242 2514 1297 Si
2537 1243 2681 1297 enim
2717 1244 2784 1297 ad
2821 1255 3068 1300 naturam
3109 1257 3343 1302 nostram
3373 1252 3538 1315 venit,
3562 1254 3705 1322 utique
3722 1259 3764 1310 ad

2269 1348 2458 1387 omnes
2478 1335 2622 1389 venit
2652 1352 2665 1389 :
2698 1336 2743 1390 si
2781 1347 2960 1391 autem
2998 1338 3066 1392 ad
3092 1353 3279 1394 omnes
3304 1341 3459 1394 etiam
3489 1342 3547 1395 ad
3576 1344 3764 1413 singulis.

2272 1426 2339 1480 Et
2363 1428 2653 1497 quomodo,
2687 1429 2915 1499 inquies,
2969 1445 3072 1483 non
3102 1447 3289 1485 omnes
3332 1432 3465 1488 hunc
3500 1432 3687 1489 fructum
3708 1454 3769 1491 si:-

2268 1520 2568 1587 ceperunt?
2595 1520 2648 1575 ιιι
2693 1530 2841 1576 certe
2897 1539 3001 1575 non
3048 1524 3119 1577 illi
3161 1524 3555 1579 adscribendum
3595 1529 3665 1595 qui
3702 1544 3768 1599 pro

2269 1610 2515 1665 omnibus
2544 1611 2670 1666 illud
2694 1612 2913 1681 delegit,
2937 1613 3030 1667 sed
3059 1614 3161 1668 illis
3190 1616 3280 1685 qui
3310 1616 3597 1671 noluerunt.
3621 1616 3769 1686 Cuique

2269 1702 2411 1756 enim
2441 1703 2579 1757 fideli
2614 1719 2708 1774 per
2736 1703 2838 1757 hoc
2866 1705 3174 1775 mysterium
3205 1720 3265 1759 se
3299 1707 3589 1776 conjungit,
3615 1716 3658 1761 et
3678 1724 3770 1776 quos

2269 1794 2474 1862 genuit,
2506 1809 2601 1862 per
2627 1807 2686 1848 se
2715 1794 2901 1860 nutrit,
2949 1810 3124 1865 neque
3153 1796 3244 1850 alii
3284 1797 3474 1861 tradit;
3507 1797 3678 1868 hocque
3708 1801 3768 1854 tibi

2270 1883 2431 1937 modo
2462 1885 2669 1952 prohat,
2701 1899 2759 1939 se
2798 1900 3013 1940 carnem
3053 1887 3329 1955 accepisse
3373 1899 3528 1942 tuam.
3564 1888 3772 1959 Neitaqne

2271 1987 2461 2043 segnes
2488 1975 2655 2029 simus
2683 1985 2828 2029 tanta
2872 1975 3073 2046 dignati
3113 1978 3339 2033 caritate
3366 1988 3419 2034 et
3448 1989 3583 2036 tanto
3607 1978 3771 2039 honore.

2270 2063 2383 2118 Non
2406 2064 2596 2119 videtis
2624 2075 2825 2133 quanto
2850 2067 3050 2136 impetu
3077 2068 3307 2123 infantes
3328 2069 3458 2123 labia
3484 2085 3570 2123 sua
3594 2072 3775 2125 mamilla

2271 2154 2627 2210 admoveant?
2653 2155 2786 2210 Cum
2817 2158 3007 2211 eodem
3030 2158 3207 2211 studio
3237 2174 3337 2213 nos
3366 2159 3429 2212 ad
3458 2160 3580 2214 hanc
3604 2160 3772 2215 εωθιιι·

2274 2262 2390 2301 mus
2418 2263 2680 2312 mensam,
2703 2258 2756 2301 et
2780 2249 2845 2301 ad
2865 2249 3153 2303 mamillam
3182 2250 3472 2321 spiritualis
3494 2253 3672 2320 poculi;
3703 2255 3779 2305 imo

2272 2354 2401 2392 vero
2426 2339 2630 2408 majore
2656 2354 2775 2394 eum
2793 2339 2995 2407 studio,
3039 2349 3095 2394 ut
3124 2340 3383 2395 lactentes
3410 2343 3545 2411 pueri
3564 2385 3578 2403 ,
3610 2343 3777 2412 gratiam

2270 2430 2498 2499 Spiritus
2523 2429 2854 2484 attrahamus
2885 2449 2899 2485 :
2934 2445 3176 2500 unuSque
3202 2431 3361 2486 nobis
3388 2432 3453 2485 sit
3476 2433 3629 2498 dolor,
3654 2433 3687 2485 si
3707 2431 3779 2485 hoc

2272 2521 2528 2590 Spirituali
2558 2520 2814 2575 alimento
2846 2520 3133 2590 priremur.
3165 2521 3282 2575 Non
3311 2532 3433 2576 sunt
3471 2523 3680 2577 humanae
3704 2522 3780 2574 rir-

2274 2611 2401 2664 tutis
2429 2609 2543 2663 bzec
2569 2625 2751 2680 opera.
2776 2609 2823 2663 Is
2848 2610 2938 2680 qui
2967 2619 3092 2665 tunc
3106 2610 3159 2665 in
3188 2612 3279 2665 illa
3310 2626 3460 2668 cinna
3479 2611 3780 2675 hiecmmfecit,

2272 2712 2323 2756 et
2355 2716 2493 2757 nunc
2537 2704 2699 2757 etiam
2746 2712 3017 2771 operatur.
3052 2702 3158 2756 Nos
3198 2705 3551 2758 ministrorum
3588 2705 3781 2758 habemus

2272 2796 2512 2850 ordinem
2537 2812 2551 2848 :
2577 2797 2663 2866 qui
2697 2810 2825 2850 vero
2852 2797 2939 2849 illa
2980 2797 3277 2851 sanctiﬁcat
3306 2809 3359 2852 et
3389 2808 3685 2861 transmutat,
3703 2800 3781 2865 ipse

2272 2900 2373 2943 est.
2402 2887 2589 2943 Nullus
2618 2903 2747 2957 ergo
2773 2887 2938 2942 Judas
2961 2888 3121 2953 adsit,
3176 2888 3359 2943 nullus
3396 2903 3574 2941 avarus
3601 2906 3612 2940 :
3638 2889 3672 2940 si
3692 2888 3779 2955 quis

2271 2981 2564 3050 discipulus
2596 2996 2699 3035 non
2732 2990 2833 3042 est.
2860 2982 3076 3035 recedat
3111 2998 3123 3033 :
3156 2998 3263 3035 non
3293 2983 3480 3050 recipit
3517 2982 3616 3036 hinc
3647 2997 3781 3035 mensa

2271 3090 2366 3129 eos
2394 3076 2484 3145 qui
2510 3075 2642 3128 tales
2674 3090 2779 3128 non
2823 3083 2968 3128 sunt.
2997 3075 3131 3129 Cum
3162 3074 3461 3145 discipulis,
3491 3076 3654 3143 inquit,
3687 3072 3780 3125 meis

2273 3166 2409 3221 facio
2430 3167 2647 3237 pascha.
2680 3166 2801 3221 Haec
2839 3167 2949 3234 ipsa
2984 3181 3167 3220 mensa
3202 3177 3287 3221 est
3308 3208 3324 3229 ,
3357 3182 3473 3237 qua:
3514 3165 3628 3220 nihil
3653 3168 3779 3217 annos

2272 3274 2427 3330 quam
2472 3257 2558 3311 illa
2600 3256 2781 3311 habet.
2822 3256 3008 3326 Neque
3054 3258 3195 3311 enim
3246 3258 3389 3312 illam
3413 3255 3777 3317 Christus,hanc

2274 3351 2432 3405 homo
2459 3349 2625 3405 facit:
2658 3348 2749 3402 sed
2772 3358 2826 3405 et
2850 3351 2985 3402 hanc
3029 3360 3083 3402 et
3113 3349 3256 3402 illam
3289 3350 3419 3418 ipse.
3454 3349 3556 3403 lloc
3594 3345 3693 3400 illud
3723 3352 3777 3397 est

2271 3443 2621 3507 cmnaculum,
2666 3443 2752 3495 ubi
2784 3452 2909 3495 tunc.
2946 3451 3134 3505 erant;
3167 3440 3294 3495 hinc
3328 3442 3393 3495 ad
3426 3441 3633 3495 Montem
3657 3439 3774 3490 oliva-

2274 3550 2387 3589 rum
2415 3535 2656 3588 exierunt
2689 3548 2823 3587 :nos
2866 3548 3123 3587 exeamus
3176 3533 3241 3585 ad
3291 3547 3477 3586 manus
3515 3543 3772 3601 pauperum:

2274 3629 2360 3682 hic
2406 3628 2546 3680 enim
2601 3626 2843 3680 locusest
2899 3628 3045 3682 Mons
3091 3625 3375 3679 olivarum.
3423 3624 3574 3680 Olivze
3611 3634 3774 3689 namque

2275 3723 2522 3792 plantatte
2551 3718 2601 3770 in
2633 3716 2793 3770 domu
2825 3716 2914 3769 Dei
2936 3724 3061 3769 sunt
3084 3731 3378 3785 pauperum
3408 3714 3676 3777 multitudo,
3693 3726 3771 3779 qua

2271 3812 2472 3867 stillant
2498 3809 2695 3873 oleum,
2728 3807 2865 3876 quod
2890 3806 2997 3859 illic
3021 3807 3174 3860 nobis
3199 3808 3327 3862 utile
3349 3811 3448 3861 erit
3475 3825 3489 3860 :
3519 3806 3640 3875 quod
3664 3802 3770 3872 quin-

2270 3918 2376 3973 que
2424 3902 2525 3954 ilhc
2572 3900 2800 3969 rirgines
2851 3897 3172 3964 habuerunt,
3199 3909 3408 3953 caetera:
3436 3914 3554 3953 γιτο
3577 3914 3675 3967 qua:
3705 3910 3771 3948 non

2274 3997 2395 4051 hinc
2421 4000 2762 4061 acceperant,
2784 3991 3073 4060 perierunt.
3102 3989 3213 4045 Hoc
3228 3992 3543 4061 accipientes
3559 3991 3772 4048 intremns,

2273 4097 2331 4140 ut
2377 4082 2698 4153 fulgentibus
2729 4080 3063 4149 lampadibus
3104 4080 3171 4133 ad
3214 4096 3470 4147 sponsum
3506 4078 3773 4133 accedamus.

2274 4178 2383 4232 lloc
2424 4154 2745 4242 accipientes
2773 4169 2897 4224 hinc
2939 4168 3298 4237 cgrediamur.
3342 4167 3776 4223 Nemoinhumatnts

2273 4268 2509 4323 accedat.
2527 4278 2683 4318 nemo
2708 4260 2937 4315 crudelis
2954 4272 3005 4313 et
3032 4261 3374 4315 immisericoi
3387 4275 3432 4324 s,
3454 4275 3598 4315 nemo
3615 4257 3775 4310 omnino

2275 4362 2537 4429 impurus.

2344 4449 2396 4503 6.
2425 4448 2547 4502 llzec
2572 4444 2723 4510 vobis
2748 4443 2834 4513 qui
2861 4441 3267 4496 con‘imuniratis
3292 4440 3433 4504 dico,
3461 4454 3644 4494 necnon
3668 4432 3773 4486 vobis

2273 4546 2360 4619 qui
2392 4541 2724 4597 ministratis.
2756 4537 2886 4591 Nam
2914 4551 3129 4589 necesse
3157 4544 3242 4589 est
3268 4550 3363 4589 vos
3390 4533 3594 4605 al'oqni,
3619 4542 3664 4585 ut
3688 4544 3772 4585 cum

2276 4636 2438 4693 multa
2470 4630 2735 4700 diligentia
2768 4628 2881 4681 haec
2918 4628 3053 4680 dona
3095 4626 3442 4681 distribuatis.
3472 4626 3575 4680 Non
3614 4637 3770 4691 parmai

2275 4729 2424 4782 vobis
2461 4723 2774 4793 supplicium
2803 4720 3110 4788 deputatum
3140 4730 3221 4772 est
3240 4759 3258 4784 ,
3289 4719 3332 4773 si
3363 4735 3514 4787 quem
3543 4717 3771 4786 improbum
3827 4766 3833 4773 ,

2274 4821 2423 4876 vobis
2451 4826 2633 4872 notum
2663 4814 2727 4868 ad
2758 4812 2912 4882 hujus
2943 4826 3139 4866 mentm
3179 4813 3611 4882 participationem
3636 4806 3777 4859 admit-

2277 4916 2417 4971 taiis.
2467 4909 2693 4979 Sanguis
2739 4906 2856 4976 ejus
2901 4906 3207 4977 exquiretur
3244 4905 3312 4957 de
3358 4905 3584 4958 manibus
3617 4896 3775 4952 vestris

2274 5004 2527 5077 Quamvis
2561 5000 2665 5054 dus
2707 4996 2964 5067 quispiam
2995 4995 3057 5048 sit
3080 5036 3096 5060 ,
3125 4996 3365 5064 quamvis
3395 4993 3673 5065 prarfectus,
3696 4985 3779 5077 sive

2278 5074 2320 5156 i;
2351 5100 2461 5167 ipse
2488 5093 2577 5163 qui
2606 5088 2905 5144 diademate
2942 5085 3239 5151 redimitur,
3269 5087 3311 5139 si
3350 5085 3548 5153 indigne
3584 5074 3776 5167 accedat.

2276 5163 2504 5253 cohibe;
2534 5182 2793 5252 majorem
2831 5188 2886 5234 tu
2924 5193 3083 5248 quam
3121 5178 3208 5232 ille
3240 5186 3537 5247 potestatem
3567 5171 3715 5226 habes.
3737 5163 3777 5218 Si

2279 5287 2371 5343 lilii
2404 5281 2521 5336 fons
2551 5288 2714 5348 purus
2742 5272 2886 5343 gregi
2925 5271 3301 5325 custodiendus
3330 5270 3619 5325 commissus
3642 5268 3776 5321 esset.

2279 5398 2340 5436 ac
2370 5376 2577 5431 videres
2600 5384 2660 5423 os
2687 5369 2802 5420 ovis
2827 5364 3118 5434 eujuspiam
3148 5366 3253 5417 luto
3278 5362 3537 5423 ιωιιοιυτη,
3563 5371 3649 5411 non
3671 5353 3781 5404 sine.

2281 5489 2365 5529 res
2391 5466 2623 5524 demisso
2647 5459 2820 5529 capite
2841 5456 3093 5511 fluentum
3117 5457 3345 5509 turbare.
3372 5452 3513 5507 Nunc
3536 5462 3624 5501 non
3644 5456 3779 5512 aquzl'.

2279 5564 2370 5619 sed
2398 5553 2689 5626 sanguinis,
2718 5561 2771 5605 et
2790 5550 3010 5619 spiritus
3037 5547 3161 5600 fonti
3187 5543 3517 5601 custodiendo
3535 5540 3778 5626 deputati“.

2271 5617 2324 5700 si
2334 5617 2573 5716 peccatis
2592 5653 2737 5698 terra
2754 5653 2809 5699 et
2824 5617 2939 5697 luto
2958 5639 3276 5697 fiedioribns
3292 5635 3581 5708 inquinatos
3595 5617 3780 5681 accede“

2331 5788 2347 5819 ί
2375 5786 2507 5845 Hice,
2532 5792 2641 5851 post
2668 5794 2883 5849 partum,
2908 5783 3090 5831 desunt
3113 5778 3159 5830 in
3183 5778 3347 5828 Morel.
