4068 6214
351 195 455 254 7ιό

333 331 398 368 re.
414 315 617 379 videas,
635 331 736 369 nec
758 316 1076 386 indigneris,
1102 331 1201 372 nec
1220 318 1497 384 cohibens,
1518 335 1681 391 quam
1709 320 1924 378 veniam

335 407 640 461 merearis?
661 408 870 462 Idcirco
909 422 1003 463 vos
1022 408 1165 464 Deus
1207 411 1309 466 hoc
1332 411 1537 466 honore
1568 414 1844 469 decoravit
1866 424 1926 469 ut

330 496 453 550 haec
466 497 810 552 discernatis.
820 496 944 552 Ilaec
962 508 1141 553 vestra
1154 500 1390 570 dignitas
1400 502 1624 567 est,h:ec
1633 505 1923 570 securitas,

329 588 450 643 haec
466 604 696 653 corona,
720 607 825 645 non
853 603 909 646 ut
934 593 1054 648 alba
1073 594 1497 665 splendenteque
1532 599 1715 654 tunica
1744 598 1921 654 induti

324 680 705 735 circumeatis.
729 681 1500 753 Etundenam,inquies,hunc
1518 696 1572 741 et
1589 688 1739 743 illum
1765 706 1927 745 nosse

330 772 583 840 possim?
609 771 725 826 Non
752 772 818 827 de
849 773 1059 844 ignotis,
1093 776 1185 831 sed
1214 776 1283 831 de
1308 778 1448 832 notis
1474 777 1678 848 loquor.
1712 782 1921 851 Aliquid

337 861 646 918 horribilius
677 866 849 920 dicam
885 884 899 921 :
930 867 1044 923 Non
1073 878 1178 922 tam
1220 885 1381 939 grave
1416 880 1499 926 est
1534 887 1924 943 enetgumenos

336 958 480 1011 intus
504 975 626 1015 esse
656 1001 673 1026 ,
701 972 759 1016 ut
786 962 883 1017 hos
907 977 1043 1031 quos
1066 963 1195 1018 dicit
1220 963 1416 1020 Paulus
1439 966 1457 1035 (
1494 965 1654 1021 Hebr.
1685 968 1773 1023 I0.
1804 968 1875 1024 9.9
1899 970 1919 1039 )

332 1050 607 1105 Clu-istum
634 1054 970 1117 conculcare,
1000 1066 1055 1111 et
1080 1057 1389 1126 sanguinem
1432 1062 1732 1115 testamenti
1772 1077 1921 1116 com-

329 1159 493 1197 nnme
523 1144 743 1211 ducere,
763 1157 922 1217 atque
951 1147 1181 1218 Spiritus
1208 1151 1431 1219 gratiam
1461 1155 1783 1208 contumelia
1804 1157 1913 1210 affi-

326 1250 473 1287 cere.
502 1235 839 1293 Dmmoniaco
857 1240 999 1293 enim
1022 1240 1263 1309 pejorest
1280 1243 1368 1311 qui
1399 1246 1635 1312 peccavit
1661 1258 1713 1301 et
1737 1262 1917 1303 acces-

326 1326 417 1377 sit.
436 1324 512 1379 IIIi
531 1328 673 1381 enim
691 1343 811 1383 cum
829 1345 856 1382 a
870 1330 1113 1387 daemone
1128 1342 1406 1399 vexantur,
1427 1351 1532 1390 non
1552 1337 1671 1393 ideo
1687 1340 1915 1407 puniun~

327 1426 414 1470 tur
446 1435 459 1470 :
496 1419 547 1471 bi
590 1434 716 1474 vero
756 1422 801 1476 si
851 1422 1062 1493 indigne
1099 1425 1383 1490 accedant,
1414 1436 1618 1483 aeterno
1654 1432 1914 1501 supplicio

326 1510 625 1567 traduntur.
653 1513 729 1568 Ne
756 1515 933 1585 itaque
960 1515 1057 1571 hos
1088 1526 1292 1572 tantum
1321 1520 1596 1589 pellamus,
1628 1523 1722 1577 scd
1750 1525 1910 1581 etiam

323 1617 513 1655 omnes
532 1643 549 1667 ,
583 1618 719 1674 quos
745 1606 1035 1661 viderimus
1065 1608 1278 1679 indigne
1313 1612 1589 1667 accedere.
1621 1613 1789 1669 Nemo
1813 1631 1908 1671 eo-

323 1708 439 1746 rum
467 1695 555 1764 qui
588 1695 833 1764 discipuli
862 1713 967 1752 non
995 1711 1118 1754 sunt
1137 1704 1514 1757 communicet.
1538 1704 1723 1759 Nullus
1746 1708 1909 1762 Judas

318 1786 553 1850 sumat',
588 1801 656 1841 ne
687 1787 839 1842 Judte
878 1790 1013 1844 mala
1061 1793 1308 1859 patiatur.
1348 1792 1553 1861 Corpus
1589 1793 1783 1851 Christi
1825 1810 1927 1869 est,

314 1878 433 1932 haec
460 1878 620 1931 etiam
660 1880 960 1935 multitudo.
996 1881 1128 1937 Vide
1155 1899 1285 1953 ergo
1315 1894 1388 1951 tu,
1415 1887 1501 1955 qui
1530 1888 1904 1957 mysteriorum

315 1967 563 2023 minister
597 1984 686 2036 es,
726 1986 793 2025 ne
837 1971 1118 2026 Dominum
1153 1974 1221 2027 ad
1263 1975 1393 2028 iram
1430 1976 1696 2041 concites.
1728 1980 1771 2033 si
1804 1979 1905 2034 hoc

310 2070 513 2125 corpus
555 2074 660 2113 non
704 2075 896 2130 purges
928 2079 942 2115 :
975 2076 1043 2116 ne
1078 2063 1314 2132 gladium
1344 2067 1443 2120 des
1482 2080 1580 2135 pro
1616 2067 1757 2123 cibo.
1796 2068 1901 2125 Sed

308 2152 530 2207 etiamsi
550 2167 661 2223 prae
671 2152 976 2223 ignorantia
989 2155 1012 2186 ‘
1024 2154 1114 2210 ille
1125 2155 1193 2211 ad
1203 2159 1646 2215 communionem
1660 2162 1905 2230 accedat,

378 2292 395 2321 ι
420 2288 595 2348 Savil.,
627 2287 789 2339 nullus
821 2296 979 2340 sumat
1010 2298 1063 2340 ut
1089 2292 1267 2343 ludas.

375 2352 399 2381 ’
429 2352 694 2425 δδνεβριι.
728 2350 950 2401 stultitia.
986 2355 1278 2415 Suspicatur
1306 2353 1456 2407 Savil.
1491 2356 1780 2421 legendum,
1798 2371 1907 2425 prta

308 2413 618 2477 arrogantia.

311 2529 479 2543 .—

1229 201 1292 256 ΙΝ
1333 200 1735 256 MAT'I‘IIA‘ZUM
1778 201 2004 257 IIOMIL.
2048 203 2325 261 LXXXIII.
2364 212 2436 266 aI.
2480 213 2760 277 LXXXIV.

3524 231 3626 287 748

2035 320 2224 378 Cohibe
2266 325 2444 390 illum,
2475 346 2542 385 ne
2587 336 2793 389 timeas.
2838 337 2989 395 Time
3030 342 3197 399 Deum
3223 347 3263 412 ί,
3298 365 3401 405 non
3442 351 3619 408 homi-

2036 428 2177 468 netu.
2200 416 2253 470 Si
2280 419 2465 474 timeas
2489 423 2776 489 hominem.
2800 429 2868 483 ab
2889 432 2980 486 illo
3001 434 3334 507 irrideberis;
3357 444 3401 497 si
3428 445 3616 512 Deum,

2033 506 2194 560 etiam
2228 510 2529 570 hominibus
2553 522 2870 578 venerabilis
2899 527 3027 582 eris.
3055 530 3110 584 Si
3142 548 3244 586 non
3275 538 3458 603 audes,
3488 542 3616 596 mihi

2033 598 2225 662 adduc;
2254 618 2353 658 nec
2382 609 2684 674 permittam
2713 612 3013 681 huiusmodi
3042 638 3224 681 ausus.
3246 631 3491 686 Animam
3518 655 3615 707 p0-

2034 693 2139 744 tius
2176 697 2416 751 amittam
2444 739 2457 760 ,
2489 717 2645 770 quam
2687 706 2901 779 indigno
2938 719 3245 786 sanguinem
3286 693 3611 785 dominicum

2032 783 2331 852 piat-beam;
2376 799 2429 843 et
2471 797 2781 862 sanguinem
2827 804 3003 870 potius
3051 810 3405 883 proftmdam,
3453 838 3610 891 quam

2033 878 2368 933 trctneudum
2400 885 2707 951 sanguinem
2737 890 2859 947 dem
2886 897 2969 950 cui
3010 915 3112 954 non
3154 917 3249 970 par
3274 919 3372 962 est.
3393 878 3614 983 'Siipost

2028 967 2245 1019 multam
2280 973 2713 1039 perquisitionem
2753 982 3024 1053 indignmn
3057 967 3166 1045 noni
3202 1001 3447 1065 noveris,
3480 967 3608 1061 ιῖιιιιι

2025 1056 2264 1151 criminis
2285 1063 2406 1116 erit.
2437 1064 2559 1119 "me
2582 1067 2650 1122 de
2679 1070 2743 1123 Iis
2768 1075 2855 1141 qui
2881 1080 3142 1136 manifesti
3170 1097 3294 1142 sunt
3316 1056 3452 1147 dicta
3477 1056 3605 1151 sint.

2023 1144 2155 1200 Nam
2178 1151 2219 1203 si
2249 1150 2345 1206 hos
2365 1156 2714 1225 corrigamus,
2743 1164 2850 1218 t-ito
2878 1170 3031 1224 nobis
3055 1173 3190 1227 Deus
3216 1178 3423 1247 ignotos
3451 1199 3606 1244 notos

2026 1238 2217 1305 faciet;
2250 1242 2293 1295 si
2324 1254 2497 1299 autem
2529 1258 2682 1304 notos
2706 1252 2960 1319 sinamus,
2993 1263 3141 1329 cujus
3168 1238 3604 1339 reivgratiabéqs

2023 1331 2175 1385 nobis
2200 1335 2332 1389 alios
2360 1349 2514 1394 notos
2534 1341 2725 1397 faciat?
2755 1345 2877 1403 II:ee
2902 1364 3061 1420 porro
3087 1331 3347 1423 tlieo,niui
3369 1376 3424 1419 ut
3451 1386 3603 1428 coer—

2019 1435 2234 1478 ceamus
2272 1429 2353 1481 vel
2395 1445 2791 1499 sequestrcmus
2823 1449 3020 1497 tantum
3041 1487 3056 1511 ,
3086 1450 3178 1504 sed
3210 1461 3265 1507 ut
3294 1462 3603 1521 emendatos

2019 1514 2330 1572 reducamus
2352 1562 2368 1585 ,
2396 1535 2448 1577 ut
2479 1540 2663 1581 eorum
2703 1546 2882 1587 curam
2926 1536 3232 1598 habeamus.
3265 1547 3353 1605 Sic
3381 1556 3523 1612 enim
3549 1571 3605 1615 (ιι

2021 1605 2184 1662 Deum
2206 1617 2487 1681 propitium
2518 1619 2851 1690 habebimus,
2874 1639 2926 1681 et
2955 1635 3149 1689 multos
3176 1640 3333 1710 digne
3362 1662 3602 1706 commu—

2018 1699 2255 1813 nicantes
2298 1709 2624 1775 reperiemus
2649 1756 2662 1775 ,
2694 1717 2958 1789 studiique
2984 1735 3033 1777 et
3061 1699 3436 1793 SIIIIII‘IIIIdIIIIS
3474 1758 3596 1813 erga

2014 1790 2148 1845 alios
2193 1808 2389 1852 nostra
2438 1803 2655 1858 multam
2703 1812 3017 1879 recipiemus
3060 1825 3357 1881 nn-rccdeut
3393 1848 3405 1880 :
3438 1790 3591 1901 quain

2016 1898 2112 1991 nos
2151 1900 2339 1941 omnes
2383 1896 2591 1963 assequi
2639 1902 2939 1970 contingat,
2974 1912 3139 1968 gratia
3180 1924 3231 1968 et
3273 1896 3595 1991 benignitate

2014 1973 2219 2031 Domini
2251 1983 2415 2035 nostri
2441 1983 2565 2040 Jcsu
2592 1988 2806 2057 Christi,
2834 1996 2917 2049 cui
2943 1998 3107 2067 gloria
3134 2005 3181 2058 iu
3207 1973 3593 2071 sareulaosa'cu-

2013 2066 2202 2123 lorum.
2235 2076 2423 2129 Amen.

2074 2208 2088 2237 ί
2125 2207 2221 2255 Alii
2250 2217 2302 2259 et
2325 2211 2510 2273 Morel.,
2529 2212 2641 2265 time
2682 2219 2934 2273 Dominum
2963 2232 3130 2275 Deum.

481 2530 3547 2595 Mmm

1266 2612 1610 2674 HOMILIA
1657 2615 2013 2680 LXXXIII.
2060 2621 2146 2683 al.
2191 2623 2546 2689 LXXXIV.

303 2711 555 2766 120.26.
585 2728 637 2766 ν.
666 2712 755 2768 36.
800 2711 941 2767 Tunc
980 2714 1109 2766 venit
1153 2727 1269 2767 cum
1315 2715 1387 2767 eis
1433 2714 1584 2770 Iesus
1627 2718 1679 2769 in
1727 2718 1899 2771 villam

376 2819 490 2873 qua!
509 2804 694 2857 dicitur
714 2802 1054 2869 Gethsemani,
1081 2813 1127 2858 et
1148 2805 1270 2858 dicit
1289 2806 1592 2875 discipulis:
1614 2808 1795 2863 Sedete
1812 2811 1893 2863 Itic

376 2895 535 2949 donec
556 2897 739 2949 uadum
767 2897 892 2951 illuc
910 2939 924 2961 ,
953 2906 1001 2950 et
1039 2912 1194 2951 orem.
1233 2899 1322 2952 57.
1357 2897 1422 2951 Et
1450 2909 1711 2969 assumpto
1744 2898 1894 2955 Petro

374 2999 421 3041 et
450 2990 646 3042 duobus
672 2990 793 3057 ﬁliis
822 2989 1082 3049 Zebedtci,
1110 2992 1258 3062 coepit
1296 2993 1582 3045 contristari
1610 3003 1659 3046 et
1687 3004 1892 3048 sumtus

372 3098 496 3147 esse,
525 3082 615 3137 58.
643 3092 690 3136 et
716 3083 843 3135 dixit
873 3084 942 3137 eis
970 3098 989 3137 :
1009 3082 1193 3137 Tristis
1214 3092 1288 3138 est
1310 3084 1481 3137 anima
1506 3101 1616 3138 mea
1640 3102 1797 3155 usque
1823 3086 1892 3140 ad

372 3184 602 3229 mortem.
634 3174 838 3228 Manete
866 3175 965 3241 hic,
996 3185 1041 3228 et
1069 3173 1274 3245 vigilate
1300 3190 1511 3230 mecum.

374 3306 425 3361 I.
456 3305 588 3371 Quia
621 3305 718 3375 ipsi
746 3320 961 3374 semper
992 3305 1299 3370 haerebant,
1331 3305 1451 3363 ideo
1472 3306 1605 3361 dicit
1636 3324 1650 3362 :
1683 3306 1889 3363 Maneto

291 3398 407 3461 hic,
438 3397 597 3451 donec
632 3396 811 3450 vadem
841 3411 886 3449 rt
911 3413 1071 3452 orem.
1104 3396 1320 3453 Solebat
1353 3399 1494 3455 enim
1532 3414 1773 3455 seorsum
1816 3401 1887 3456 ab

293 3489 402 3542 illis
429 3504 607 3544 orare.
642 3488 752 3543 Hoc
779 3498 958 3545 autem
999 3490 1260 3554 faciebat,
1299 3501 1356 3544 ut
1399 3506 1495 3545 nos
1533 3491 1784 3557 doceret,
1816 3493 1883 3549 ad

291 3580 622 3649 precandum
661 3580 814 3635 nobis
841 3582 1073 3651 quietem
1101 3592 1153 3636 et
1186 3582 1617 3652 tranquillitatem
1661 3584 1881 3639 multam

288 3686 413 3727 esse
456 3672 766 3741 parandam.
810 3673 879 3727 Et
909 3675 1101 3742 accipit
1142 3684 1252 3730 tres
1290 3675 1614 3744 discipulos,
1646 3676 1881 3747 dicitque

290 3766 397 3819 illis
423 3782 437 3817 :
468 3766 647 3821 Tristis
673 3777 745 3821 est
772 3769 942 3821 anima
967 3785 1075 3821 mea
1100 3786 1256 3839 usque
1281 3770 1349 3822 ad
1378 3780 1608 3826 mortem.
1638 3772 1746 3826 Cur
1772 3788 1875 3827 non

288 3871 479 3912 omnes
504 3873 684 3911 secum
712 3858 973 3914 adduxit?
1002 3859 1079 3915 Ne
1112 3861 1475 3916 conciderent.
1504 3862 1607 3916 Sed
1638 3865 1733 3917 bos
1761 3872 1877 3917 tau-

289 3957 401 4003 tum
428 3950 660 4013 admisit,
692 3952 780 4021 qui
810 3952 991 4022 gloria:
1019 3968 1129 4006 suae
1162 3962 1491 4021 Spectatores
1520 3953 1747 4009 fuerant.
1785 3956 1877 4009 At-

288 4052 467 4097 tamen
497 4042 595 4098 hos
620 4044 777 4097 etiam
818 4044 1089 4114 relinquit.
1124 4044 1191 4099 Et
1229 4046 1497 4113 paululum
1541 4044 1870 4114 procedens,

283 4142 409 4187 orat
436 4133 620 4189 dicens
647 4153 660 4188 :
690 4134 779 4190 59.
808 4134 991 4198 Pater,
1022 4137 1067 4189 si
1094 4135 1328 4203 possibile
1356 4146 1457 4199 est,
1486 4146 1707 4191 transeat
1733 4154 1766 4190 a
1796 4155 1872 4192 me

281 4225 424 4279 cali:
446 4227 557 4280 iste.
596 4225 941 4281 Verumtamen
971 4242 1071 4281 non
1096 4228 1225 4281 sicut
1250 4244 1341 4299 ego
1369 4230 1500 4291 volo,
1526 4229 1617 4283 sed
1639 4230 1767 4283 sicut
1793 4240 1870 4284 tu.

281 4320 373 4373 40.
410 4318 475 4371 Et
502 4320 629 4373 renit
654 4320 723 4371 ad
748 4337 832 4373 eos
853 4361 867 4383 ,
897 4331 941 4374 et
976 4321 1159 4373 invenit
1191 4337 1274 4374 eos
1312 4321 1611 4377 dormientes
1630 4361 1645 4385 ,
1674 4333 1721 4376 et
1748 4323 1870 4377 dicit

283 4408 442 4464 l’etro
466 4426 484 4463 :
507 4409 592 4462 Ita
622 4427 722 4464 non
754 4413 987 4480 potuistis
1012 4429 1112 4465 una
1136 4413 1261 4466 hara
1285 4413 1496 4483 vigilare
1516 4431 1706 4468 mecunt
1725 4417 1749 4468 ?
1771 4418 1833 4470 Μ
1849 4458 1863 4471 .

290 4500 508 4573 Vigilate
530 4511 576 4554 et
602 4512 761 4565 orate,
784 4514 841 4554 ut
861 4518 961 4555 non
982 4502 1176 4557 intretis
1195 4503 1247 4555 in
1274 4503 1614 4557 tentationem.
1640 4504 1866 4574 Spiritus

274 4592 479 4663 quidem
507 4602 770 4661 proruptus
800 4601 891 4653 est,
918 4608 1036 4645 caro
1069 4602 1232 4646 autem
1270 4594 1495 4660 inﬁrma.
1523 4593 1637 4648 Non
1669 4594 1862 4649 frustra

274 4684 495 4738 Petrum
538 4685 769 4738 maxime
806 4683 1123 4753 alloquitur,
1152 4685 1274 4740 licet
1302 4686 1388 4740 alii
1417 4702 1629 4756 quoque
1653 4686 1857 4742 dormi-

272 4784 438 4836 rent;
482 4774 574 4827 sed
615 4785 673 4827 nt
712 4775 1031 4844 perstringat
1073 4774 1219 4831 illum
1255 4776 1325 4830 ob
1360 4792 1574 4832 causam
1616 4779 1861 4848 superius

269 4864 493 4919 dictam.
543 4864 744 4919 Deinde
789 4865 910 4935 quia
954 4864 1043 4919 alii
1086 4881 1299 4935 quoque
1343 4866 1568 4935 idipsum
1615 4867 1856 4923 dixerant

274 4957 421 5026 (cum
447 4956 589 5010 enim
617 4956 802 5011 Petrus
825 4956 1066 5015 dixisset.
1096 4956 1309 5009 Etiamsi
1331 4960 1607 5026 eportncrit
1628 4975 1706 5012 me
1730 4961 1860 5012 mori

271 5058 433 5100 tecum
458 5089 475 5113 ,
502 5064 601 5101 non
629 5057 675 5099 te
702 5049 891 5118 negabo
919 5064 937 5101 :
962 5046 1223 5113 similiter,
1254 5049 1457 5116 inquit,
1495 5059 1541 5102 et
1579 5066 1748 5104 omnes
1777 5052 1856 5103 die

268 5139 453 5209 scipuli
488 5138 799 5206 dixerunt),
832 5138 1045 5194 illorum
1087 5139 1447 5194 infirmitatem
1494 5140 1850 5210 redarguens,

269 5231 418 5299 ipsos
444 5245 632 5285 onines
656 5230 963 5300 alloquitur.
992 5229 1124 5285 Nam
1154 5230 1244 5300 qui
1279 5231 1413 5285 mori
1442 5246 1563 5287 cum
1590 5232 1683 5287 illo
1708 5232 1855 5287 vole-

267 5322 399 5377 bant
418 5362 435 5387 ,
466 5322 662 5377 dolenti
691 5323 977 5377 condolere
1003 5338 1107 5379 non
1140 5334 1384 5393 poterant
1412 5325 1692 5397 vigilantes
1714 5367 1729 5391 ,
1756 5327 1851 5381 sed

267 5420 297 5457 a
339 5421 533 5458 somno
552 5406 675 5458 victi
703 5417 850 5459 sunt.
880 5406 995 5475 Ipse
1027 5423 1153 5461 vero
1177 5410 1437 5463 intentius
1474 5421 1595 5463 orat
1615 5427 1683 5465 ne
1709 5413 1857 5467 vide-

273 5504 427 5549 retur
490 5512 576 5549 res
602 5495 701 5563 illa.
726 5512 847 5552 esse
880 5497 1160 5553 simulatio
1190 5516 1203 5564 ;
1240 5501 1429 5555 eadem
1471 5502 1537 5557 de
1569 5518 1733 5557 causa
1762 5520 1857 5560 su-

270 5586 375 5641 dor
442 5586 775 5651 decidit,'ct
839 5602 907 5645 ne
949 5589 1192 5645 dicerent
1237 5591 1493 5657 Ittcretici,
1546 5596 1722 5665 ipsum
1758 5597 1825 5652 tri

1951 5490 2081 5531 vero
2109 5478 2363 5535 omnibus
2402 5499 2417 5537 :

2007 2722 2204 2779 stitiam
2249 2727 2547 2794 simulasse;
2576 2736 2806 2809 ideoque
2825 2742 3054 2800 sudores
3069 2761 3221 2803 erant
3243 2750 3380 2809 sicut
3421 2769 3585 2827 guttur

2000 2817 2293 2886 sanguinis,
2320 2832 2373 2875 et
2395 2826 2614 2894 augt-lus
2645 2826 2814 2896 ipsum
2840 2834 3145 2894 confortans
3169 2817 3582 2913 apparuit:sex-

1997 2919 2261 2979 centaque
2294 2912 2438 2968 fuere
2479 2918 2683 2973 timoris
2720 2922 2868 2991 signa
2892 2966 2906 2989 ,
2941 2943 3006 2982 ne
3046 2933 3169 2999 quis
3194 2912 3430 3005 diceret,
3463 2942 3581 2997 ficta

1995 3014 2115 3055 esse
2147 3002 2326 3058 verba.
2363 3005 2471 3061 Ilac
2497 3009 2655 3064 etiam
2687 3012 2754 3066 de
2780 3032 2937 3071 causa
2970 3030 3104 3075 orat.
3141 3024 3272 3078 Cum
3304 3002 3432 3100 ergo
3460 3033 3533 3087 ait
3562 3054 3577 3091 :

1994 3088 2058 3143 Si
2097 3093 2333 3159 possibile
2356 3107 2449 3160 est,
2480 3108 2719 3168 transeat,
2749 3102 3127 3165 humanitatem
3159 3088 3423 3179 ostendiI:
3456 3138 3575 3177 cum

1991 3190 2169 3238 autem
2195 3184 2344 3249 dicit,
2391 3186 2739 3246 Verumtamen
2770 3212 2868 3249 non
2899 3199 3025 3252 sicut
3054 3218 3144 3271 ego
3171 3206 3300 3269 volo,
3330 3212 3420 3263 sed
3448 3214 3578 3267 sicut

1992 3284 2076 3342 tu,
2108 3275 2353 3332 virtutem
2395 3280 2888 3356 philosophiamque
2918 3290 3133 3347 exhibet
3158 3296 3170 3325 '
3194 3337 3207 3359 ,
3250 3311 3535 3372 monetque
3556 3348 3571 3371 ,

1989 3369 2253 3425 renitente
2274 3387 2485 3442 quoque
2506 3387 2714 3443 natura,
2740 3379 2902 3435 Deum
2925 3398 3042 3438 esse
3066 3392 3415 3456 sequendum.
3439 3369 3569 3460 Quid

1988 3474 2115 3513 vero
2138 3476 2240 3516 non
2263 3472 2344 3516 sat
2366 3472 2482 3518 erat
2501 3468 2675 3521 stultis
2695 3469 2864 3524 solam
2890 3479 3169 3531 ιιιιιξιιωιιιδη
3184 3480 3365 3535 faciem
3392 3497 3573 3540 osten-

1985 3551 2133 3619 dere,
2162 3554 2323 3610 vcrba
2350 3555 2512 3611 addit.
2544 3558 2744 3614 Rursus
2774 3564 2929 3617 verba
2963 3582 3065 3621 non
3097 3569 3453 3643 sufficiebant,
3476 3579 3567 3632 sed

1984 3658 2070 3695 res
2101 3644 2227 3711 ipsa:
2256 3644 2733 3717 desiderabantur,
2766 3652 2879 3709 brcc
2920 3658 3077 3711 etiam
3122 3663 3296 3716 ιρι-Ιιίς
3334 3667 3567 3734 addidit,

1985 3742 2041 3785 ιιι
2070 3732 2161 3786 νει.
2185 3733 2219 3788 ii
2250 3736 2527 3792 crederent
2558 3740 2646 3807 qui
2688 3742 2973 3799 admodum
3005 3755 3322 3808 contentiosi
3350 3732 3563 3824 essent,

1982 3824 2153 3892 ipsum
2181 3836 2228 3881 et
2263 3827 2529 3883 hominem
2572 3831 2767 3887 factum
2804 3843 2857 3889 et
2889 3850 3158 3894 mortuum
3189 3858 3327 3899 esse.
3357 3847 3487 3903 Nam
3519 3856 3562 3905 si

1979 3929 2099 3967 cum
2130 3916 2245 3971 lia-c
2275 3920 2448 3973 emtiia
2479 3920 2626 3991 signa
2659 3923 2879 3993 fuerint,
2911 3944 3015 3983 non
3046 3930 3235 3986 desunt
3268 3944 3440 3992 tamen
3474 3946 3561 4008 qui

1979 4003 2078 4058 hoc
2108 4020 2212 4060 non
2243 4009 2494 4075 credant,
2530 4013 2694 4068 multo
2725 4018 2893 4086 magis
2931 4017 2977 4073 si
3019 4018 3133 4075 lnec
3171 4038 3275 4078 non
3316 4003 3559 4083 fuissent.

1980 4094 2164 4150 Viden'
2206 4113 2304 4167 per
2344 4110 2540 4170 quanta
2590 4109 2902 4163 (nconomite
2952 4110 3225 4167 veritatem
3272 4118 3561 4175 ostendat?

1976 4186 2078 4241 Per
2106 4190 2263 4244 verba
2287 4234 2300 4255 ,
2336 4207 2430 4261 per
2456 4210 2514 4247 ea
2542 4212 2660 4266 qua:
2691 4199 2908 4267 patitur.
2949 4200 3149 4257 Deinde
3189 4207 3410 4263 veniens
3435 4191 3559 4267 dicit

1974 4279 2131 4334 Petro
2159 4297 2173 4335 :
2207 4280 2296 4335 Sic
2324 4298 2422 4337 non
2448 4287 2658 4353 potuisti
2682 4304 2782 4341 una
2802 4291 2928 4343 hora
2950 4292 3156 4362 vigilare
3180 4302 3414 4353 mecum?
3432 4302 3559 4356 Om-

1973 4385 2068 4424 nes
2097 4371 2453 4441 dormiebant,
2482 4387 2536 4431 et
2564 4377 2778 4433 Petrum
2816 4382 3072 4451 increpat,
3106 4388 3433 4447 subobscure
3459 4411 3553 4448 co-

1970 4478 2197 4531 arguens
2227 4481 2355 4519 eum
2375 4465 2443 4521 de
2471 4468 2532 4521 iis
2560 4484 2677 4538 qum.
2705 4470 2931 4526 dixerat.
2963 4473 3091 4528 Illud
3125 4493 3250 4533 vero
3269 4522 3283 4544 ,
3316 4480 3515 4537 Mecum
3536 4529 3550 4547 ,

1970 4568 2074 4605 non
2116 4555 2232 4610 sine
2269 4571 2429 4610 causa
2472 4561 2719 4627 ponitur,
2751 4564 2843 4618 sed
2873 4580 2936 4619 ac
2968 4567 3011 4621 si
3042 4567 3247 4624 diceret
3275 4589 3289 4627 :
3323 4573 3552 4641 Vigilare

1968 4662 2072 4700 non
2102 4649 2315 4715 potuisti
2345 4668 2572 4718 mecmn,
2604 4665 2657 4708 et
2685 4672 2779 4724 pro
2805 4674 2888 4712 me
2913 4660 3143 4716 auitnam
3173 4674 3311 4719 tuam
3343 4672 3551 4736 pones?

1965 4738 2116 4804 Quod
2162 4755 2289 4794 vero
2327 4746 2599 4812 sequitur.
2635 4745 2861 4816 idipsum
2904 4751 3201 4809 subiudicat
3228 4773 3242 4808 :
3270 4773 3391 4810 nam
3431 4761 3506 4813 ait
3531 4802 3544 4823 ,

1978 4825 2217 4897 Vigilate,
2248 4839 2294 4884 et
2323 4844 2491 4899 orate,
2520 4845 2574 4888 ut
2604 4854 2666 4891 ne
2692 4839 2886 4895 intretis
2922 4843 2975 4895 in
3014 4848 3351 4901 tentationem.
3388 4848 3544 4903 Vides

1963 4921 2230 4988 quomodo
2255 4938 2464 4977 rursum
2493 4944 2586 4980 eos
2612 4930 2866 4995 instituat,
2900 4949 2964 4987 ne
2991 4934 3040 4989 in
3066 4940 3420 5007 arrogantiam
3451 4943 3536 4997 de-

1960 5014 2179 5077 clinent,
2211 5013 2305 5069 sed
2339 5016 2572 5071 animum
2608 5029 2904 5087 conteram,
2938 5021 3271 5097 humilesque
3299 5029 3424 5094 sint,
3457 5042 3539 5084 to-

1962 5117 2179 5177 tumque
2223 5108 2334 5163 Deo
2378 5109 2731 5167 adscribunt?
2772 5113 2838 5169 Et
2886 5132 3023 5171 IIllIIC
3068 5120 3278 5188 quidem
3325 5123 3538 5179 I’etrmn

1958 5197 2260 5269 alloquitur,
2293 5216 2432 5255 nunc
2458 5203 2615 5257 simul
2643 5221 2849 5261 omnes.
2880 5210 3050 5280 Atque
3081 5211 3153 5265 illi
3184 5214 3395 5283 quidem
3424 5220 3537 5272 ait:

1959 5287 2159 5355 Simon,
2194 5291 2394 5356 Simon,
2426 5296 2655 5363 expetivit
2686 5312 2769 5348 ros
2794 5308 3026 5364 satanas,
3060 5312 3114 5354 ut
3142 5303 3383 5360 cribraret
3408 5308 3540 5365 sicut

1956 5382 2175 5435 triticum
2198 5401 2216 5437 :
2234 5392 2283 5438 et
2310 5401 2399 5454 ego
2436 5400 2638 5455 propter
2661 5401 2707 5445 te
2734 5393 2872 5446 oraui
2895 5393 3054 5466 (Luc.
3088 5398 3175 5451 22.
3207 5399 3341 5470 5|);
3374 5403 3533 5459 simul

2459 5482 2639 5553 Orate,
2682 5486 2893 5559 inquit,
2941 5510 3000 5548 ne
3036 5494 3240 5551 intretis
3274 5499 3327 5552 in
3360 5508 3534 5555 tentes

2014 5592 2029 5623 ι
2068 5590 2236 5655 Aliqui
2269 5595 2467 5661 legunt,
2502 5602 2655 5657 docet.
