4094 6216
429 189 531 243 7H

431 305 621 355 tionem
653 303 667 331 ⁸
694 319 707 353 ;
740 300 931 368 ubique
961 297 1317 368 arrogantiam
1346 298 1553 351 illormn
1584 296 1798 366 frangit,
1824 310 1886 349 ac
1911 293 2020 347 sol—

431 395 604 448 licitas
632 392 822 447 redd.t.
853 391 1050 445 lteinde
1078 407 1145 445 ne
1173 392 1439 445 videretur
1463 391 1637 444 acrior
1661 405 1800 451 esse,
1831 388 1975 441 addit
2002 405 2015 440 :

430 485 654 555 Spiritus
678 482 875 551 quidem
904 492 1284 552 promptusest,
1309 497 1428 533 caro
1449 491 1615 533 autent
1640 481 1861 545 inﬁrma.
1886 478 2017 531 Nam

430 577 471 628 si
499 576 599 637 vis,
630 576 814 644 inquit,
851 582 1075 627 mortem
1115 584 1481 634 contemnere,
1522 590 1628 625 non
1671 572 1888 641 poteris,
1916 571 2018 624 tiu-

430 684 529 721 nec
558 666 699 720 llcus
732 681 945 718 manuni
977 666 1271 735 porrexerit
1300 682 1313 719 ε
1341 680 1466 718 caro
1495 664 1634 718 enim
1664 665 1897 716 animum
1925 662 2020 717 de-

432 757 629 826 primit.
675 757 983 826 Rursusque
1026 757 1125 809 hoc
1167 757 1335 824 ipsum
1369 755 1756 816 subindiravit,
1790 755 1973 808 dicens
2003 772 2015 807 ε

428 848 514 902 4‘2.
553 847 708 901 Pater
728 890 742 912 ,
770 848 812 901 si
840 865 937 900 non
966 857 1127 917 potest
1157 847 1238 898 hic
1274 846 1410 899 calix
1447 847 1660 899 trtmsire
1679 887 1691 907 ,
1732 846 1829 897 nisi
1857 844 2017 896 bibam

430 941 597 1002 illinn,
622 942 714 1007 ﬁat
744 941 973 993 voluntas
1004 950 1091 991 tua
1118 955 1136 993 :
1168 939 1252 991 hic
1282 937 1569 993 ostendens
1596 954 1655 992 se
1679 954 1800 990 cmn
1827 936 1987 989 volun
2006 964 2018 974 -

432 1045 538 1087 tate
570 1033 662 1086 Dei
692 1031 976 1085 admodum
1009 1045 1306 1084 consonare
1327 1071 1341 1093 ,
1374 1038 1428 1082 et
1457 1030 1650 1098 ubique
1692 1029 1837 1081 liilllll
1870 1027 2017 1096 sequi

429 1134 708 1195 oportere,
744 1123 974 1191 illudque
1017 1122 1307 1187 requirere.
1353 1120 1441 1175 45.
1482 1119 1544 1172 Et
1579 1120 1810 1183 veniens,
1838 1118 2021 1169 invenit

429 1231 512 1268 eos
535 1214 857 1266 dormientes.
878 1212 1006 1267 Nam
1035 1221 1386 1281 pra:terquam
1413 1211 1552 1280 quod
1582 1212 1894 1278 intempesta
1918 1223 2019 1262 nox

432 1316 547 1359 erat
567 1345 582 1371 ,
612 1305 753 1357 oeuli
781 1319 963 1357 eorum
1006 1318 1115 1372 prze
1150 1315 1382 1355 mmrore
1410 1302 1610 1370 gravati
1641 1312 1812 1354 erant.
1843 1299 2024 1353 Tertio

431 1412 645 1465 quoque
676 1395 858 1448 abiens
887 1394 984 1447 huc
1014 1396 1184 1462 ipsum
1210 1392 1458 1461 loquutus
1486 1401 1588 1453 est,
1620 1392 1943 1445 conﬁrmans
1965 1404 2024 1443 se

437 1490 705 1543 hominem
739 1487 933 1542 factum
963 1502 1099 1541 esse.
1128 1484 1259 1540 Nam
1289 1485 1416 1538 illud
1446 1484 1681 1538 secundo
1706 1493 1760 1537 et
1787 1483 1945 1536 tertio
1972 1483 2021 1534 iu

434 1582 722 1653 Scripturis
752 1581 989 1633 veritatis
1015 1589 1096 1633 est
1122 1586 1326 1631 certum
1359 1576 1609 1630 iudicium
1644 1593 1658 1629 :
1688 1572 1828 1629 sicut
1856 1582 1911 1627 et
1936 1573 2025 1627 ιο.

434 1674 566 1743 seph
599 1670 862 1726 Pharaoni
892 1670 1025 1723 dixit
1054 1686 1064 1721 :
1096 1667 1206 1721 Tibi
1244 1668 1481 1737 apparuit
1518 1673 1770 1719 somnium
1807 1664 2028 1718 secundo

439 1763 591 1833 (Gen.
620 1764 708 1816 Al.
739 1762 852 1831 52),
886 1777 980 1830 pro
1011 1760 1254 1822 veritate,
1284 1767 1339 1812 et
1369 1760 1467 1812 hoc
1494 1758 1687 1811 factum
1713 1766 1795 1810 est
1826 1765 1882 1809 ut
1909 1771 2026 1810 cre-

437 1858 533 1910 das
557 1854 606 1909 id
636 1854 852 1909 omnino
884 1853 1115 1906 futurum
1145 1867 1284 1905 esse.
1316 1849 1439 1904 Ideo
1469 1849 1581 1918 ipse
1607 1857 1661 1902 et
1689 1848 1853 1903 semel
1877 1856 1930 1901 et
1950 1847 2030 1900 bis

439 1958 493 2003 et
536 1948 691 2001 tertio
730 1947 956 2013 idipsum
1000 1944 1247 2013 loquutus
1282 1951 1397 2005 est,
1431 1951 1490 1994 ut
1518 1941 1833 1994 teconomia:
1875 1938 2049 2003 ﬁdem,

443 2043 660 2092 taceret.
695 2035 759 2089 Et
786 2053 882 2089 cur
923 2033 1158 2089 secundo
1197 2032 1382 2086 venit?
1409 2030 1477 2086 Ut
1510 2031 1627 2084 illos
1657 2030 2029 2100 redargueret.

442 2130 565 2198 quia
597 2130 667 2183 ita
700 2141 932 2182 maerore
962 2125 1135 2179 obruti
1165 2134 1336 2185 erant,
1374 2133 1429 2175 ut
1456 2138 1522 2176 ne
1554 2121 1887 2189 praesentiam
1915 2122 2034 2189 qui-

442 2225 567 2279 dem
596 2223 714 2293 ejus
743 2222 1020 2276 sentirent.
1057 2218 1162 2272 Nec
1192 2229 1367 2272 tamen
1400 2217 1690 2285 redarguit,
1723 2217 1814 2269 sed
1854 2216 2035 2285 paulu-

448 2316 551 2368 lum
581 2314 822 2376 recessit,
851 2310 1216 2365 incredibilem
1244 2324 1430 2363 eorum
1473 2308 1837 2361 inﬁrmitatem
1869 2306 2036 2375 signi-

448 2406 646 2471 lienus,
674 2405 761 2475 qui
804 2419 870 2458 ne
914 2403 1167 2471 increpali
1210 2401 1421 2471 quidem
1464 2401 1761 2469 potuissent
1802 2400 2036 2469 vigilare.

448 2498 561 2553 Non
590 2494 947 2565 expergefacit
971 2504 1148 2547 autem
1179 2507 1276 2546 nec
1307 2493 1545 2560 increpat
1571 2490 1800 2561 amplius
1819 2532 1832 2556 ,
1865 2505 1931 2544 ne
1955 2500 2037 2543 at-

449 2590 647 2645 tonitos
676 2586 844 2656 magis
874 2584 1209 2655 percelleret,
1235 2583 1328 2638 sed
1354 2599 1474 2637 cum
1501 2582 1736 2645 abiiSset,
1763 2588 1970 2635 orasset
1987 2591 2041 2634 et

450 2682 733 2745 rcdiisset,
773 2680 843 2732 ait
878 2695 890 2730 :
921 2678 1010 2733 45.
1059 2676 1283 2729 Dormite
1316 2677 1430 2745 jam
1456 2685 1501 2728 et
1530 2674 1837 2742 requiescite.
1880 2673 2040 2742 Atqui

452 2785 579 2828 tunc
606 2772 822 2841 vigilare
851 2784 984 2837 opus
1024 2777 1175 2832 erat;
1206 2765 1298 2820 sed
1339 2765 1571 2820 ostendit
1614 2764 1759 2833 ipsos
1803 2778 1869 2818 ne
1909 2777 2040 2815 con.

450 2872 690 2934 spectum
715 2860 927 2931 quidem
952 2858 1210 2911 malorum
1239 2856 1392 2909 facile
1418 2856 1639 2919 laturos,
1666 2854 1759 2909 sed
1787 2853 2044 2923 fugandos

452 2972 575 3011 esse
599 2970 706 3024 pra:
735 2963 941 3007 terrore
961 2992 974 3015 ,
1010 2965 1181 3018 neque
1211 2964 1270 3002 se
1302 2950 1512 3002 illorum
1543 2964 1701 3018 egere
1725 2948 1924 3002 auxilio
1946 2989 1960 3011 ,
1992 2958 2045 3000 et

458 3048 591 3103 tradi
619 3063 679 3101 se
709 3044 927 3099 omnino
957 3054 1225 3111 Oportrre,
1259 3041 1437 3110 aitque
1468 3058 1480 3093 :
1513 3040 1740 3094 Dormite
1757 3042 1871 3109 jam
1897 3050 1942 3094 et
1967 3056 2049 3093 re-

455 3139 707 3209 quiescite.
754 3135 884 3189 Ecce
908 3133 1330 3204 apprOpinquavit
1369 3133 1513 3197 liora,
1545 3142 1592 3186 et
1625 3132 1671 3184 F
1673 3133 1792 3185 ilius
1831 3132 2049 3186 hominis

458 3230 683 3283 tradetur
709 3228 760 3280 in
791 3242 967 3279 manus
999 3234 1334 3291 peccatorum.
1378 3223 1623 3276 Ostendit
1661 3238 1868 3276 rursum
1897 3238 2045 3277 tneo-

460 3322 652 3377 nomize
683 3320 845 3373 fuisse
879 3317 1027 3370 illud.

529 3414 584 3466 2.
613 3412 843 3466 Christus
874 3424 1028 3475 neque
1060 3416 1260 3475 peccato
1284 3406 1547 3469 obnoxius,
1579 3422 1735 3473 neque
1763 3407 2051 3459 necessitate

462 3513 683 3565 coactus,
711 3500 798 3551 sed
823 3508 999 3567 sponte
1020 3514 1113 3549 sua
1134 3497 1417 3565 passionem
1442 3495 1611 3548 subiit.
1642 3494 1923 3550 Proditoris
1944 3513 2026 3549 sce

465 3597 655 3648 (erutus
700 3591 918 3644 animus.
965 3587 1190 3641 Avaritia
1234 3587 1576 3656 redarguitur.
1612 3617 1679 3630 —-—
1710 3587 1891 3656 Neque
1931 3585 2053 3640 hinc

467 3687 637 3738 solum
662 3725 676 3745 ,
710 3684 802 3735 sed
831 3680 989 3734 etiam
1018 3677 1156 3748 quod
1198 3677 1365 3741 dicat,
1393 3675 1456 3729 In
1492 3694 1671 3731 manus
1700 3688 2048 3747 peccatorum,

470 3778 679 3831 illorum
704 3773 857 3845 erigit
881 3772 1107 3837 animos,
1133 3769 1419 3825 ostendens
1449 3770 1655 3823 illorum
1686 3771 1930 3840 nequitia-
1956 3770 2056 3824 hoc

471 3882 603 3935 opus
642 3882 761 3920 esse
785 3905 801 3930 ,
835 3881 937 3917 non
973 3878 1099 3917 vero
1137 3861 1276 3931 quod
1318 3861 1430 3931 ipse
1463 3871 1680 3930 peccato
1711 3872 1853 3915 esset
1884 3862 2053 3914 obuo-

471 3962 609 4014 xius.
640 3958 731 4013 46.
762 3954 984 4025 Surgite,
1012 3970 1182 4006 eamus
1211 3953 1325 4004 hinc
1348 3968 1367 4014 ;
1392 3969 1502 4004 erce
1526 3953 1946 4021 appropinquavit
1973 3954 2055 4019 qui

475 4068 552 4103 me
577 4048 755 4102 tradet.
787 4046 878 4099 llis
905 4042 1153 4098 omnibus
1185 4042 1303 4094 illos
1330 4042 1526 4104 erudit,
1560 4057 1664 4093 non
1702 4043 2054 4106 necessitatis,

478 4157 651 4211 neque
696 4135 1019 4192 inﬁrmitatis
1040 4177 1053 4200 ,
1084 4132 1177 4187 sed
1218 4132 1532 4187 (nconomizc
1562 4131 1838 4200 cujusdam
1872 4132 2057 4187 inclia-

480 4236 599 4287 bilis
631 4246 741 4284 rem
772 4244 892 4281 esse
920 4244 932 4280 :
963 4227 1275 4295 pratsciebat
1298 4224 1441 4279 enim
1459 4236 1750 4282 venturum
1764 4241 1885 4283 esse
1906 4228 1947 4289 ’,
1965 4240 2061 4279 nec

478 4327 649 4379 solum
678 4339 780 4375 non
813 4320 963 4388 fugit,
992 4317 1082 4370 sed
1114 4317 1320 4369 obviam
1357 4315 1473 4368 ivit.
1502 4315 1590 4369 47.
1625 4313 1804 4367 Adhuc
1831 4314 1973 4369 enim
2004 4332 2061 4368 eo

478 4422 707 4489 loquente
726 4457 741 4479 ,
784 4429 894 4466 ecce
921 4411 1090 4464 Judas
1120 4427 1247 4462 unus
1285 4426 1344 4463 ex
1385 4409 1648 4461 duodecim
1676 4408 1840 4467 venit,
1869 4417 1913 4459 et
1947 4424 2060 4460 cum

478 4513 587 4582 ipso
617 4507 763 4561 turba
792 4506 966 4567 multa,
999 4519 1113 4555 cum
1146 4502 1330 4572 gladiis
1358 4510 1401 4553 et
1429 4500 1665 4569 fustibus,
1696 4500 1835 4553 missi
1863 4515 1894 4550 a
1922 4500 2063 4568 prin-

478 4602 673 4673 cipibus
698 4598 1015 4653 sacerdotum
1053 4603 1097 4648 et
1126 4592 1402 4647 senioribus
1435 4592 1630 4660 populi.
1665 4590 1885 4644 Pulchra
1918 4602 2062 4643 certe

480 4692 816 4750 sacerdotum
840 4690 1212 4749 instrumenta,
1231 4700 1353 4739 eum
1375 4683 1563 4752 gladiis
1584 4692 1637 4736 et
1658 4682 1812 4751 lignis
1834 4682 2059 4736 irruunt.

485 4786 549 4839 Et
576 4782 761 4848 ludas,
793 4778 981 4848 inquit,
1008 4792 1128 4830 cum
1152 4776 1249 4838 eis,
1281 4789 1415 4826 unus
1439 4789 1502 4827 ex
1529 4772 1828 4827 duodecim.
1859 4771 2066 4825 Rursus

483 4879 630 4930 illurn
663 4888 823 4928 unum
851 4881 919 4924 ex
944 4866 1222 4922 duodecim
1257 4863 1385 4917 dicit
1407 4904 1421 4927 ,
1454 4880 1623 4932 tuapte
1656 4863 1942 4917 erubescit.
1973 4863 2062 4917 48.

486 4971 583 5037 Qui
621 4979 788 5022 autem
836 4961 1059 5017 tradebat
1106 4976 1253 5023 eum,
1296 4957 1431 5009 dedit
1470 4957 1540 5009 eis
1574 4956 1807 5025 signum,
1849 4956 2063 5009 dicens:

488 5068 861 5128 Quemcumque
904 5051 1159 5108 osculatus
1201 5054 1377 5122 fuero,
1428 5050 1535 5117 ipse
1578 5058 1685 5114 est,
1733 5058 1892 5101 tenete
1934 5065 2068 5103 eum.

489 5158 643 5222 l’aptt:
670 5194 684 5217 ,
716 5158 971 5221 quantum
1013 5146 1188 5201 scelus
1227 5141 1511 5213 proditoris
1550 5141 1761 5194 animus
1798 5139 2071 5208 suscepit?

490 5248 682 5315 quibus
708 5241 876 5296 oculis
907 5249 1032 5293 tunc
1056 5236 1360 5305 Magistrum
1393 5232 1635 5301 aspexit?
1662 5246 1768 5300 quo
1798 5246 1890 5284 ore
1920 5245 2073 5283 oscu-

494 5340 627 5392 latus
653 5334 778 5391 est?
813 5334 855 5385 υ
891 5328 1204 5385 sceleratam
1243 5326 1515 5380 mentem!
1552 5323 1677 5394 quid
1716 5322 2070 5377 deliberavit?

558 5440 573 5466 '
609 5422 755 5483 Juxta
805 5446 955 5479 unum
995 5430 1215 5493 codicem
1244 5427 1531 5493 ‘legeudum
1585 5422 1919 5493 essebisitnnl
1960 5435 2077 5479 vero

493 5496 713 5548 omnibus
746 5496 989 5545 orandum
1018 5505 1122 5542 esse
1153 5488 1273 5539 dicit
1304 5486 1362 5538 ne
1393 5486 1567 5537 intrent
1595 5486 1985 5548 intentationem.

558 5563 577 5591 ’
612 5562 693 5608 Sic
723 5559 821 5606 duo
843 5556 983 5605 codd.
1006 5552 1201 5610 Crateri,
1224 5550 1507 5616 pra-sciebat
1538 5547 1916 5616 enimrenturos
1945 5559 2078 5616 esse;

496 5636 608 5680 qute
628 5624 777 5669 etiam
799 5620 944 5667 lectio
976 5618 1181 5679 quadrat
1218 5610 1275 5665 ad
1301 5615 1503 5671 seriem,
1537 5626 1644 5659 nam
1680 5611 1757 5659 hic
1790 5612 1850 5658 de
1872 5610 1992 5657 Juda
2026 5615 2081 5658 et

497 5687 645 5731 locus
674 5689 851 5745 agitur.

1129 185 1185 239 Β.
1229 186 1504 242 ,1οᾹῙῖΜὸ
1540 181 2015 241 CllltYSOSTOMI
2056 180 2368 236 AliCH’lEi‘.
2410 181 2944 236 CONSTAN'I‘LVOP.

3602 186 3709 240 τίκ

2121 293 2247 361 quid
2288 306 2450 345 ausus
2487 292 2604 346 est?
2645 291 2787 361 quod
2831 293 3133 363 symbolum
3175 294 3485 363 proditionis
3517 296 3715 350 dedit?

2125 388 2497 453 Quemcumque
2540 382 2794 436 osculatus
2838 388 3017 451 fuero,
3067 384 3257 454 inquit.
3300 385 3616 440 Conﬁdehat
3662 388 3714 439 iu

2128 478 2348 532 leuitate
2377 477 2610 545 magistri
2633 495 2645 529 :
2671 478 2811 545 quod
2834 478 3065 531 maxime
3091 479 3235 533 iiitllll
3259 478 3586 534 confumlere
3612 481 3722 533 tie-

2127 569 2274 634 buit,
2302 578 2356 622 et
2386 569 2535 622 venia
2573 569 2718 622 omni
2758 572 3003 637 privare,
3043 570 3184 639 quod
3227 580 3332 624 tam
3374 585 3721 626 mansuetum

2125 661 2435 730 magistrum
2469 660 2781 729 prodiderit.
2819 660 2922 714 Sed
2953 677 3068 725 cur,
3108 663 3336 730 inquies,
3369 665 3469 715 hoc
3499 664 3712 731 signum

2125 754 2305 808 dedit?
2326 754 2459 821 Quia
2498 754 2693 821 swpius
2716 752 2783 806 ab
2815 753 2917 806 illis
2944 754 3385 822 comprehensus,
3417 756 3713 823 pertransi-

2126 849 2233 913 vit,
2262 848 2392 915 ipsis
2416 846 2794 900 nescientibus.
2832 847 3078 899 Attamen
3117 854 3243 900 tunc
3269 862 3481 916 quoque
3515 845 3713 900 factum

2128 940 2328 1002 fuisset,
2363 939 2406 992 si
2445 954 2548 992 non
2582 938 2695 1007 ipse
2720 937 2836 1006 capi
2869 938 3147 993 voluisset.
3190 938 3255 993 Ut
3288 939 3388 992 hoc
3415 940 3587 1008 ipsum
3615 938 3715 993 Ju-

2125 1032 2245 1086 datn
2270 1031 2508 1092 doceret,
2532 1031 2716 1084 oculos
2734 1045 2921 1084 eorum
2953 1031 3237 1084 exemeavit
3263 1047 3277 1092 ;
3308 1032 3524 1099 ipseque
3551 1030 3720 1084 inter-

2128 1125 2379 1193 rogabat,
2413 1123 2573 1188 Quem
2609 1122 2834 1192 quwritis
2865 1121 3043 1190 (Joan.
3081 1122 3167 1176 18.
3197 1121 3294 1183 4)?
3327 1122 3425 1191 Ipsi
3455 1137 3584 1175 vero
3610 1138 3719 1175 non

2130 1224 2407 1279 noverant,
2434 1216 2678 1284 quamvis
2705 1230 2824 1268 cum
2860 1214 3075 1267 latentis
3101 1224 3155 1268 et.
3181 1213 3510 1283 lampadibus
3535 1225 3723 1266 essent

2128 1310 2422 1378 Judatnque
2466 1323 2645 1361 secum
2692 1308 2970 1360 haberent.
3014 1306 3217 1359 Deinde
3255 1306 3373 1373 quia
3418 1305 3719 1366 dixerunt,

2128 1403 2323 1465 Jesnm,
2353 1402 2424 1453 ait
2455 1401 2544 1454 ille
2572 1419 2584 1453 :
2613 1399 2722 1470 Ego
2744 1417 2853 1454 sum
2876 1400 2919 1451 is
2940 1416 3084 1466 quem
3108 1399 3331 1467 queritis
3357 1397 3517 1469 (Ibid.
3551 1413 3595 1450 υ.
3624 1398 3681 1466 5)
3705 1415 3720 1457 ;

2130 1505 2183 1547 et
2208 1509 2411 1558 rursus,
2446 1492 2535 1546 ξ-ο.
2564 1491 2754 1553 Amice,
2783 1491 2850 1543 ad
2873 1490 2995 1560 quid
3022 1490 3241 1543 venisti?
3271 1490 3553 1559 Postquam
3575 1489 3721 1543 enim

2131 1584 2361 1639 ostendit
2406 1583 2694 1652 potentiam
2737 1598 2923 1643 suam,
2957 1592 3065 1633 tum
3105 1580 3319 1634 demum
3360 1579 3412 1633 id
3458 1578 3655 1647 perinis
3678 1586 3722 1632 ι.

2132 1676 2364 1730 Joannes
2394 1690 2520 1727 vero
2549 1673 2624 1726 ait
2647 1673 2687 1735 ί,
2717 1672 2898 1725 .Iesutu
2929 1672 2994 1725 ad
3026 1671 3169 1725 illam
3206 1686 3373 1739 usque
3413 1670 3597 1723 horam
3624 1668 3719 1722 Ju-

2133 1767 2253 1820 dam
2277 1765 2561 1821 emendare
2590 1765 2821 1818 voluisse
2848 1763 3077 1818 dicendo
3103 1781 3114 1815 :
3142 1762 3307 1829 Iuda,
3334 1762 3505 1816 osculo
3535 1760 3729 1815 Filium

2136 1859 2351 1912 hominis
2378 1857 2535 1910 tradis
2563 1855 2716 1925 (an.
2747 1854 2840 1909 ‘22.
2865 1856 2995 1923 48)?
3019 1853 3130 1909 Nec
3156 1864 3206 1908 te
3239 1853 3398 1922 pudet
3422 1853 3512 1907 tali
3543 1853 3729 1920 prodi-

2138 1950 2296 2004 tionis
2326 1949 2486 2002 modo
2512 1948 2624 2000 uti?
2668 1947 2911 2001 Attamen
2940 1947 3060 2015 quia
3087 1962 3154 1999 ne
3181 1945 3280 1998 huc
3304 1945 3521 2014 quidem
3551 1946 3729 2011 ipsum

2137 2040 2393 2103 cohibuit,
2423 2039 2661 2093 osculum
2688 2039 2803 2107 ejus
2832 2037 3064 2099 admisit,
3093 2046 3145 2090 et
3165 2039 3397 2104 seipsum
3427 2035 3600 2089 libens
3622 2045 3732 2087 tra—

2138 2133 2292 2187 didit.
2325 2132 2388 2186 Et
2416 2133 2728 2186 immiserunt
2753 2133 2805 2185 in
2826 2131 2973 2185 illum
2998 2148 3196 2193 manus,
3225 2140 3269 2183 et
3301 2140 3567 2183 tenuerunt
3589 2145 3729 2188 eum,

2139 2224 2326 2278 eadem
2377 2224 2487 2291 ipsa
2535 2231 2721 2285 nocte,
2765 2238 2866 2290 qua
2912 2222 3104 2291 pascha
3150 2220 3535 2281 romedehant;
3579 2227 3735 2272 unto

2141 2326 2295 2371 t-raut
2332 2323 2507 2369 lurore
2533 2315 2787 2384 correpti.
2821 2315 3066 2368 Attamen
3097 2313 3227 2367 nihil
3262 2312 3597 2381 potuissent.
3628 2310 3733 2362 nisi

2146 2412 2256 2477 ipse
2286 2409 2334 2461 id
2365 2408 2711 2476 permisisset.
2744 2406 2872 2460 Illud
2902 2417 3077 2460 tamen
3106 2405 3292 2460 ludam
3318 2405 3385 2457 ab
3415 2401 3735 2456 intolerabili

2145 2500 2408 2567 supplicio
2437 2513 2539 2550 non
2570 2496 2851 2563 liberabit,
2882 2496 2975 2551 sed
3009 2496 3194 2565 majori
3232 2496 3521 2548 obnoxium
3560 2490 3739 2545 redd.t

2145 2589 2470 2643 damnationi
2504 2606 2517 2641 :
2549 2588 2690 2658 quod
2724 2603 2844 2642 cum
2886 2598 3084 2642 tantam
3120 2599 3176 2642 et
3215 2589 3464 2657 putentia:
3495 2596 3546 2640 et
3578 2599 3738 2637 matt-

2147 2681 2444 2735 suetudinis
2485 2680 2824 2749 lenitatisque
2853 2679 2968 2748 ejus
2996 2678 3507 2734 demonstrationem
3537 2679 3741 2733 habue-

2150 2772 2249 2834 rit,
2281 2770 2390 2825 fera
2419 2771 2611 2825 smvior
2643 2770 2821 2824 fuerit.
2855 2769 2978 2823 llaec
3011 2786 3132 2823 cum
3163 2770 3429 2834 sciamus,
3460 2770 3739 2823 avaritiam

2151 2862 2411 2932 fugiamus
2437 2880 2447 2914 :
2478 2861 2593 2915 haec
2619 2862 2761 2916 enim
2789 2871 2915 2915 tunc
2938 2861 3107 2925 illum,
3137 2860 3275 2926 haec,
3306 2860 3540 2929 inquam,
3571 2860 3625 2915 in
3649 2858 3742 2914 fa-

2151 2970 2327 3009 rorem
2350 2954 2580 3022 conjecit
2607 2970 2619 3005 :
2656 2953 2769 3007 lucc
2795 2952 2861 3007 ad
2888 2964 3180 3007 extremam
3209 2954 3594 3007 immanitatem
3617 2968 3746 3005 cru-

2151 3045 2529 3111 delitatemque
2569 3045 2717 3098 illum
2757 3044 3088 3099 exercitavit.
3129 3042 3313 3112 Neque
3355 3044 3501 3097 illum
3538 3043 3702 3097 modo
3727 3085 3744 3107 ,

2153 3136 2245 3189 sed
2270 3137 2428 3189 etiam
2452 3150 2641 3190 omnes
2666 3136 2753 3205 qui
2783 3136 2872 3189 tali
2902 3136 3090 3189 morbo
3109 3137 3247 3204 capti
3277 3145 3418 3189 sunt.
3442 3134 3573 3189 Cum
3598 3136 3746 3189 enim

2153 3226 2219 3279 ad
2247 3225 2640 3295 desperandum
2668 3226 2737 3280 de
2762 3227 2933 3280 salute
2964 3225 3197 3289 indurat,
3229 3226 3397 3279 multo
3421 3227 3590 3296 magis
3614 3227 3750 3279 aliu-

2158 3333 2272 3371 rum
2302 3318 2526 3372 salmem
2556 3300 2834 3387 despicere
2875 3316 3082 3370 suadet.
3114 3320 3287 3386 Atque
3327 3318 3394 3369 ita
3438 3320 3752 3388 tyrannicus

2156 3421 2238 3463 est
2279 3410 2529 3472 morbus,
2577 3420 2633 3461 ut
2679 3410 2837 3461 etiam
2887 3408 3414 3461 vehementissimam
3458 3422 3749 3476 corporum

2157 3517 2396 3555 amorem
2444 3499 2732 3570 aliqttaudo
2775 3509 3010 3569 superet.
3056 3498 3413 3563 Quamobrem
3459 3498 3750 3552 admodum

2158 3594 2450 3653 erubesco,
2492 3592 2629 3660 quod
2676 3590 2827 3644 inulti
2874 3591 3112 3659 pecuniis
3155 3600 3432 3659 parcentes
3474 3591 3751 3645 libidinem

2163 3684 2509 3748 refrenarem,
2541 3682 2628 3752 qui
2658 3690 2877 3751 propter
2902 3680 2994 3735 Dei
3023 3683 3265 3736 timorem
3293 3681 3578 3735 noluerunt
3602 3691 3755 3736 caste

2164 3776 2509 3845 modesteque
2554 3776 2755 3829 vivere.
2800 3774 2922 3829 Ideo
2961 3773 3222 3844 fugiamus
3260 3773 3439 3837 illam,
3472 3774 3702 3827 obsecro
3739 3793 3749 3825 :

2166 3884 2338 3939 neque
2367 3868 2507 3922 enim
2543 3866 2643 3921 hoc
2668 3865 2877 3920 dicendi
2907 3866 3064 3919 linetn
3097 3864 3302 3918 faciam.
3338 3864 3444 3918 Cur
3468 3879 3688 3929 aurum,
3721 3882 3757 3919 ο

2166 3962 2345 4027 Ιιοιιιο,
2370 3958 2716 4014 accumulas?
2744 3973 2841 4012 cur
2880 3957 3187 4011 servitutem
3233 3965 3374 4010 tuam
3418 3956 3755 4010 acerbiorem

2167 4052 2381 4107 reddis?
2403 4066 2499 4105 cur
2522 4048 2817 4104 custodiam
2845 4048 3142 4117 graviorem
3165 4087 3181 4112 ,
3210 4062 3307 4101 cur
3332 4047 3753 4100 sollicitudinem

2165 4143 2497 4197 acutiorem?
2526 4140 2653 4194 Puta
2684 4149 2800 4193 tuas
2829 4153 2948 4193 esse
2977 4152 3163 4191 omnes
3193 4138 3306 4191 auri
3337 4152 3518 4198 venas,
3548 4154 3666 4204 qttzn
3700 4138 3753 4189 in

2168 4233 2394 4288 metallis
2415 4239 2560 4293 sunt,
2584 4232 2867 4301 omniaque
2894 4230 2979 4284 illa
3002 4244 3119 4298 qua:
3146 4232 3196 4281 in
3219 4229 3407 4281 aerario
3428 4230 3596 4296 regio.
3620 4227 3754 4281 Nam

2167 4324 2211 4376 si
2241 4322 2377 4376 hanc
2408 4331 2605 4376 laruam
2637 4321 2832 4373 molem
2858 4319 2973 4372 auri
3016 4318 3240 4371 haberes
3260 4358 3275 4380 ,
3303 4318 3602 4371 custodires
3635 4314 3752 4369 tan-

2170 4424 2313 4477 tum,
2344 4429 2449 4467 non
2479 4411 2725 4465 utereris.
2758 4410 2966 4465 Etenim
3008 4410 3050 4463 si
3086 4424 3227 4463 nunc
3257 4408 3320 4461 iis
3358 4424 3476 4477 quae
3516 4408 3761 4476 possides

2171 4521 2277 4560 non
2306 4505 2491 4570 uteris,
2525 4502 2618 4558 sed
2649 4503 2716 4556 ab
2754 4502 2818 4556 iis
2846 4502 3080 4556 abstines
3106 4512 3162 4554 ut
3188 4501 3374 4556 alienis
3402 4518 3416 4556 :
3444 4503 3609 4554 inulto
3640 4518 3759 4554 nia-

2172 4600 2251 4667 gis
2276 4598 2322 4653 si
2356 4599 2507 4669 plura
2535 4596 2759 4651 haberes
2782 4637 2795 4660 ,
2828 4595 3054 4663 idipsum
3095 4610 3303 4663 ageres.
3344 4594 3474 4648 Nam
3521 4597 3763 4663 pecunia:

2173 4704 2413 4744 amanzes
2441 4688 2636 4748 solent,
2660 4703 2765 4757 quo
2791 4687 2911 4756 plus
2935 4687 3048 4740 auri
3078 4686 3371 4755 possident,
3397 4702 3463 4739 eo
3489 4688 3657 4755 magis
3684 4688 3761 4741 illi

2173 4799 2413 4856 parcere.
2444 4780 2549 4837 Sed
2584 4783 2725 4845 scio,
2768 4780 3007 4850 inquies,
3039 4779 3151 4834 hate
3190 4795 3307 4832 mea
3348 4795 3490 4834 esse.
3531 4781 3666 4847 l-Irgo
3710 4780 3762 4832 in

2174 4876 2424 4946 opinione
2468 4884 2713 4941 tantum,
2747 4887 2850 4927 non
2889 4874 2939 4926 in
2980 4888 3077 4927 usu
3115 4873 3380 4941 possessio
3410 4887 3494 4927 tua
3523 4883 3623 4927 est.
3655 4874 3762 4927 Sed

2179 4970 2302 5023 hinc
2342 4966 2676 5028 hominibus,
2708 4965 2950 5034 inquies,
2984 4964 3332 5018 formidabilis
3372 4966 3575 5017 biturus
3615 4981 3761 5019 sum.

2180 5062 2288 5116 imo
2309 5068 2463 5128 captu
2496 5057 2717 5121 facilior,
2748 5057 3020 5119 divitibus,
3058 5057 3394 5125 pauperibus,
3425 5056 3648 5121 furibus,
3677 5074 3767 5127 sy-

2178 5151 2479 5221 cophantis,
2506 5149 2680 5204 servis
2704 5147 3058 5217 omnibusque
3080 5147 3295 5201 demum
3324 5148 3559 5201 insidiari
3583 5148 3765 5203 volen-

2180 5244 2339 5298 tibus.
2382 5241 2517 5296 Nam
2555 5241 2598 5294 si
2638 5239 2717 5293 vis
2760 5254 2879 5293 esse
2920 5238 3266 5292 formidabilis
3290 5280 3304 5305 ,
3343 5240 3569 5309 pmaride
3606 5258 3767 5295 ausas

2178 5336 2368 5405 quibus
2411 5342 2632 5401 possunt
2671 5340 2722 5387 te
2763 5346 2958 5399 capere
3000 5341 3053 5384 et
3089 5345 3284 5384 vexare
3318 5346 3504 5384 omnes
3534 5332 3623 5400 qui
3664 5331 3767 5386 huc

2182 5429 2349 5493 ipsum
2384 5426 2561 5480 facere
2586 5423 2768 5477 velint.
2805 5425 2994 5476 Annon
3023 5422 3214 5477 audisti
3249 5422 3351 5478 hoc
3388 5424 3767 5494 proverbium,

2182 5517 2476 5585 Pauper-em
2517 5524 2572 5570 et
2613 5515 2812 5569 nudum
2861 5530 2965 5568 non
3012 5522 3233 5583 possunt
3267 5526 3479 5571 centum
3516 5514 3614 5569 viri
3646 5530 3708 5586 sp
3733 5537 3771 5562 ιο

2221 5655 2523 5717 ιίλιεοηιιιιιιι
2541 5662 2847 5713 esset,t.ucas
2858 5664 2969 5702 vero
2977 5650 3307 5716 ait;siquidcm
3323 5657 3455 5701 Luczc
3470 5652 3617 5701 verba
3636 5663 3770 5702 sunt.
