4094 6216
426 297 527 350 τίει

430 408 598 464 itare?
629 407 866 476 Magnam
893 406 1090 475 quippe
1116 403 1272 457 habet
1314 414 1586 472 patronam
1617 404 2005 467 paupertatem,

429 513 584 569 quam
613 514 680 552 ne
706 513 801 551 rex
829 497 1041 566 quidem
1071 497 1185 564 ipse
1213 496 1376 563 possit
1407 493 1618 546 vincorc
1645 491 1730 544 vel
1759 501 1970 557 capere.

500 589 553 644 3.
596 588 874 642 Attat-orum
915 588 1097 639 misera
1137 586 1376 638 conditio.
1421 614 1492 624 —
1533 585 1767 637 Avarum
1829 591 2006 634 autem

428 691 616 731 munes
641 677 796 730 simul
828 691 1023 729 vexare
1064 684 1325 744 possunt;
1379 690 1551 743 neque
1597 671 1844 725 homines
1887 679 2004 723 tan-

433 780 541 820 tum
571 767 713 828 dico,
760 766 859 821 sed
911 777 964 819 et
1015 765 1172 818 tineae
1217 774 1271 818 et
1313 779 1542 818 vermes.
1590 761 1786 831 Ecquid
1835 760 2009 813 tineas

430 859 595 912 dico?
638 857 858 912 Multum
899 866 1112 926 tempus
1148 857 1344 922 solum,
1395 858 1644 924 nulloque
1697 852 1884 907 addito
1930 852 2010 905 itt-

429 950 735 1012 commodo,
765 965 982 1003 avarum
1027 957 1203 1018 potest
1250 949 1481 1002 maxime
1507 948 1722 1002 hedere.
1752 945 1881 1012 Quae
1907 943 2005 1014 igi-

430 1053 516 1096 tur
561 1051 648 1097 est
675 1043 979 1097 divitiarum
1007 1041 1294 1110 voluptas?
1340 1041 1450 1109 Ego
1498 1039 1769 1094 molestias
1811 1039 2003 1100 video;

431 1145 484 1186 tu
514 1133 642 1187 mihi
676 1133 1001 1199 voluptatem
1031 1131 1176 1184 illam
1205 1131 1431 1198 explica.
1483 1131 1547 1183 Et
1575 1145 1694 1196 qtun
1727 1127 2004 1192 molestim,

429 1222 676 1292 inquies?
716 1221 1135 1285 Sullicitndines,
1181 1220 1408 1282 insidia),
1442 1217 1754 1284 inimicitiae,
1786 1217 1965 1270 odium
1989 1258 2004 1281 ,

430 1313 610 1376 timor,
653 1320 850 1366 :cterna
891 1311 1007 1365 sitis
1052 1321 1107 1365 et
1148 1311 1323 1375 dolor.
1373 1310 1503 1364 Nam
1541 1310 1585 1364 si
1618 1309 1738 1378 quis
1777 1307 2004 1378 puellam

427 1402 837 1470 complectatur,
867 1417 966 1456 nec
996 1402 1482 1469 concupiscentiam
1530 1401 1749 1471 explere
1797 1401 2004 1470 possit,

427 1501 674 1545 extremo
709 1490 897 1546 dolore
924 1493 1212 1547 cruciatur.
1264 1493 1354 1548 Sic
1398 1493 1558 1546 etiam
1605 1492 1774 1556 dives,
1827 1508 2004 1546 rerum

429 1583 642 1651 quidem
670 1574 879 1652 copiam
911 1583 1092 1650 habet,
1121 1583 1372 1653 illamque
1399 1585 1771 1654 complectitur
1809 1601 1822 1637 :
1853 1584 2007 1652 cupi-

429 1675 650 1729 ditatem
679 1689 806 1727 vero
833 1687 988 1727 suam
1008 1688 1222 1728 omnem
1253 1673 1469 1743 explere
1497 1675 1710 1744 nequit:
1743 1677 1836 1728 sed
1869 1673 2007 1726 idem

429 1763 708 1832 contingit,
753 1763 894 1833 quod
949 1763 1025 1817 ait
1072 1763 1154 1817 vir
1194 1765 1407 1833 sapiens
1446 1763 1754 1832 :Cupiditus
1795 1765 2009 1817 eunuchi

429 1857 730 1927 virginitatis
758 1858 936 1926 ﬂorent
965 1857 1150 1926 puclla:
1176 1858 1369 1928 eripere
1407 1857 1593 1931 (Eccli.
1621 1858 1710 1914 20.
1743 1857 1821 1929 2).
1863 1859 2012 1915 Sicut

434 1945 713 2002 eunuchus
754 1947 1012 2015 virginem
1039 1947 1317 2016 amplexus
1340 1949 1659 2020 ingemiscit,
1702 1951 1779 2005 sic
1817 1951 2008 2005 divites

434 2051 642 2090 omnes.
697 2036 895 2105 Ecquis
943 2037 1121 2093 dicere
1162 2040 1326 2108 possit
1367 2040 1434 2093 de
1467 2043 1677 2095 cwteris
1717 2042 2009 2095 omnibus?

433 2125 704 2195 quomodo
730 2141 923 2180 avarus
951 2127 1198 2182 omnibus
1227 2127 1440 2184 fastidio
1475 2131 1546 2184 sit
1573 2131 1745 2185 servis
1763 2172 1777 2194 ,
1807 2133 2010 2202 aprico-

435 2219 522 2283 lis,
551 2217 736 2272 vicinis
761 2258 776 2280 ,
822 2219 1089 2274 civitatem
1115 2221 1443 2290 gerentibus,
1475 2223 1664 2292 injuria
1695 2223 1858 2290 laesis,
1903 2239 2008 2278 non

437 2308 597 2374 Icesis,
662 2311 817 2365 uxori
861 2313 1092 2367 maxime
1139 2314 1397 2381 omnium,
1449 2315 1634 2370 liberis
1679 2316 1796 2387 plus
1851 2333 2009 2388 quam

435 2399 681 2454 omnibus
713 2399 870 2455 aliis?
909 2400 1024 2455 Non
1054 2403 1195 2456 enim
1227 2403 1346 2458 illos
1374 2414 1430 2458 ut
1458 2405 1676 2473 liberos,
1721 2406 1817 2461 sed
1862 2407 2011 2477 pejus

434 2505 591 2557 quam
619 2504 806 2544 servos
833 2500 889 2545 et
918 2493 1088 2560 pretio
1115 2505 1324 2562 emptos
1346 2495 1559 2560 educat,
1589 2497 1734 2553 mille
1767 2499 1879 2564 ira},
1910 2501 2009 2554 do-

438 2579 587 2643 loris,
631 2579 848 2648 furoris,
881 2581 1020 2637 risus
1044 2583 1356 2640 occasiones
1383 2585 1670 2642 adversum
1701 2603 1761 2644 se
1787 2591 2008 2659 praebet,

436 2671 689 2726 omnibus
733 2673 891 2727 simul
942 2677 1304 2744 spectaculum
1348 2676 1538 2734 factus.
1581 2679 1676 2735 liae
1727 2692 1853 2738 sunt
1896 2685 2012 2753 ejus

435 2760 714 2827 molestiae,
759 2777 822 2817 ac
863 2760 1090 2819 fortasse
1128 2765 1348 2836 plures;
1387 2784 1562 2839 neque
1603 2771 1746 2826 enim
1790 2784 2012 2845 possunt

433 2867 621 2906 omnes
650 2854 940 2919 recenseri,
985 2855 1082 2909 sed
1119 2858 1448 2927 experientia
1496 2859 1730 2916 docebit.
1769 2864 1850 2919 Tu
1885 2882 2012 2921 vero

439 2941 564 2999 mihi
593 2942 917 3012 voluptatem
957 2960 1077 3014 qua:
1117 2946 1240 3002 inde
1267 2950 1502 3018 carpitur
1544 2950 1808 3008 describe.
1855 2955 2012 3013 Dives

435 3050 554 3090 esse
596 3035 782 3090 videor
821 3044 876 3090 et
920 3037 1216 3093 existimor.
1250 3038 1429 3110 Ecqua
1469 3043 1713 3112 voluptas
1745 3045 1901 3101 talem
1935 3050 2012 3102 vi-

439 3124 587 3179 deri?
615 3125 829 3180 Invidia:
857 3137 1003 3182 certe
1025 3144 1220 3183 nomen
1249 3132 1562 3187 maximum.
1584 3133 1787 3191 Nomen
1819 3141 2014 3210 quippe

440 3226 642 3272 tantum
683 3227 806 3272 sunt
847 3218 1066 3286 divitiae,
1109 3235 1170 3277 re
1205 3235 1450 3277 vacuum.
1480 3223 1586 3280 Sed
1612 3225 1678 3281 de
1709 3228 1792 3282 illa
1825 3233 2012 3285 existi-

444 3307 696 3374 matione,
725 3308 954 3378 inquies,
987 3310 1182 3379 gaudet
1212 3311 1379 3368 dives.
1430 3313 1664 3372 Laetatur
1709 3319 1776 3373 de
1825 3322 2014 3390 quibus

438 3399 724 3455 dolendum
762 3410 924 3455 esset.
980 3402 1295 3465 Doleudum,
1350 3405 1579 3474 inquies,
1625 3410 1829 3477 quare?
1881 3413 2013 3482 Quia

440 3492 567 3546 illud
596 3495 768 3561 ipsum
797 3491 863 3545 ad
892 3494 1068 3547 omnia
1097 3494 1335 3548 inutilem
1365 3496 1562 3561 reddit,
1584 3498 1844 3564 timidum,
1872 3502 2017 3574 igna-

441 3599 586 3651 vum,
617 3583 684 3639 ad
710 3585 1190 3654 peregrinationem
1217 3587 1630 3656 suscipiendam,
1679 3590 1746 3644 ad
1791 3603 2015 3650 mortem

441 3675 799 3732 nbeundam:
855 3689 981 3730 nam
1066 3678 1339 3750 duplicem
1424 3680 1515 3738 ille
1603 3694 1834 3740 mortem
1919 3701 2008 3740 re-

442 3776 608 3837 putat,
641 3767 986 3836 pecuniarum
1017 3769 1184 3838 magis
1211 3783 1366 3838 quam
1393 3769 1527 3824 lucis
1552 3772 1775 3842 cupidus
1805 3775 1843 3829 ¹.
1866 3774 2017 3831 Hunc

442 3875 542 3916 nec
567 3860 755 3915 caelum
782 3860 1036 3925 delectat,
1065 3863 1186 3930 quia
1217 3879 1321 3917 non
1351 3863 1452 3917 fert
1473 3881 1680 3930 aurum,
1709 3883 1880 3936 neque
1911 3871 2011 3934 sol,

444 3954 567 4021 quin
611 3967 804 4008 aureos
848 3953 1026 4007 radios
1070 3968 1174 4006 non
1224 3953 1437 4008 emittit.
1487 3955 1593 4010 Sed
1623 3957 1836 4025 quidam
1869 3971 2014 4027 sunt,

445 4045 674 4114 inquies,
701 4043 790 4113 qui
831 4059 1008 4098 rerum
1049 4046 1201 4115 copia
1230 4045 1493 4112 fruuntur,
1521 4048 1727 4104 deliciis
1753 4060 1808 4106 et
1844 4053 2018 4108 ventri

445 4136 800 4206 indulgentes,
829 4137 956 4190 vino
993 4153 1052 4192 se
1099 4138 1506 4209 ingurgitantes,
1557 4140 1730 4197 lautos
1775 4155 2018 4214 sumptus

444 4225 795 4282 el‘undentes.
841 4227 1059 4295 Pejores
1091 4229 1301 4284 casteris
1343 4231 1472 4285 mihi
1521 4247 1726 4288 narras.
1767 4235 1846 4290 llli
1877 4238 2017 4291 enim

445 4317 675 4372 maxime
701 4327 844 4382 sunt,
876 4319 965 4389 qui
995 4335 1098 4374 non
1128 4319 1396 4379 fruuntur.
1439 4324 1532 4380 llle
1569 4341 1800 4397 namque
1829 4329 2017 4384 saltem

444 4407 512 4460 ab
537 4408 657 4460 aliis
683 4408 912 4463 abstinet
937 4411 1112 4475 malis,
1140 4413 1229 4466 uni
1259 4415 1494 4482 pecunia:
1523 4417 1694 4472 amori
1729 4419 1970 4476 addictus
2005 4441 2019 4478 :

447 4498 522 4551 illi
567 4513 714 4563 vero,
761 4498 844 4553 his
890 4500 1120 4569 pejores,
1169 4514 1363 4571 praeter
1398 4507 1718 4574 supradicta,
1753 4509 1940 4564 duram
1969 4521 2023 4566 et

445 4588 789 4659 multiplicem
811 4590 907 4644 sibi
930 4593 1238 4646 servitutem
1261 4593 1554 4659 attrahunt,
1574 4608 1628 4651 et
1653 4612 1752 4653 ceu
1782 4602 2022 4672 tyrannis

443 4679 756 4746 quibusdam
798 4680 1116 4737 immanibus
1143 4697 1264 4740 sese
1288 4684 1486 4740 dedunt
1514 4689 1706 4754 ventri,
1735 4706 2020 4759 corporum

443 4772 636 4834 amori.
666 4773 933 4838 ebrietati,
963 4776 1278 4846 cmterisque
1299 4778 1439 4833 vitiis
1461 4781 1698 4850 quotidie
1717 4783 2024 4840 ministran—

446 4870 546 4927 tes,
578 4871 752 4918 scorta
781 4865 1007 4932 alentes,
1041 4867 1212 4923 lautas
1250 4885 1434 4927 caenas
1473 4885 1815 4944 apparantes,
1865 4893 2023 4948 para-

443 4955 596 5019 sitos,
628 4955 929 5012 adulatores
955 4970 1216 5026 ementos,
1249 4962 1301 5017 in
1327 4979 1539 5020 amores
1561 4978 1754 5035 praeter
1773 4979 2024 5027 naturam

447 5044 762 5109 incidentes,
814 5047 937 5104 hinc
976 5051 1121 5105 mille
1163 5053 1365 5108 morbis
1393 5064 1448 5110 et
1475 5071 1676 5128 corpus
1703 5069 1757 5114 et
1789 5061 2020 5120 animam

444 5135 762 5195 allicientes.
785 5138 902 5196 Non
929 5143 1072 5197 enim
1100 5157 1196 5213 pro
1222 5148 1539 5202 necessariis
1564 5149 1702 5204 bona
1727 5151 2018 5221 insumunt,

470 5435 478 5442 _
507 5371 523 5402 ¹
551 5367 781 5445 Ediderat
820 5372 1040 5445 hiemet,
1072 5377 1152 5445 κ.ᾳὶ
1170 5378 1273 5445 ’χὰρ
1298 5380 1512 5444 κρεῖττον
1531 5383 1715 5445 ἡγεῖται
1738 5384 1900 5445 τοῦτο,
1932 5389 2026 5442 La-

445 5436 910 5510 tineqttemverterat,
942 5448 1055 5510 νέᾳηξ
1076 5436 1273 5510 divitias
1302 5436 1405 5510 [erit
1431 5436 1642 5510 omnium
1673 5436 1903 5510 optimani
1921 5436 2025 5504 esse

441 5499 590 5571 putat.
745 5501 922 5571 mutat;
948 5496 1122 5571 Field.“
1135 5501 1194 5548 ad
1206 5515 1267 5571 Δρ..
1298 5503 1420 5571 .794,
1446 5507 1616 5571 Lucem
1649 5495 2026 5571 provitaihahe't

442 5557 613 5629 Cicero
649 5557 850 5629 'l‘uscul.
889 5558 1025 5629 βά,
1070 5560 1154 5608 l0:
1199 5557 1523 5629 Objiciebutur
1572 5557 2024 5629 iutérduutdiiihid

617 5615 824 5731 {cgitant
853 5626 898 5670 et
928 5615 1070 5672 dolor
1087 5656 1100 5683 ,
1151 5615 1381 5688 cogiiami
1397 5665 1409 5686 ,
1440 5615 1546 5691 fore
1574 5615 1840 5697 diuidiae

1276 287 1341 344 IN
1379 285 1783 343 MATTIUEUM
1823 277 2051 337 IIUMIL.
2081 277 2379 334 LXXXIII.
2421 281 2492 335 al.
2537 279 2815 338 LXXXIV.

3385 257 3408 284 1

3601 290 3703 346 πο

2119 389 2214 446 sed
2259 407 2358 460 pro
2404 392 2469 446 iis
2509 408 2630 461 quae
2675 408 2870 462 corpus
2908 402 2966 449 et
3010 395 3171 450 simul
3201 397 3431 453 animam
3463 413 3702 456 corrum-

2116 492 2249 553 punt
2288 502 2307 538 :
2339 482 2674 554 idipsumqne
2731 494 2890 555 agunt
2940 500 3004 541 ac
3045 487 3090 541 si
3140 488 3262 558 quis
3301 503 3495 560 corpus
3538 507 3701 549 exor-

2117 587 2270 638 nans,
2316 574 2630 642 putet‘usui
2672 590 2770 628 suo
2813 576 3093 646 pecuniam
3140 579 3470 648 impendere.
3519 580 3702 652 Itaque

2117 664 2204 718 ille
2232 666 2376 719 solus
2405 667 2676 734 voluptate
2705 667 2918 733 fruitur,
2960 683 3286 739 suarumque
3317 687 3496 726 rerum
3523 673 3696 728 domi-

2116 772 2213 808 nus
2241 765 2342 820 est,
2373 757 2459 825 qui
2498 757 2600 810 illis
2628 767 2684 810 ιιι
2713 774 2805 826 par
2831 768 2911 812 est
2943 759 3110 813 utitur
3133 777 3147 826 ;
3174 759 3225 813 hi
3258 776 3388 816 vero
3413 763 3554 818 servi
3575 771 3716 817 sunt

2115 854 2168 899 et
2194 847 2388 914 captivi
2417 863 2430 900 :
2463 863 2584 900 nam
2613 850 2852 916 corporis
2896 849 3234 904 inﬁrmitates
3256 860 3310 904 et
3333 853 3525 907 animae
3554 868 3698 907 mor-

2114 935 2213 990 bos
2257 946 2472 1004 augent.
2507 937 2784 1003 Quodnam
2829 954 2956 1010 ergo
2985 940 3193 995 fruendi
3219 955 3408 1011 genus,
3439 945 3525 996 ubi
3553 945 3700 998 obsi-

2113 1026 2223 1088 dio,
2256 1027 2476 1092 bellum,
2505 1037 2664 1097 atque
2696 1038 2985 1097 tempestas
3026 1033 3248 1086 marinis
3271 1033 3513 1100 procellis
3538 1036 3702 1089 velte-

2115 1119 2387 1173 tneutior?
2432 1119 2562 1174 Nam
2609 1120 2809 1176 divitiae
2850 1121 2894 1175 si
2924 1124 3141 1176 stultum
3171 1124 3441 1180 hominem
3470 1128 3692 1181 invene-

2115 1210 2240 1276 rint,
2274 1211 2574 1266 stultiorem
2607 1212 2876 1278 reddunt;
2923 1215 2967 1268 si
3001 1216 3278 1282 lascivum,
3328 1218 3686 1276 lasciviorem.

2116 1302 2314 1372 Ecqua,
2346 1301 2573 1372 inquies,
2612 1306 2829 1374 pauperi
2861 1320 2925 1360 ex
2957 1307 3237 1373 prudentia
3277 1309 3520 1364 utilitas?
3571 1310 3700 1366 Juro

2115 1391 2240 1444 illud
2279 1392 2510 1460 ignoras.
2538 1391 2721 1463 Neque
2750 1395 2891 1448 enim
2917 1409 3094 1449 cmcus
3125 1397 3245 1462 scit,
3275 1398 3400 1466 quid
3439 1401 3572 1454 lucri
3605 1401 3692 1455 lux

2113 1481 2315 1536 aluerat.
2346 1483 2480 1537 Audi
2512 1483 2856 1538 Salontonem
2882 1487 3148 1542 dicentem
3181 1504 3194 1540 :
3235 1488 3492 1555 Quantum
3517 1500 3587 1545 est
3620 1492 3700 1544 iu-

2115 1581 2190 1625 ter
2217 1572 2441 1626 tenebras
2470 1584 2516 1626 et
2547 1574 2709 1626 lucem
2741 1574 2982 1640 medium,
3029 1585 3223 1629 tantum
3259 1578 3462 1649 sapiens
3487 1578 3698 1633 stultum

2113 1675 2314 1732 superat
2354 1663 2562 1732 (Eccle.
2592 1665 2646 1718 2.
2685 1665 2776 1736 1⁵5)
2804 1707 2819 1720 .
2872 1666 2977 1721 Sed
3005 1683 3126 1722 cum
3155 1669 3244 1737 qui
3276 1670 3328 1723 in
3361 1671 3594 1727 tenebris
3616 1685 3701 1727 eet

2114 1757 2384 1825 quomodo
2425 1758 2784 1813 docebimus?
2831 1758 2964 1813 Nam
3006 1762 3349 1829 pecuniarum
3378 1779 3528 1817 amor
3556 1780 3699 1819 vera:

2117 1848 2353 1902 tenebra:
2401 1857 2547 1916 sunt,
2600 1865 2720 1919 qua:
2771 1865 2951 1904 rerum
2999 1851 3196 1906 nullam
3227 1854 3407 1907 sinunt
3434 1855 3700 1922 respicere

2113 1942 2283 2011 qualis
2336 1951 2438 2005 est,
2491 1941 2585 1996 sed
2635 1943 2740 1998 alio
2793 1945 2947 2015 longe
2998 1945 3179 2000 modo.
3241 1947 3696 2013 Quemadmodum

2113 2035 2254 2088 enim
2285 2035 2371 2103 qui
2400 2033 2453 2087 in
2483 2034 2722 2089 tenebris
2751 2043 2855 2102 est,
2883 2037 3094 2092 etiamsi
3123 2053 3219 2094 vas
3241 2054 3466 2094 aureum
3493 2041 3694 2105 videat,

2114 2127 2319 2182 etiamsi
2351 2126 2580 2198 lapidem
2609 2128 2925 2197 pretiosum,
2974 2130 3183 2186 etiamsi
3221 2132 3535 2186 vestimenta
3569 2125 3698 2201 pur-

2113 2233 2300 2288 purea,
2352 2233 2415 2274 ea
2467 2218 2599 2274 nihil
2644 2233 2766 2274 esse
2814 2221 3119 2286 existimat;
3168 2237 3274 2277 nou
3321 2223 3463 2278 enim
3510 2239 3694 2277 eorum

2115 2309 2562 2380 pulchritudinem
2605 2309 2794 2366 videt:
2827 2311 2906 2366 sic
2934 2320 2990 2366 et
3018 2313 3258 2382 pecunia:
3302 2328 3490 2368 amans
3536 2329 3699 2382 expe-

2115 2403 2392 2459 tendarum
2433 2419 2613 2458 rerum
2667 2402 3118 2474 pulchritudinem
3159 2413 3219 2459 ut
3268 2414 3540 2476 Oporteret
3589 2420 3692 2459 non

2116 2495 2278 2550 videt.
2329 2495 2534 2565 Dissipa
2567 2496 2698 2552 mihi
2727 2497 3006 2567 caliginem
3033 2512 3098 2553 ex
3143 2497 3246 2555 hoc
3281 2498 3467 2553 morbo
3496 2509 3688 2563 ortam,

2116 2598 2170 2643 et
2215 2595 2342 2644 tunc
2383 2588 2587 2644 videbis
2627 2605 2804 2645 rerum
2855 2599 3121 2659 naturam,
3153 2607 3273 2663 qua:
3317 2608 3576 2662 nusquam
3627 2593 3695 2646 ita

2118 2681 2326 2739 videtur
2371 2690 2427 2736 ut
2465 2681 2518 2735 in
2564 2691 2914 2751 paupertate:
2960 2697 3220 2753 nusquam
3268 2682 3340 2737 ita
3381 2683 3698 2738 evincuntur

2117 2771 2250 2826 nihil
2281 2786 2399 2826 esse
2420 2786 2482 2826 ea
2511 2787 2632 2841 qua:
2660 2786 2780 2826 esse
2807 2771 3074 2839 videntur,
3108 2782 3166 2828 ut
3195 2774 3246 2828 in
3278 2773 3636 2843 phil050phia.

2187 2864 2241 2919 4.
2285 2862 2561 2916 Domorum
2599 2863 2748 2931 quale
2789 2881 2959 2917 verum
2985 2865 3156 2930 decus,
3199 2865 3348 2934 quale
3389 2883 3560 2921 verum
3605 2867 3695 2921 de-

2116 2954 2286 3008 decus.
2312 2983 2386 2994 -—
2411 2952 2514 3008 Sed
2547 2970 2580 3005 o
2608 2954 2753 3008 stulti
2782 2953 3045 3022 homines,
3089 2956 3179 3026 qui
3219 2957 3541 3012 maledicunt
3567 2974 3695 3028 pan-

2118 3043 2364 3113 peribus,
2393 3054 2444 3099 et
2466 3044 2649 3099 dicunt
2679 3046 2743 3100 iis
2769 3055 2822 3100 et
2847 3046 3033 3101 domos
3063 3056 3116 3101 ct
3137 3047 3296 3101 vitam
3323 3048 3614 3118 delurpnri,
3643 3062 3695 3102 et

2113 3133 2299 3188 omnia
2318 3133 2682 3188 confundunt.
2713 3131 2850 3200 Quid
2873 3143 2956 3188 est
3002 3135 3146 3188 enim
3193 3135 3390 3192 domus
3417 3134 3700 3193 dedecus?

2115 3222 2234 3278 Non
2286 3223 2448 3277 habet
2491 3223 2752 3278 eboreum
2786 3223 2984 3277 lectum
3017 3262 3032 3287 ,
3080 3240 3188 3278 non
3242 3241 3367 3280 vasa
3402 3237 3696 3296 argentea;

2115 3314 2210 3369 sed
2266 3313 2452 3383 ﬁgliua
2505 3315 2688 3369 omnia
2741 3323 2793 3368 et
2842 3315 3038 3386 lignea.
3085 3314 3199 3370 lluc
3257 3326 3402 3371 certe
3457 3319 3698 3373 maxima

2116 3403 2314 3459 domus
2365 3403 2532 3474 gloria
2591 3412 2648 3458 et
2691 3403 2952 3458 nobilitas
3001 3415 3104 3459 est.
3149 3403 3504 3459 Saecularium
3554 3407 3700 3462 enim

2119 3509 2301 3549 rerum
2339 3506 2678 3567 contemptus
2726 3495 2779 3550 id
2818 3509 2962 3566 saepe
3005 3491 3188 3562 efﬁcit,
3235 3504 3296 3550 ut
3342 3495 3517 3550 Omnis
3569 3510 3696 3550 cura

2118 3585 2457 3656 studiumque
2501 3597 2668 3642 totum
2713 3587 2855 3642 circa
2899 3586 3130 3641 animam
3173 3586 3530 3656 impendatur.
3563 3586 3696 3642 Cum

2118 3693 2248 3748 ergo
2276 3680 2494 3731 multam
2528 3679 2579 3731 in
2612 3678 2970 3732 exterioribus
3001 3678 3410 3734 sollicitudinem
3462 3677 3695 3747 impendi

2121 3770 2340 3832 videris,
2391 3779 2515 3823 tunc
2556 3768 2816 3824 erubesco
2854 3768 2922 3822 de
2952 3778 3100 3822 tanto
3125 3769 3412 3824 dedecore.
3461 3769 3694 3823 Divitum

2121 3861 2262 3915 enim
2311 3860 2503 3915 domus
2548 3874 2652 3917 non
2683 3858 2914 3915 debitam
2943 3859 3166 3915 formant
3199 3860 3412 3916 habent.
3449 3862 3580 3914 Cum
3620 3862 3701 3914 vi-

2122 3950 2265 4006 deris
2293 3967 2422 4022 ergo
2449 3951 2586 4021 ligna
2617 3951 2878 4020 tapetibus
2905 3951 3097 4016 velata,
3128 3951 3298 4006 lectos
3337 3961 3558 4020 argento
3606 3965 3699 4004 or-

2125 4050 2277 4097 natos
2303 4041 2452 4111 quasi
2480 4042 2532 4095 in
2565 4041 2794 4108 theatro,
2825 4042 2974 4112 quasi
3003 4043 3054 4096 in
3085 4056 3276 4111 pompa
3303 4041 3540 4106 scenica,
3568 4041 3695 4112 quid

2125 4135 2247 4188 huic
2293 4132 2602 4203 turpitudini
2649 4149 2743 4202 par
2796 4131 2994 4188 fuerit?
3019 4133 3148 4202 Quae
3183 4135 3352 4205 magis
3381 4133 3572 4187 domus
3609 4149 3701 4187 ur-

2123 4225 2372 4290 chestrze,
2404 4233 2458 4280 et
2487 4225 2552 4279 iis
2580 4241 2697 4296 qua:
2731 4226 2781 4279 in
2813 4225 3087 4280 orchestra
3135 4225 3268 4280 ﬁunt
3293 4266 3306 4290 ,
3353 4225 3542 4280 similis
3581 4224 3702 4280 est?

2123 4317 2392 4382 divitisne,
2421 4325 2512 4370 aut
2539 4318 2830 4388 pauperis?
2868 4318 3060 4372 Annon
3106 4319 3280 4388 palam
3309 4330 3388 4374 est
3417 4328 3537 4374 esste
3563 4318 3702 4373 divi-

2125 4412 2232 4466 tis?
2278 4411 2400 4464 iltec
2437 4410 2596 4480 igitur
2633 4410 2787 4478 plena
2833 4410 3164 4479 turpitudine
3201 4421 3303 4466 est.
3351 4411 3481 4479 Quae
3509 4411 3704 4466 domus

2127 4503 2274 4558 Pauli
2324 4511 2376 4556 et
2418 4500 2705 4556 Abrahami
2753 4501 2999 4557 domibus
3039 4503 3230 4557 similis
3275 4504 3396 4558 est?
3447 4503 3706 4572 Pauperis

2128 4593 2312 4664 procul
2333 4591 2516 4647 dubio.
2545 4591 2670 4646 Ηειιο
2717 4607 2846 4664 ergo
2893 4592 3126 4648 maxime
3160 4604 3345 4648 ornata
3375 4603 3459 4650 est
3493 4604 3548 4648 et
3575 4608 3706 4648 con-

2125 4686 2328 4755 spicua.
2376 4683 2442 4736 Et
2472 4691 2528 4737 ut
2557 4683 2732 4738 discas
2767 4683 2895 4738 illud
2940 4686 3172 4741 maxime
3220 4686 3413 4740 domus
3458 4689 3703 4740 ornatum

2125 4793 2266 4842 esse,
2307 4776 2589 4846 ingredere
2621 4777 2672 4830 in
2703 4777 2920 4832 domum
2966 4776 3231 4845 Zacchtri,
3271 4787 3326 4834 et
3367 4779 3512 4834 disce
3569 4794 3702 4850 quo-

2127 4868 2288 4924 modo
2316 4868 2591 4922 ornaverit
2632 4881 2749 4923 eam
2783 4870 3050 4924 Christum
3074 4883 3396 4940 excepturus
3427 4889 3439 4924 :
3483 4885 3589 4924 non
3615 4885 3708 4925 cn-

2126 4961 2298 5015 currit
2338 4960 2404 5014 ad
2439 4961 2667 5026 vicinos,
2711 4976 2810 5015 nec
2841 4961 2991 5029 petiit
3020 4971 3236 5016 ornatas
3262 4962 3456 5030 januas
3485 4962 3703 5025 bifores,

2126 5069 2232 5109 non
2261 5052 2542 5110 cathedras
2567 5062 2623 5108 et
2651 5053 2900 5108 subsellia
2930 5069 2993 5108 ex
3021 5053 3187 5110 ebore
3225 5055 3563 5120 concinnata,
3605 5069 3704 5109 nec

2125 5145 2308 5200 eduxit
2357 5161 2421 5199 ex
2473 5145 2739 5214 penuariis
2781 5144 3040 5200 Laconica
3071 5145 3364 5209 velamina;
3409 5146 3502 5200 sed
3534 5153 3704 5200 totum

2125 5237 2339 5291 ornavit
2358 5245 2416 5291 ut
2432 5235 2701 5291 Christum
2725 5236 2967 5292 decebat.
2989 5236 3120 5304 Quis
3145 5237 3235 5292 ille
3255 5237 3510 5293 ornatus?
3535 5235 3704 5290 Dimi~

2125 5327 2284 5393 dium,
2316 5326 2510 5395 inquit,
2542 5326 2784 5380 bonorum
2807 5343 3053 5392 meorum,
3086 5327 3321 5390 Domine,
3374 5328 3439 5382 do
3468 5329 3706 5400 pauperi-

2124 5417 2253 5480 bus;
2280 5419 2389 5471 etsi
2416 5417 2539 5485 quid
2557 5419 2773 5486 aliquem
2797 5417 3114 5488 defruudasi,
3138 5419 3348 5474 reddam
3367 5419 3708 5491 quadruplum

2125 5509 2278 5580 (Luc.
2311 5511 2396 5566 l9.
2427 5510 2505 5580 8).
2535 5510 2624 5565 Sic
2644 5520 2699 5565 et
2723 5527 2822 5567 nos
2843 5512 3033 5567 domus
3057 5529 3331 5580 ornemus,
3357 5523 3411 5568 ιιι
3438 5512 3705 5568 Christum

2122 5603 2494 5670 suscipiamus.
2550 5602 2640 5657 liae
2669 5604 3040 5673 pulcherrimae
3083 5603 3284 5662 bifores
3312 5617 3440 5660 sunt
3470 5625 3483 5660 :
3513 5605 3627 5660 ha~c
3655 5606 3707 5660 iu

2124 5694 2269 5748 cat-lis
2319 5703 2663 5764 apparantur,
2719 5695 2900 5766 ibique
2957 5703 3228 5754 texuntur.
3277 5697 3375 5755 Ubi
3408 5699 3519 5753 lucc
3553 5706 3706 5763 sunt,
