4094 6216
377 180 474 297 ist
684 240 699 257 ⁵
1079 235 1139 295 s.
1175 234 1453 294 JOANNIS
1486 236 1954 292 Cllltl'SOSTOMl
1983 237 2294 295 AlttJltEt'.
2327 245 2852 308 CONSTANTINOP.

379 362 451 416 ibi
478 361 638 416 etiam
664 359 778 416 Rex
806 357 1055 415 ca-lorum
1082 364 1185 413 est.
1228 354 1284 411 Si
1322 353 1427 408 alio
1466 352 1626 407 modo
1650 351 1948 419 ornaveris,

373 452 644 507 diabolum
670 464 851 514 vocas,
881 448 1131 517 illiusque
1167 445 1413 501 chorum.
1455 443 1615 499 Venit
1657 446 1817 499 etiam
1862 445 1952 501 ille

375 544 426 598 in
473 544 690 597 domum
735 538 968 595 Mattbzei
1016 537 1281 610 publicani
1329 535 1541 605 (Matth.
1569 534 1766 604 9.10).
1814 536 1951 605 Quid

372 650 500 706 ergo
538 635 663 689 fecit
706 634 836 689 ille?
880 632 1129 687 Ferventi
1160 629 1432 700 proposito
1457 627 1683 698 primum
1714 628 1948 694 seipsum

372 728 605 792 ornavit,
651 733 761 780 tum
792 723 1029 779 dimissis
1057 720 1306 777 omnibus
1352 730 1613 788 sequutus
1654 726 1744 773 est'
1777 718 1947 772 illum.

370 821 461 874 Sic
489 820 771 873 Cornelius
798 817 1017 871 domum
1050 813 1260 867 ornavit
1301 811 1549 891 precibus
1569 819 1621 864 et
1645 811 1947 879 eleemosy-

369 911 451 964 nis
485 910 622 981 (Act.
642 909 731 964 {0.
756 909 814 973 4)
844 923 861 962 :
906 906 1129 973 ideoque
1160 903 1417 957 hactenus
1440 901 1603 970 fulget
1643 900 1761 971 plus
1788 915 1945 970 quam

370 1006 531 1073 regiae
578 1002 740 1058 aedes.
770 1000 959 1055 Vilitas
1002 998 1199 1067 quippe
1225 995 1419 1049 domus
1450 1008 1553 1047 non
1584 1007 1613 1046 a
1645 991 1783 1046 vasis
1830 991 1947 1095 sine

366 1098 556 1152 ordine
600 1094 870 1166 projectis,
914 1108 1018 1146 non
1044 1107 1074 1144 a
1105 1089 1346 1159 neglecto
1372 1087 1534 1150 lecto,
1577 1099 1683 1139 non
1713 1099 1741 1135 a
1771 1087 1940 1138 muris

367 1191 512 1245 fumo
557 1187 885 1250 obscuratis,
927 1183 1021 1239 sed
1083 1198 1111 1235 a
1163 1180 1393 1250 nequitia
1459 1176 1833 1231 habitantium.
1887 1173 1944 1229 ld

365 1280 507 1350 quod
547 1294 676 1333 sane
704 1277 953 1332 Christus
982 1273 1237 1337 ostendit,
1285 1271 1376 1340 qui
1419 1270 1471 1323 in
1518 1268 1673 1321 talem
1701 1266 1939 1330 domum,

365 1374 492 1426 dum
541 1372 584 1424 is
625 1370 713 1439 qui
757 1370 807 1422 in
851 1368 939 1421 illa
990 1365 1195 1420 habitat
1224 1364 1291 1417 sit
1334 1361 1552 1432 probus,
1600 1359 1799 1413 intrare
1837 1374 1941 1413 non

366 1462 668 1525 erubescit;
720 1460 772 1514 in
822 1459 961 1513 illam
1012 1472 1139 1511 vero
1181 1455 1359 1509 aliam.
1410 1450 1615 1505 etiamsi
1665 1464 1829 1504 aureo
1871 1449 1945 1501 la-

364 1554 547 1624 queari
589 1553 844 1606 instructa
897 1551 993 1608 sit.
1026 1562 1312 1615 nttmquam
1341 1543 1575 1640 intrabit.
1612 1540 1806 1640 Itaque.
1828 1539 1942 1594 haec

364 1647 524 1716 regiis
547 1644 749 1699 aedibus
771 1641 1097 1710 splendidior
1123 1648 1225 1699 est,
1251 1653 1367 1703 qua!
1393 1633 1629 1686 omnium
1659 1630 1939 1734 Pominum

364 1741 589 1807 recipit;
632 1737 719 1791 illa
764 1750 892 1788 vero
939 1750 1058 1786 cum
1100 1728 1330 1799 laqueari
1364 1735 1411 1781 et
1441 1725 1704 1813 columnis
1738 1725 1938 1823 aureis,

364 1832 490 1885 r'vis
514 1841 564 1882 et
592 1828 787 1882 cloacis
811 1825 1032 1894 impuris
1058 1822 1245 1876 similis
1272 1830 1373 1883 est,
1422 1832 1541 1886 qua:
1587 1828 1709 1868 vasa
1737 1811 1936 1866 diaboli

362 1922 574 1979 habeat.
623 1921 748 1976 llzcc
789 1916 1121 1988 porro-dicta
1153 1913 1306 1968 nobis
1338 1926 1441 1964 non
1473 1908 1672 1963 divites
1696 1912 1940 1974 spectant

363 2015 617 2069 decorum
640 2020 935 2072 servantes,
958 2004 1051 2062 sed
1080 2018 1270 2059 avaros
1308 2011 1360 2056 ct
1404 1998 1639 2069 pecuniae
1670 2001 1932 2049 amantes.

3533 264 3641 319 7.7!

2061 357 2212 425 Apud
2242 357 2339 414 bos
2370 362 2511 416 enim
2537 365 2679 421 nulla
2720 367 2788 422 de
2825 372 3143 427 necessariis
3169 373 3327 430 rebus
3364 392 3489 432 cura
3533 393 3635 445 est.

2059 444 2153 498 sed
2180 447 2247 502 de
2270 461 2476 517 ventre,
2500 452 2568 508 de
2599 459 2928 521 trmnleutia.
2955 461 3131 531 deque
3161 463 3282 518 aliis
3310 444 3640 537 turpitudine

2060 534 2265 601 plenis;
2297 540 2347 593 in
2378 541 2464 594 illa
2490 555 2670 599 autem
2702 546 2771 603 de
2794 550 3123 621 philosophia
3164 534 3528 615 studium-est.
3554 563 3627 618 ld-

2057 626 2201 681 circo
2249 644 2536 701 numquam
2586 636 2635 689 in
2678 637 2893 694 dotnutn
2922 644 3252 707 splendidam
3283 648 3525 706 Christus
3550 654 3627 708 in-

2056 716 2255 782 troivit,
2312 722 2404 776 sed
2459 725 2509 777 in
2557 727 2843 797 publicani,
2884 735 3141 805 principis
3187 739 3629 811 publicanorum,

2058 806 2336 873 piscatoris
2377 812 2585 880 domos,
2630 820 2806 875 missis
2854 825 3010 893 regiis
3052 828 3291 895 tudibus,
3342 835 3519 889 missis
3566 837 3633 890 iis

2055 898 2145 962 qui
2200 902 2451 959 mollibus
2484 906 2773 965 induuntur
2819 916 3173 975 vestimentis.
3200 920 3259 975 Si
3284 932 3337 976 tu
3368 925 3527 994 igitur
3566 927 3630 981 il-

2055 986 2163 1040 lntn
2196 989 2244 1044 in
2271 991 2486 1048 domum
2512 1007 2652 1051 tuam
2683 1016 2873 1056 vocare
2893 1007 3041 1069 velis,
3073 1024 3201 1064 orna
3228 1010 3374 1066 illam
3400 1016 3636 1069 elcetno-

2053 1079 2223 1149 synis,
2277 1085 2542 1150 precibus,
2600 1094 2910 1162 pervigiliis.
2957 1100 3448 1167 supplicationibus.
3505 1107 3629 1164 Haec

2052 1170 2247 1237 quippe
2278 1174 2419 1243 regis
2444 1176 2640 1235 Christi
2685 1194 2813 1238 sunt
2852 1187 3009 1254 dona,
3045 1190 3131 1245 illa
3176 1208 3303 1248 vero
3337 1212 3624 1266 mamonae,

2051 1259 2248 1316 Christi
2282 1266 2503 1325 inimici.
2534 1270 2809 1330 Neminem
2859 1295 2987 1351 ergo
3028 1284 3223 1351 pudeat
3261 1288 3478 1345 domum
3529 1259 3627 1348 ha;

2052 1351 2178 1407 bere
2203 1356 2382 1424 vilem,
2411 1360 2455 1414 si
2488 1362 2601 1419 haec
2626 1378 2810 1422 nactus
2830 1371 2898 1424 sit
2919 1387 3227 1431 ornamenta
3254 1394 3268 1443 ;
3300 1396 3458 1435 nemo
3478 1382 3627 1440 dives

2051 1443 2218 1528 altum
2244 1449 2415 1515 sapiat
2442 1450 2509 1506 de
2536 1458 2815 1525 magniﬁca
2852 1461 3031 1529 damn,
3076 1467 3171 1521 sed
3217 1472 3389 1538 potius
3430 1475 3625 1530 erube—

2050 1525 2184 1599 scat,
2229 1549 2282 1590 et
2315 1539 2399 1593 illa
2434 1543 2635 1607 relicta,
2668 1547 2802 1604 hane
2829 1525 3040 1622 deligat,
3075 1567 3131 1611 ut
3160 1525 3326 1616 et'bic
3353 1562 3623 1621 Christum

2050 1627 2299 1695 excipiat,
2330 1638 2386 1684 et
2413 1632 2521 1687 illic
2549 1638 2764 1693 arternis
2803 1641 3005 1699 fruatur
3033 1649 3406 1719 tabernaculis,
3454 1657 3625 1723 gratia

2051 1726 2104 1768 et
2132 1717 2454 1788 benignitate
2488 1724 2692 1782 Domini
2726 1734 2890 1786 nostri
2921 1734 3048 1789 Jesn
3075 1738 3293 1806 Christi,
3341 1717 3427 1798 cui
3455 1717 3625 1816 gloria

2048 1816 2102 1861 et
2131 1808 2412 1877 imperium
2441 1816 2456 1845 ¹
2488 1814 2538 1869 in
2569 1822 2758 1873 smcula
2785 1825 3122 1882 stt-culorum.
3150 1828 3341 1887 Amen.

2545 1952 2756 2029 libent,
2792 1955 2873 2029 cui
2912 1957 3073 2029 glqria
3113 1969 3168 2029 et
3194 1964 3469 2026 irnperium,
3514 1982 3625 2019 cunt

2046 2006 2226 2051 attento
2251 2012 2405 2067 Patre,
2427 2017 2472 2059 et
2495 2026 2605 2063 cum
2625 2006 2789 2068 stntcto
2806 2006 3067 2085 divini/ilco
3087 2006 3281 2086 spiruu:

360 2114 3626 2252 ΜΝ*

360 2350 489 2405 Car.
529 2344 617 2399 26.
662 2359 716 2397 ν.
747 2342 831 2396 51.
880 2336 945 2391 Et
1000 2350 1111 2389 ecce
1155 2346 1285 2384 unus
1312 2321 1637 2420 eorum-qui.
1662 2334 1777 2420 cum
1809 2312 1934 2420 Iesu

428 2446 571 2491 erant
596 2476 612 2500 ,
657 2430 930 2487 extendens
981 2439 1184 2479 manum
1209 2463 1221 2483 ,
1257 2414 1534 2488 evaginavit
1575 2410 1846 2515 gladium,

433 2498 714 2598 percutiens
757 2537 955 2576 servum
988 2514 1240 2589 pontificis
1274 2553 1290 2575 ,
1332 2504 1606 2578 amputavit
1641 2498 1929 2604 tiu-cicutam

429 2595 557 2691 ejus.
581 2617 669 2672 5%.
701 2614 841 2670 Tunc
869 2613 993 2666 dixit
1016 2610 1059 2663 ei
1082 2607 1231 2661 Jesus
1252 2620 1281 2699 7:
1310 2602 1557 2699 Converte
1600 2595 1826 2699 gladium
1859 2595 1932 2699 .iu

429 2684 593 2766 locum
620 2725 785 2762 suum.
813 2706 998 2760 Omnes
1025 2701 1157 2755 enim
1177 2698 1261 2768 qui
1283 2694 1507 2766 gladium
1528 2688 1795 2759 accipient,
1819 2684 1934 2755 gla—

429 2805 515 2857 dio
545 2802 793 2870 peribunt.
821 2798 910 2852 53.
941 2797 1021 2848 An
1073 2802 1219 2862 putas
1247 2788 1364 2859 quia
1404 2802 1503 2838 non
1527 2795 1726 2876 possum
1756 2790 1936 2876 rogare

432 2866 643 2948 Putrem
670 2933 686 2957 ,
713 2900 758 2943 et
800 2888 938 2943 sistet
969 2883 1092 2955 mihi
1119 2896 1253 2936 nunc
1301 2878 1415 2946 plus
1469 2888 1618 2943 quam
1669 2866 1931 2957 duodecim

430 2987 651 3058 legiones
674 2956 1010 3050 angelorum?
1038 2974 1126 3029 54.
1158 2966 1424 3038 Quomodo
1452 2979 1568 3035 ergo
1598 2956 1936 3029 implebantur

429 3081 726 3149 scripturae,
752 3074 873 3144 quia
896 3073 967 3127 sic
992 3075 1183 3137 θρονιοι
1209 3059 1362 3161 ﬁeri
1398 3155 1409 3161 _
1512 3152 1523 3161 δ’
1604 3150 1616 3161 ,
1675 3149 1706 3161 υ

430 3175 482 3229 Ι.
515 3171 617 3227 Cur
657 3168 887 3224 Christus
916 3158 1178 3231 discipulis
1208 3153 1429 3225 permisit
1470 3152 1523 3203 ul
1563 3149 1762 3219 gladios
1790 3149 1936 3202 habe-

353 3279 484 3322 rent.
511 3296 584 3309 —
604 3264 734 3332 Quis
772 3268 852 3314 est
879 3274 1014 3314 unus
1043 3255 1143 3310 iste
1163 3252 1249 3323 qui
1271 3249 1561 3305 auriculam
1601 3244 1934 3313 amputavit?

353 3359 587 3416 Joannes
610 3358 743 3412 dixit
779 3354 943 3409 fuisse
988 3350 1200 3405 Petrum
1233 3343 1430 3417 (Joau.
1460 3341 1546 3396 18.
1575 3339 1638 3395 10
1658 3337 1699 3409 ).
1734 3338 1932 3407 Estque

355 3449 607 3506 ferventis
631 3447 773 3502 illius
797 3444 959 3499 animi
984 3455 1136 3511 opus.
1162 3436 1264 3493 Sed
1297 3433 1423 3490 illud
1443 3429 1787 3504 quaerendum
1815 3438 1930 3493 est,

355 3557 455 3600 cur
475 3539 709 3613 gladium
740 3535 1061 3608 gestabant,
1087 3529 1229 3602 quod
1262 3544 1363 3583 nou
1396 3526 1523 3582 hinc
1552 3522 1722 3577 solum
1754 3531 1929 3592 patet,

352 3635 449 3693 sed
487 3636 608 3708 quia
640 3631 941 3701 interrogati
970 3627 1247 3692 dixerunt,
1283 3623 1417 3680 duos
1449 3623 1533 3678 hic
1558 3638 1676 3677 esse
1706 3621 1927 3692 gladios.

352 3727 460 3782 Cor
500 3724 741 3797 permisit
768 3722 874 3777 illis
898 3720 1141 3774 Christus
1170 3727 1227 3770 ttt
1263 3716 1469 3787 gladios
1501 3713 1803 3769 baberent?
1834 3713 1929 3767 Et-

350 3820 492 3875 enim
521 3818 623 3874 hoc
647 3818 721 3872 ait
747 3816 917 3872 Lucas
963 3816 1135 3884 ipsum
1177 3811 1377 3867 dixisse
1407 3826 1421 3863 :
1450 3808 1666 3874 Quando
1692 3804 1804 3858 misi
1844 3819 1930 3858 vos

353 3911 462 3964 sine
487 3910 689 3965 sacculo
718 3918 764 3963 et
790 3925 908 3978 pera
927 3917 975 3960 et
1002 3904 1349 3959 calceamentis
1365 3944 1379 3968 ,
1412 3918 1532 3955 num
1554 3900 1813 3970 quidpiam
1839 3899 1928 3951 de-

349 4003 445 4073 fuit
470 4002 653 4057 vobis?
692 4001 932 4070 Cumque
975 3997 1377 4067 respondissent
1426 3993 1502 4048 illi
1529 4034 1544 4053 .
1593 3990 1762 4051 Nihil,
1794 3990 1929 4044 dixit

352 4095 432 4149 eis
462 4109 477 4145 :
509 4094 614 4149 Sed
639 4110 773 4148 nunc
794 4092 881 4161 qui
913 4091 1057 4144 habet
1094 4089 1355 4144 sacculum
1378 4126 1393 4149 ,
1427 4085 1572 4139 tollat
1616 4082 1851 4138 similiter
1878 4089 1925 4135 et

349 4201 525 4255 peram
547 4199 568 4239 :
591 4194 639 4236 et
663 4184 751 4249 qui
777 4199 877 4236 non
924 4180 1091 4239 habet.
1120 4180 1300 4233 vendat
1343 4177 1690 4230 vestimentum
1729 4190 1876 4227 suum
1904 4189 1923 4238 ,°

346 4286 393 4328 et
418 4287 548 4330 emat
572 4275 799 4346 gladium
840 4272 986 4343 (Luc.
1011 4271 1100 4327 22.
1128 4270 1199 4326 35
1228 4300 1250 4311 -
1283 4268 1395 4339 38).
1425 4267 1487 4322 Et
1512 4282 1631 4321 cum
1662 4264 1929 4319 dixissent

348 4370 449 4438 illi,
475 4384 594 4424 esse
643 4369 729 4421 hic
782 4366 988 4437 gladios
1036 4364 1190 4425 duos,
1222 4362 1354 4416 dixit
1405 4359 1529 4421 illis,
1560 4356 1778 4427 Sufﬁcit.
1820 4351 1929 4408 Cur

343 4481 474 4536 ergo
506 4464 557 4519 id
608 4460 848 4531 permisit
879 4461 1023 4513 illis?
1054 4459 1121 4515 Ut
1151 4456 1306 4511 tidem
1341 4454 1447 4509 illis
1476 4453 1674 4507 laceret
1717 4463 1775 4502 se
1816 4456 1922 4501 tra-

341 4556 574 4612 dendum
608 4553 742 4608 fore.
776 4552 898 4607 Ideo
922 4551 1056 4606 dixit
1087 4550 1213 4614 illis,
1250 4548 1398 4602 Emat
1426 4545 1697 4617 gladium;
1722 4559 1826 4598 non
1868 4553 1925 4598 ut

340 4653 703 4709 armarentur,
732 4644 904 4705 absit;
933 4643 1025 4696 sed
1060 4650 1115 4695 nt
1143 4657 1237 4709 per
1263 4640 1365 4696 hoc
1396 4641 1753 4711 proditionem
1779 4639 1924 4695 indi-

337 4747 512 4794 caret.
545 4738 611 4792 Et
640 4751 832 4806 quare,
866 4736 1096 4805 inquies.
1128 4749 1308 4803 peram
1342 4733 1539 4789 habere
1563 4734 1767 4803 jussit?
1805 4734 1921 4791 M0.

340 4834 499 4887 nabat
527 4847 622 4886 eos
674 4841 732 4884 nt
760 4830 1011 4899 deinceps
1050 4831 1239 4886 attenti
1269 4842 1448 4889 essent
1485 4844 1541 4888 et
1597 4836 1872 4906 vigilarent
1901 4880 1917 4905 ,

337 4939 631 4992 magnaque
668 4922 943 4993 diligentia
972 4933 1266 4980 uterentur.
1304 4926 1460 4982 Initio
1485 4931 1667 4996 enim,
1700 4942 1758 4987 ut
1810 4934 1923 4989 im-

345 5014 565 5080 peritos,
597 5013 760 5067 multa
788 5030 881 5068 sna
910 5019 1101 5070 virtute
1128 5016 1343 5074 fovebat
1367 5039 1382 5084 ;
1410 5022 1602 5079 deinde
1617 5041 1745 5081 vero
1767 5029 1919 5097 quasi

344 5104 519 5172 pullos
549 5122 611 5161 ex
639 5105 763 5159 nido
787 5105 1029 5172 eductos,
1050 5107 1194 5176 jubet
1227 5113 1548 5179 prnpriisnti
1571 5114 1687 5168 alis.
1720 5116 1920 5175 Deinde

343 5213 409 5251 ne
438 5206 706 5267 putarent,
728 5212 788 5251 se
819 5214 925 5266 prae
954 5200 1322 5257 imbecillitate
1347 5204 1579 5260 omissos
1623 5205 1809 5273 fuisse,
1831 5209 1922 5277 ju-

341 5290 476 5345 bens
504 5290 622 5345 illos
647 5306 741 5345 sua
771 5279 983 5358 all'erre,
1014 5292 1187 5361 priora
1219 5293 1269 5346 in
1302 5308 1534 5350 mentem
1562 5310 1809 5364 revocat,
1838 5300 1919 5354 di-

339 5396 507 5437 cens:
539 5382 663 5437 Cum
700 5383 813 5436 misi
836 5398 924 5439 uos
944 5386 1052 5437 sine
1075 5387 1298 5451 sacculo,
1330 5404 1449 5440 num
1471 5389 1732 5460 quidpiam
1758 5391 1920 5462 defuit

338 5472 519 5527 nobis?
545 5483 600 5529 ttt
622 5476 870 5546 utrinque
893 5476 1031 5530 illius
1053 5478 1340 5553 potentiam
1369 5480 1691 5547 adimerent,
1713 5492 1767 5537 et
1795 5484 1916 5552 quia

340 5566 593 5633 protexit,
622 5576 677 5623 et
706 5568 828 5638 quia
856 5583 995 5621 nunc
1023 5569 1221 5622 sensittt
1254 5571 1371 5624 illos
1399 5571 1669 5641 relinquit.
1694 5574 1797 5629 Sed
1831 5592 1920 5631 un-

334 5653 526 5710 denunt
558 5659 626 5713 ibi
652 5658 810 5728 gladii
857 5661 1052 5713 erant?
1082 5660 1158 5713 Ea
1199 5677 1349 5716 cinna
1401 5670 1455 5716 ct
1500 5680 1685 5720 mensa
1717 5674 1915 5739 egressi

2045 2314 2277 2375 fuerant.
2308 2325 2607 2389 Verisimile
2636 2349 2813 2394 autem
2844 2352 2927 2397 est
2967 2344 3038 2400 ibi
3088 2348 3293 2419 gladios
3345 2349 3509 2404 fuisse
3552 2349 3620 2404 ad

2042 2415 2330 2472 secandum
2354 2437 2547 2491 agnttm
2575 2445 2588 2491 ;
2619 2431 2739 2484 hinc
2765 2449 2885 2488 cum
2912 2438 3207 2508 audissent,
3244 2444 3413 2512 ipsum
3440 2460 3468 2497 a
3498 2446 3619 2515 qui-

2043 2503 2261 2562 busdam
2291 2512 2644 2577 invadendum
2671 2542 2813 2595 esse,
2845 2532 3076 2601 gladium
3097 2540 3409 2606 sumpsisse,
3443 2551 3499 2595 ut
3521 2560 3619 2614 pro

2042 2601 2301 2667 magi-“r0
2324 2625 2643 2680 pugnarent,
2673 2620 2814 2687 quod
2845 2638 2911 2677 ex
2943 2625 3151 2681 illorum
3182 2637 3389 2687 tantum
3424 2651 3620 2706 propo-

2040 2689 2145 2743 sito
2180 2705 2228 2749 et
2266 2699 2537 2760 voluntate
2566 2707 2759 2765 factum
2788 2725 2888 2770 est.
2919 2717 3254 2789 Quapropter
3281 2689 3496 2781 Petrtim
3526 2689 3614 2783 iu-

2040 2800 2223 2856 crepat
2255 2796 2395 2864 quod
2432 2800 2611 2870 gladio
2641 2821 2767 2861 usus
2797 2810 2887 2871 sit.
2918 2811 3075 2882 idque
3100 2815 3280 2870 addita
3313 2818 3616 2876 vehementi

2039 2887 2472 2946 comminatione.
2504 2895 2633 2951 Nam
2665 2914 2877 2957 servum
2902 2907 3203 2964 venientem
3223 2911 3365 2969 ultus
3389 2925 3491 2979 est,
3522 2933 3617 2971 ar-

2037 2971 2477 3076 denterquidem,
2503 3002 2684 3043 verum
2713 3006 2819 3047 non
2854 3009 2912 3049 se
2932 2996 3243 3067 defendens,
3264 3006 3357 3061 sed
3383 2971 3617 3076 proma-

2037 3065 2206 3133 gistro
2234 3086 2492 3140 pugnans.
2537 3079 2718 3151 Neque
2754 3088 2995 3155 permisit
3032 3065 3277 3150 Christus
3323 3065 3616 3171 ut'aliquod

1974 3240 1979 3245 ὓ
2040 3162 2163 3220 hinc
2182 3165 2433 3226 damnum
2453 3188 2766 3244 emergeret.
2794 3180 2921 3236 Nam
2941 3190 3149 3243 sanavit
3173 3206 3407 3263 servum,
3423 3206 3477 3252 et
3495 3213 3614 3252 ma-

2036 3274 2197 3329 gnum
2220 3263 2527 3322 miraculum
2544 3270 2729 3339 edidit,
2748 3276 2886 3342 quod
2907 3289 3084 3348 posset
3095 3291 3148 3336 et
3170 3284 3544 3357 benignitatem
3562 3302 3619 3348 et

2038 3356 2326 3422 potentiam
2348 3373 2498 3414 suam
2522 3363 2843 3435 patefacere,
2868 3385 3072 3425 necnon
3100 3356 3345 3447 discipuli
3374 3396 3614 3440 amorem

2035 3442 2194 3499 simul
2215 3455 2268 3500 et
2284 3454 2741 3512 mansuetudinem
2760 3477 2773 3512 :
2793 3476 2914 3516 naut
2944 3464 3072 3520 illud
3090 3484 3156 3523 ex
3172 3487 3353 3528 amore
3377 3513 3391 3536 ,
3413 3471 3514 3529 hoc
3541 3492 3613 3532 ex

2035 3536 2338 3596 nbedientia
2382 3543 2596 3602 fecerat.
2634 3551 2765 3605 Cum
2795 3552 3029 3610 audisset
3047 3562 3209 3629 enim,
3230 3562 3616 3636 Mittegladium

2035 3631 2086 3684 in
2101 3632 2333 3703 vaginam
2369 3641 2704 3712 suam(loan.
2725 3645 2811 3701 l8.
2846 3648 3157 3716 ll).statim
3172 3631 3613 3728 obsequutusest,

2037 3736 2135 3779 nee
2153 3736 2330 3792 postea
2350 3729 2577 3799 idipsum
2598 3735 2738 3792 fecit.
2758 3738 3065 3804 Aliusdicit,
3088 3743 3442 3818 interrogasse
3468 3752 3611 3818 illos,

2035 3815 2099 3871 Si
2116 3821 2418 3885 percutimus
2445 3824 2464 3891 (
2478 3821 2608 3879 Luc.
2635 3826 2725 3881 22.
2748 3829 2839 3900 49)
2867 3849 2881 3885 :
2906 3832 3078 3901 ipsum
3104 3852 3233 3894 vero
3254 3815 3610 3910 prohibuisse,

2032 3919 2089 3963 et
2104 3927 2314 3968 servum
2331 3918 2617 3973 sanavisse.
2640 3920 2966 3992 Discipulum
2990 3938 3167 3985 autem
3188 3931 3497 4003 increpavit,
3517 3937 3617 3991 ad.

2031 3999 2140 4055 dita
2183 4010 2612 4072 comminatione,
2657 4020 2714 4066 ut
2756 4014 2843 4070 ille
2884 4032 3088 4074 morem
3124 4033 3335 4090 gereret
3368 4042 3383 4079 :
3421 4024 3614 4083 Omnes

2033 4092 2185 4157 enim,
2230 4095 2418 4166 inquit,
2460 4102 2550 4171 qui
2577 4103 2805 4174 gladium
2856 4108 3123 4179 accipient,
3155 4113 3331 4182 gladio
3354 4116 3607 4183 peribunt.

2033 4185 2098 4238 Et
2127 4189 2387 4244 rationem
2414 4192 2627 4262 adjecit,
2645 4194 2832 4252 dicens
2857 4217 2869 4252 :
2903 4199 2980 4252 An
3009 4203 3198 4270 putatis
3219 4204 3338 4272 quia
3362 4223 3460 4260 non
3489 4225 3610 4279 pos-

2030 4296 2141 4333 sum
2165 4298 2345 4351 rogare
2373 4283 2577 4340 Patrem
2598 4305 2784 4356 meum,
2812 4301 2858 4344 et
2884 4293 3023 4347 sistet
3053 4296 3176 4349 milii
3192 4296 3455 4369 plusquam
3475 4302 3611 4358 duo-

2032 4372 2191 4426 decim
2220 4376 2438 4445 legiones
2464 4382 2803 4452 angelorum?
2839 4385 2945 4440 Sed
2974 4390 3225 4457 quamodo
3267 4392 3614 4463 implebantur

2033 4465 2317 4535 Scriptura:
2336 4469 2361 4521 ?
2387 4469 2477 4523 llis
2508 4472 2607 4525 feri
2620 4489 2768 4529 orem
2797 4493 2983 4531 eorum
3015 4481 3299 4545 restinxit,
3344 4486 3611 4541 ostendit-

2029 4577 2135 4631 que
2183 4564 2233 4618 id
2289 4566 2339 4620 itt
2372 4568 2661 4639 Scripturis
2688 4575 2889 4628 haberi.
2922 4576 3045 4631 Ideo
3076 4580 3221 4647 prius
3266 4581 3609 4650 precabatur,

2030 4665 2088 4708 ttt
2116 4656 2256 4724 quod
2297 4660 2637 4731 contingebat
2680 4666 2790 4719 miti
2833 4670 3012 4721 animo
3061 4669 3278 4732 ferrent.
3328 4684 3610 4744 postquam

2026 4748 2307 4805 audierant
2352 4752 2401 4806 id
2457 4757 2747 4811 secundum
2783 4760 3104 4816 voluntatem
3137 4764 3225 4817 Dei
3272 4764 3407 4821 ﬁeri.
3438 4767 3505 4821 Et
3527 4768 3613 4824 his

2029 4839 2237 4895 duobus
2282 4843 2405 4899 illos
2434 4849 2742 4903 consolatus
2774 4861 2877 4916 est,
2926 4869 2991 4907 ex
3039 4857 3298 4925 supplicio
3350 4858 3609 4913 insidian-

2030 4934 2157 4987 tiutn
2190 4952 2203 4988 :
2233 4951 2352 4989 nam
2382 4940 2476 5005 ait,
2526 4940 2711 4995 Omnes
2749 4945 2835 5012 qui
2862 4946 3086 5014 gladium
3136 4950 3406 5018 accipient,
3436 4953 3610 5021 gladio

2029 5029 2292 5095 peribunt;
2322 5040 2377 5084 ct
2401 5048 2464 5086 ex
2492 5048 2560 5087 eo
2579 5035 2719 5102 quod
2742 5053 2847 5091 tton
2877 5038 3146 5095 illibenter
3166 5042 3276 5096 lucc
3297 5053 3567 5111 pateretur
3590 5062 3605 5097 :

2028 5120 2254 5176 POssum
2286 5125 2450 5189 enim,
2499 5126 2689 5196 inquit.
2729 5145 2916 5199 rogare
2947 5129 3178 5186 Panem.
3237 5133 3305 5188 Et
3354 5150 3450 5189 cur
3500 5152 3606 5191 non

2024 5211 2178 5275 dixit,
2204 5218 2282 5268 An
2312 5217 2508 5283 putatis
2534 5220 2674 5288 quod
2702 5236 2807 5275 non
2838 5224 3036 5289 possim
3075 5239 3177 5293 ego
3204 5226 3325 5281 illos
3346 5229 3606 5296 perdere?

2024 5305 2158 5369 Quia
2190 5306 2292 5360 lide
2310 5308 2518 5376 dignior
2539 5310 2819 5366 videbatur
2837 5328 2957 5368 esse
2984 5315 3060 5369 sic
3078 5315 3341 5385 loquens":
3369 5319 3601 5377 nondum

2024 5399 2167 5452 enim
2196 5409 2252 5452 ut
2294 5417 2387 5467 par
2413 5411 2529 5457 erat
2553 5403 2622 5459 de
2669 5405 2763 5458 illo
2813 5407 3115 5462 sentiebant
3145 5426 3157 5462 :
3186 5419 3240 5463 et
3280 5410 3441 5480 paulo
3481 5422 3607 5468 ante

2023 5490 2229 5545 dixerat
2263 5512 2276 5546 :
2314 5490 2489 5547 Tristis
2523 5504 2596 5548 est
2619 5497 2791 5549 anima
2834 5515 2947 5550 mea
2986 5515 3141 5570 usque
3165 5500 3234 5553 ad
3251 5512 3495 5567 mortem;
3525 5512 3599 5568 et.

2028 5583 2203 5651 Pater,
2233 5594 2456 5641 transeat
2499 5603 2529 5639 a
2560 5603 2640 5642 me
2677 5589 2816 5643 calix
2844 5590 2938 5644 iste
2960 5605 2981 5655 ;
3005 5590 3071 5646 ad
3103 5592 3216 5646 ba‘c
3237 5593 3287 5645 in
3315 5608 3512 5661 angore
3548 5604 3603 5651 et

2023 5674 2217 5730 sudore
2246 5676 2389 5731 visus
2415 5687 2518 5740 cst.
2554 5688 2713 5750 atque
2754 5681 2824 5736 ab
2847 5682 3052 5753 angelis
3088 5682 3437 5738 confortatus.
3467 5685 3600 5752 Quia
