4068 6214
349 400 452 456 ’72ἰὸ

349 515 509 583 igitur
565 504 729 563 multa
779 494 1095 555 humanitati
1146 488 1504 560 competentia
1555 486 1772 544 fecerat,
1823 494 1926 533 non

344 601 709 658 verisitniliter
741 596 819 651 sic
850 591 992 661 loqui
1022 588 1278 657 potuisset
1300 626 1316 649 ,
1359 587 1441 637 An
1474 578 1665 648 putatis
1710 590 1796 630 me
1824 589 1929 627 non

350 710 513 766 posse
560 693 679 746 illos
709 686 971 759 perdere?
1020 682 1146 737 Ideo
1174 680 1344 735 dicit:
1386 677 1465 730 Au
1503 673 1686 744 putatis
1712 686 1789 723 me
1829 682 1931 721 non

347 804 496 858 posse
523 799 665 838 nunc
695 796 876 851 rogare
909 777 1113 830 Patrem
1146 772 1353 827 meum?
1385 770 1451 823 lit
1493 768 1593 820 hoc
1620 766 1791 830 ipsum
1817 777 1934 814 rur-

346 853 442 934 sus
489 875 760 930 luuniliter
788 870 994 942 profert
1036 867 1221 942 dicens
1271 862 1468 917 :Sistct
1502 858 1627 911 mihi
1670 853 1933 908 duodecim

346 972 569 1041 legiones
624 940 941 1035 angelorum.
986 959 1118 1014 Nam
1170 940 1223 1011 si.
1268 969 1406 1008 Ilillls
1455 950 1675 1020 angelus
1718 955 1933 1001 centum

348 1062 620 1129 octoginta
646 1057 881 1127 quinque
909 1051 1071 1104 millia
1121 1047 1396 1101 hominum
1444 1051 1765 1099 armatorum
1793 1036 1935 1091 oet-i-

349 1155 429 1208 dit
457 1154 537 1222 (ι.
572 1149 700 1219 Reg.
729 1149 814 1201 t9.
848 1146 972 1214 55),
1004 1159 1069 1195 an
1097 1140 1375 1192 duodecim
1403 1135 1640 1205 legiones
1659 1129 1936 1200 Oportebat

350 1257 542 1301 contra
596 1240 741 1295 mille
816 1232 1099 1291 homines?
1148 1231 1264 1286 Non
1320 1228 1522 1296 utique.
1589 1223 1713 1287 Sed,
1746 1236 1937 1275 secun-

352 1337 480 1389 dum
508 1342 706 1387 mettun
750 1338 804 1383 et
850 1326 1209 1383 infirmitatem
1242 1335 1429 1376 eorum
1459 1329 1762 1372 sermonem
1799 1323 1931 1366 tem-

355 1434 548 1496 perat:
582 1437 703 1476 nam
764 1420 955 1473 timore
995 1412 1221 1469 emortui
1265 1418 1437 1464 erant.
1476 1407 1596 1463 Ideo
1637 1404 1937 1471 Scripturas

355 1494 418 1572 ad
450 1515 755 1569 firmitatem
775 1508 933 1570 affert
965 1506 1150 1560 dicens
1182 1520 1195 1557 :
1240 1500 1504 1566 Quomodo
1535 1514 1652 1567 ergo
1682 1494 1936 1565 implean-

348 1622 438 1663 tur
460 1603 783 1674 Scriptum?
814 1602 939 1659 hinc
965 1601 1243 1654 deterrens
1272 1608 1386 1651 eos.
1417 1592 1549 1648 Nam
1574 1591 1620 1645 si
1649 1587 1939 1657 Scripturis

363 1700 431 1755 ita
464 1698 676 1752 videtur
694 1737 707 1758 ,
737 1710 834 1748 cur
861 1706 955 1746 vos
982 1697 1164 1744 contra
1195 1683 1481 1755 pugnatis?

423 1790 479 1844 ἃ.
508 1790 630 1843 ιιωο
650 1784 947 1854 discipulis,
972 1782 1078 1836 illis
1098 1791 1273 1835 autem
1295 1777 1373 1831 sic
1400 1776 1630 1845 loquitur
1650 1790 1665 1826 :
1694 1772 1782 1827 55.
1802 1769 1943 1825 Tan-

351 1899 508 1957 quam
538 1881 606 1934 ad
634 1878 881 1932 latronem
908 1875 1078 1929 existis
1103 1888 1215 1926 cum
1263 1868 1447 1940 gladiis
1474 1877 1524 1921 et
1565 1864 1777 1937 fustibus
1802 1880 1939 1917 com-

357 1972 670 2045 prehendere
690 1984 804 2022 inc:
829 1966 1050 2036 quotidie
1083 1964 1136 2017 in
1172 1960 1357 2029 templo
1386 1958 1615 2013 sedebam
1638 1956 1850 2018 docens,
1896 1962 1942 2006 et

354 2082 459 2118 non
499 2080 577 2116 me
602 2059 852 2113 tenuistis.
881 2056 1009 2109 Vide
1034 2062 1228 2123 quanta
1254 2051 1408 2105 faciat
1434 2063 1553 2119 qua:
1582 2046 1785 2115 possint
1823 2045 1944 2098 illos

355 2158 588 2223 erigere.
611 2150 841 2219 Supinos
867 2146 1108 2216 projecit,
1131 2157 1317 2196 aurem
1347 2141 1485 2194 servi
1515 2137 1735 2199 curavit,
1759 2149 1943 2189 iterem

359 2248 467 2300 illis
487 2243 843 2299 comminatus
863 2246 946 2291 est
972 2255 985 2290 :
1009 2234 1192 2289 Gladio
1224 2232 1477 2300 peribunt,
1508 2228 1692 2296 inquit.
1724 2227 1808 2296 qui
1835 2224 1948 2295 gla-

358 2342 500 2393 dium
521 2337 799 2404 accipient;
827 2330 967 2401 quod
984 2330 1051 2383 ab
1066 2326 1301 2381 auricula
1328 2324 1565 2378 restituta
1591 2321 1942 2381 confirmavit,

362 2432 659 2499 ttndique,a
678 2424 1048 2496 praesentilms,
1078 2437 1105 2473 a
1138 2418 1349 2482 futuris,
1371 2416 1659 2486 potentiam
1687 2412 1945 2467 exhibens

361 2538 549 2585 suam,
582 2528 640 2573 ut
682 2515 928 2572 ostendat
969 2527 1072 2567 non
1126 2510 1337 2564 illorum
1371 2505 1689 2561 fortitudinis
1735 2504 1783 2556 id
1813 2518 1948 2571 opus

360 2628 481 2666 esse
506 2610 644 2679 quod
677 2609 821 2662 illum
848 2604 1105 2674 ceperint.
1131 2601 1254 2655 Ideo
1300 2598 1529 2667 subjesit
1558 2613 1571 2649 :
1602 2595 1834 2663 Quotidie
1858 2612 1947 2648 vo-

357 2706 554 2758 biscum
591 2719 731 2757 erant
769 2710 815 2753 et
842 2698 1073 2753 sedebam
1101 2695 1317 2757 docens.
1362 2700 1406 2745 et
1437 2707 1537 2744 non
1579 2706 1656 2742 me
1681 2689 1949 2751 tennistis;

361 2798 491 2850 hinc
530 2795 689 2849 etiam
723 2791 1011 2847 Ostendcns
1036 2786 1383 2857 permissione
1413 2798 1507 2836 sua
1537 2782 1867 2835 factumesse
1896 2790 1950 2833 ut

359 2897 669 2958 caperetur.
694 2883 958 2940 iliraculis
987 2889 1163 2934 autem
1195 2873 1585 2947 puniet-missis,
1615 2873 1682 2925 de
1708 2872 1947 2925 doctrina

364 2981 623 3049 loquitur,
664 2993 730 3031 ne
751 2976 954 3043 jactare
984 2987 1042 3026 se
1073 2970 1358 3024 videretur.
1389 2967 1520 3020 Cum
1548 2964 1815 3023 docerem,
1845 2979 1947 3015 non

367 3073 615 3127 tenuistis
644 3084 754 3130 me;
777 3067 1020 3123 silentem
1045 3059 1279 3131 aggressi
1305 3057 1454 3121 estis;
1485 3056 1535 3109 in
1560 3054 1753 3123 templo
1780 3069 1947 3115 eram,

365 3173 427 3218 et
451 3177 612 3216 nemo
638 3158 831 3214 invasit
873 3168 996 3210 me:
1032 3166 1171 3207 nunc
1192 3160 1368 3204 autem
1400 3148 1709 3213 intempesta
1739 3141 1867 3196 hora
1900 3152 1953 3195 et

367 3256 547 3310 inedia
577 3262 732 3307 nocte
762 3247 962 3302 irroitis
985 3258 1105 3299 cum
1135 3240 1324 3310 gladiis
1349 3246 1404 3292 et
1432 3234 1691 3289 fustibus?
1719 3232 1853 3298 Quid
1893 3232 1954 3285 il-

370 3352 441 3406 lis
468 3364 605 3418 opus
630 3354 744 3401 erat
768 3342 932 3397 armis
970 3338 1227 3392 adversus
1245 3349 1368 3387 enm
1397 3331 1488 3401 qui
1516 3328 1782 3382 vobiscum
1812 3339 1953 3378 scm-

371 3459 473 3513 per
495 3439 644 3494 erat?
671 3437 752 3490 his
780 3435 999 3493 docens,
1023 3428 1120 3481 nisi
1152 3442 1210 3481 se
1236 3433 1422 3493 Sponte
1456 3419 1774 3481 tradidisset,
1804 3432 1957 3469 num-

368 3551 534 3605 quam
556 3532 791 3602 potuisse
820 3526 959 3593 rapi.
986 3522 1164 3589 Neque
1185 3520 1325 3574 cuitu
1357 3518 1411 3580 ii,
1437 3518 1525 3584 qui
1552 3515 1692 3568 illum
1718 3529 1822 3580 pra:
1846 3525 1957 3563 nta-

372 3628 534 3682 nibns
583 3636 637 3677 et
689 3624 739 3676 in
784 3622 961 3675 medio
1014 3618 1304 3678 habentes,
1349 3605 1798 3678 comprehendere
1852 3619 1955 3656 non

376 3726 681 3787 potuerant,
708 3725 831 3766 tunc
860 3711 1171 3780 potuissent,
1197 3705 1293 3760 nisi
1328 3705 1439 3772 ipse
1464 3698 1728 3753 voluisset.
1763 3693 1958 3748 Deinde

376 3810 777 3877 ambiguitatem
816 3805 991 3866 Solvit,
1024 3816 1117 3855 cur
1151 3798 1200 3852 id
1226 3796 1470 3851 voluerit.
1503 3793 1588 3846 56.
1620 3788 1731 3843 Hoc
1769 3791 1959 3857 factum

375 3913 475 3964 est,
509 3876 696 3969 inquit,
720 3908 773 3949 nt
799 3896 1125 3965 implereutur
1150 3890 1434 3957 Scriptum
1465 3885 1837 3951 prophetarum.
1870 3876 1960 3930 Vi-

379 3996 558 4048 distin’
589 3990 857 4061 quomodo
900 4003 1065 4056 usque
1112 3984 1176 4037 ad
1217 3982 1456 4036 ultimam
1488 3976 1669 4031 horam
1696 4016 1712 4037 ,
1742 3987 1805 4026 ac
1831 3984 1951 4024 cum

384 4089 499 4156 ipe
527 4084 843 4142 traderetur,
870 4079 1047 4133 omnia
1073 4074 1271 4131 faceret
1306 4073 1371 4126 ad
1401 4071 1608 4125 illorum
1637 4062 1963 4121 emendatio-

385 4196 531 4242 netu,
555 4190 770 4237 minans,
799 4170 1202 4241 prtqihetizans,
1231 4164 1403 4218 minas
1431 4163 1692 4214 intentans
1723 4154 1819 4225 (In
1847 4154 1962 4223 gla-

384 4271 509 4333 dio,
560 4268 764 4336 inquit,
806 4260 1102 4333 peribunt);
1144 4254 1432 4311 ostendens
1477 4267 1538 4306 se
1586 4250 1805 4304 libenter
1858 4242 1963 4314 pati

385 4358 683 4427 (Quotidie,
715 4355 903 4423 inquit,
928 4353 1178 4404 vobiscum
1212 4363 1346 4401 erant
1387 4345 1626 4406 dacem),
1658 4354 1804 4393 suam
1844 4352 1963 4391 cum

389 4450 547 4505 Patre
568 4445 909 4502 concordiam
931 4441 1239 4503 ostendi-us,
1263 4434 1327 4491 Ut
1349 4436 1668 4499 intplercntur
1688 4430 1968 4497 Scriptura:

387 4541 792 4613 prophetarum?
819 4537 926 4590 Cur
950 4546 1125 4589 autem
1158 4549 1261 4585 non
1293 4530 1439 4583 illum
1476 4528 1525 4580 in
1556 4525 1748 4594 templo
1775 4532 1965 4574 tenue-

389 4610 555 4689 runt?
585 4632 716 4699 Quia
761 4630 828 4682 illi
874 4645 977 4680 ttott
1016 4624 1131 4677 ausi
1162 4624 1383 4675 fuissent
1413 4626 1628 4688 propter
1654 4614 1853 4669 turbas.
1887 4610 1969 4665 Id-

389 4728 535 4781 circo
570 4727 712 4777 foras
743 4721 929 4782 exivit,
970 4728 1024 4773 et
1064 4732 1095 4771 a
1128 4718 1242 4769 loro
1272 4723 1326 4769 et
1351 4729 1380 4768 a
1413 4722 1647 4780 tempore
1674 4708 1967 4762 libertatem

391 4818 520 4887 ipsis
544 4830 759 4885 parans,
780 4823 834 4867 et
862 4826 1028 4878 usque
1046 4810 1112 4863 ad
1134 4816 1427 4861 extremam
1447 4803 1627 4857 horam
1654 4800 1779 4870 ipsis
1804 4813 1967 4852 excu-

389 4910 653 4975 sationem
686 4906 995 4976 prateidens.
1022 4901 1148 4956 Nam
1173 4900 1258 4967 qtti
1291 4914 1348 4951 se
1372 4896 1585 4951 tradidit
1614 4904 1669 4947 ut
1699 4890 1970 4961 prophetis

391 5003 817 5070 obtemperaret,
870 4993 1137 5064 quomodo
1182 4988 1446 5044 contraria
1488 4984 1786 5039 decuisset?
1834 4981 1972 5035 Tunc

392 5110 566 5147 omnes
592 5089 867 5159 discipuli,
917 5087 1005 5139 illo
1051 5084 1256 5136 dimisso
1278 5123 1293 5147 ,
1326 5083 1576 5151 fugerunt.
1621 5076 1752 5129 Cum
1788 5083 1973 5143 captus

394 5184 521 5247 fuit,
552 5188 895 5240 inmiserunt;
924 5192 1045 5231 cum
1073 5185 1248 5228 autem
1280 5172 1392 5225 ba-c
1417 5169 1481 5223 ad
1513 5168 1688 5221 turbas
1730 5167 1972 5234 loquutus

392 5284 560 5335 esset,
587 5272 853 5342 fugerunt.
887 5268 1145 5322 Viderunt
1166 5265 1305 5319 enim
1336 5264 1546 5317 demum
1577 5276 1681 5313 non
1713 5258 1845 5310 ultra
1875 5256 1971 5325 ipsi

396 5364 630 5437 fugiendi
662 5363 966 5417 facultatem
1005 5359 1140 5423 fore,
1180 5373 1301 5411 cum
1333 5371 1391 5409 se
1415 5354 1525 5422 ipsc
1555 5351 1781 5405 libenter
1810 5349 1972 5402 tradi-

393 5458 564 5511 disset
590 5456 714 5520 illis,
756 5464 813 5508 et
840 5453 1041 5506 diceret
1074 5449 1173 5503 hoc
1202 5444 1491 5501 secundmn
1514 5442 1815 5509 Scripturas
1840 5438 1971 5492 fieri.

395 5549 528 5604 Cum
556 5546 887 5617 anfugisscnt
915 5544 1025 5608 illi,
1072 5540 1272 5595 ducunt
1298 5553 1417 5592 eum
1458 5534 1522 5588 ad
1548 5532 1833 5599 Caipham;
1884 5529 1972 5585 58.

397 5638 581 5695 Petrus
605 5647 771 5693 autem
800 5644 1036 5703 sequutus
1058 5642 1102 5685 et
1123 5632 1376 5702 ingressus
1406 5636 1497 5691 est,
1528 5634 1577 5678 ιιι
1600 5622 1780 5676 videret
1802 5622 1970 5689 ﬁnem.

400 5733 590 5801 Ingens
614 5729 860 5798 discipuli
898 5727 1115 5788 femur;
1158 5738 1279 5777 cuin
1318 5718 1577 5788 fugientes
1615 5716 1836 5775 videret,
1872 5727 1974 5764 non

288 5832 315 5845 “
404 5825 552 5896 fugit,
584 5823 677 5879 sed
708 5822 852 5877 stetit
880 5831 934 5874 et
976 5833 1093 5873 cum
1128 5816 1231 5870 illis
1254 5811 1512 5869 introivit.
1542 5806 1673 5864 Nam
1695 5808 1791 5863 etsi
1817 5804 1976 5861 Joan-

1199 378 1263 435 ΙΝ
1306 368 1714 433 ΜΑΤΊἪᾸΞΠΜ
1754 364 1979 422 ιιοιιιι.
2024 362 2308 418 LXXXIV.
2351 364 2401 419 al
2466 360 2724 417 LXXXV.

3512 363 3618 418 ’7924

2040 492 2135 530 nes
2163 478 2179 543 (
2205 475 2336 545 ϐιῳ.
2367 476 2455 530 18.
2490 475 2595 545 15)
2624 489 2832 544 quoque
2856 474 2957 530 hoc
2978 474 3191 537 fecerat,
3212 473 3304 529 sed
3330 483 3485 529 notus
3505 486 3621 530 erat

2037 568 2296 636 pontifici.
2327 567 2391 621 Et
2418 582 2514 620 cur
2553 583 2675 620 eum
2704 567 2793 619 illo
2820 565 3173 629 adduxerunt,
3206 565 3291 618 ubi
3319 574 3473 618 erant
3499 580 3619 619 om—

2040 676 2138 714 nes
2157 663 2459 728 congregati
2483 660 2505 712 ?
2532 658 2599 714 Ut
2628 661 2804 712 oiimia
2831 674 2895 713 ex
2930 660 3232 726 ptuititicnm
3254 659 3514 713 sententia
3539 658 3617 712 fao

2038 764 2243 809 cerent.
2288 753 2379 807 Ille
2410 769 2639 821 namque
2670 764 2792 806 tunc
2822 762 2937 806 erat
2964 767 3207 807 summus
3250 751 3521 815 sacerdos,
3567 760 3622 805 et

2037 858 2225 899 Otones
2253 845 2358 898 illic
2378 844 2663 898 manebant
2693 861 2706 896 :
2738 844 2814 898 sic
2840 843 3224 911 pernoctabant
3249 851 3303 897 et
3333 843 3619 910 vigilabant

2042 952 2139 1006 pro
2165 951 2221 990 re
2253 936 2357 989 illa.
2392 934 2507 989 Non
2533 935 2677 989 enim
2717 937 2910 1004 pascha
2957 946 3079 989 tunc
3126 934 3505 997 comederant,
3543 934 3622 986 in-

2040 1029 2176 1097 quit,
2210 1027 2304 1082 sed
2327 1042 2387 1081 ea
2415 1027 2481 1081 do
2524 1040 2683 1079 causa
2717 1026 3021 1093 vigilabant.
3043 1023 3173 1078 Cum
3196 1024 3417 1077 dixisset
3443 1023 3586 1076 enim
3606 1064 3619 1085 ,

2044 1118 2200 1173 Mane
2244 1118 2397 1184 facto,
2426 1116 2659 1171 Joannes
2702 1116 2903 1169 addidit
2929 1131 2947 1169 :
2976 1114 3096 1168 Non
3122 1116 3375 1168 intrarunt
3406 1116 3457 1168 in
3488 1130 3622 1183 prat-

2041 1210 2222 1262 toriwn
2242 1250 2257 1274 ,
2286 1219 2340 1261 ut
2385 1222 2493 1261 non
2532 1209 2990 1261 contaminarentur
3012 1245 3028 1268 ,
3055 1208 3141 1258 sed
3174 1218 3227 1257 ut
3267 1206 3626 1258 manducarent

2043 1300 2229 1369 pascha
2256 1297 2433 1366 (Joan.
2466 1298 2551 1351 i8.
2571 1296 2683 1366 28).
2705 1297 2840 1361 Quid
2870 1310 2997 1364 ergo
3026 1296 3307 1348 dicendum
3329 1295 3452 1348 est?
3481 1294 3627 1361 Ipsos

2042 1392 2206 1445 altera
2232 1390 2319 1443 die
2347 1388 2645 1442 comedisse
2665 1428 2679 1451 ,
2713 1395 2767 1441 et
2803 1388 2873 1440 ob
2923 1385 3067 1438 net-is
3098 1383 3254 1452 hujus
3281 1382 3628 1452 cupiditatem

2046 1484 2216 1551 legem
2244 1483 2491 1538 violasse.
2526 1480 2706 1549 Neque
2734 1480 2877 1533 enim
2906 1478 3149 1530 Christus
3176 1485 3383 1543 tempus
3415 1473 3624 1544 pascha:

2047 1587 2407 1645 transgressus
2435 1585 2545 1638 est;
2592 1572 2685 1629 sed
2722 1573 2793 1626 illi
2844 1571 2972 1625 nihil
3015 1586 3117 1624 non
3148 1570 3283 1632 ausi,
3329 1568 3629 1634 multasque

2047 1669 2191 1737 leges
2219 1666 2501 1721 violantes.
2535 1665 2657 1732 quia
2695 1677 2886 1731 magno
2928 1662 3105 1713 furore
3130 1659 3407 1718 ardebant,
3433 1669 3485 1711 et
3505 1673 3627 1712 cum

2044 1774 2187 1827 sape
2215 1758 2458 1812 occidere
2486 1754 2852 1815 tentavi~sent.
2887 1768 2992 1806 non
3033 1760 3345 1820 potuerant;
3380 1761 3505 1804 tunc
3533 1766 3630 1803 att-

2047 1860 2152 1904 tem
2176 1851 2343 1918 ipsum
2369 1849 2636 1913 insperato
2659 1856 2868 1913 captum
2896 1850 3138 1896 tenentes
3156 1883 3169 1902 ,
3202 1841 3503 1894 maluerunt
3532 1856 3621 1907 pa-

2046 1941 2171 1996 scha
2206 1940 2565 1994 transmittere
2589 1978 2605 2003 ,
2652 1946 2708 1990 ιιι
2738 1951 2888 1988 suum
2921 1934 3193 2001 explerent
3232 1931 3627 1998 sanguinarium

2047 2035 2303 2087 animum.
2327 2032 2616 2097 Propterea
2647 2027 2949 2097 congregati
2995 2036 3117 2077 sunt
3158 2038 3346 2077 onmes
3372 2031 3425 2076 et
3451 2022 3629 2075 conci-

2051 2126 2178 2178 lium
2205 2135 2314 2178 erat
2346 2121 2735 2192 pestilentium,
2765 2133 2827 2170 ac
2864 2115 3146 2185 quemdam
3179 2116 3542 2181 interrogant.
3575 2120 3631 2167 ut

2048 2218 2276 2285 aliquam
2299 2213 2481 2282 judicii
2516 2212 2737 2264 formam
2763 2208 2968 2261 insidiis
2996 2207 3105 2258 suis
3125 2204 3491 2257 conciliarent.
3526 2200 3631 2255 Νε-

2048 2325 2141 2375 que
2165 2308 2305 2361 enim
2329 2314 2492 2366 erant,
2525 2303 2713 2371 inquit,
2743 2298 3084 2353 convenientia
3110 2294 3391 2348 testimonia
3421 2292 3629 2360 (Marc.

2052 2403 2138 2456 M.
2168 2398 2291 2469 58);
2339 2400 2411 2450 ita
2440 2396 2621 2449 fictum
2641 2390 3061 2460 eratjudicinm,
3092 2388 3374 2455 omniaque
3406 2384 3629 2438 tumultu

2049 2495 2227 2568 plena.
2269 2490 2357 2543 6|.
2398 2487 2655 2540 Venientes
2691 2494 2856 2537 autent
2895 2481 3012 2550 falsi
3042 2490 3187 2533 testes
3217 2476 3445 2531 dicebant
3477 2491 3494 2529 :
3524 2475 3548 2527 1
3558 2485 3633 2528 ste

2051 2566 2201 2645 dixit,
2227 2580 2436 2634 Salvam
2466 2578 2708 2643 templum
2734 2576 2848 2636 hoc,
2872 2583 2917 2625 et
2947 2572 2998 2624 in
3028 2570 3185 2622 tribus
3210 2568 3384 2622 diebus
3404 2566 3631 2620 excitabo

2043 2680 2175 2736 illud
2212 2676 2377 2747 (Ibid.
2416 2693 2463 2728 υ.
2493 2674 2580 2726 57.
2607 2667 2718 2729 58).
2759 2670 2978 2723 Dixerat
3022 2667 3298 2733 equidem,
3338 2661 3399 2714 In
3455 2662 3625 2711 tritius

2046 2767 2523 2842 diebuslexcitabo
2580 2756 2894 2827 illud];sed
2949 2771 3057 2811 non
3114 2754 3348 2812 dixerat,
3384 2751 3622 2811 Salvam,

2052 2863 2145 2918 sed
2179 2860 2379 2915 Solvite
2414 2854 2613 2926 (Joun.
2650 2855 2707 2905 2.
2752 2850 2816 2904 l9
2848 2859 2906 2918 );
2945 2861 3123 2914 neque
3153 2846 3255 2897 hoc
3282 2845 3347 2896 dt-
3372 2842 3464 2895 illo
3490 2850 3629 2894 tem-

2050 2955 2161 3025 plo,
2206 2952 2301 3007 sed
2351 2951 2420 3003 de
2447 2961 2675 3014 corpore
2702 2958 2802 2997 suo
2838 2940 3079 2994 dicebat.
3113 2935 3252 3002 Quid
3289 2934 3455 3002 igitur
3478 2948 3631 2986 ειιιιι-

2055 3062 2178 3102 mus
2230 3039 2517 3114 pontifex?
2558 3039 2625 3091 [ι
2671 3051 2795 3088 eum
2843 3030 2909 3086 ad
2945 3029 3355 3098 responsionem
3381 3033 3624 3093 cogeret,

2054 3147 2109 3193 et
2131 3152 2197 3192 ex
2233 3112 2442 3188 Vverbis
2490 3129 2605 3183 suis
2653 3133 2870 3194 caperet
2936 3123 3107 3182 illum,
3172 3118 3303 3169 dicit
3337 3134 3349 3166 :
3379 3113 3470 3166 62.
3506 3112 3627 3166 Non

2066 3226 2220 3279 uadis
2282 3222 2408 3290 quid
2447 3221 2533 3273 isti
2567 3225 2833 3268 testantur
2869 3210 3149 3261 adversum
3204 3205 3298 3258 te?
3326 3201 3428 3254 Ille
3453 3211 3629 3255 autem

2061 3316 2288 3371 tacebat.
2318 3310 2533 3365 Inutilis
2567 3307 2712 3360 enim
2767 3298 3052 3370 responsio
3094 3296 3272 3349 futura
3329 3291 3639 3352 erat,nullo

2056 3406 2325 3462 audiente.
2371 3400 2561 3468 Figura
2592 3394 2790 3465 quippe
2820 3391 3096 3445 dumtaxat
3136 3381 3319 3453 judicii
3350 3389 3507 3443 erat;
3540 3376 3634 3432 sed

2060 3513 2243 3554 revera
2272 3497 2534 3549 latronum
2566 3490 2816 3556 impetus,
2845 3483 2933 3552 qui
2961 3480 3088 3535 etin
3114 3487 3269 3531 antro
3288 3483 3341 3528 et
3370 3472 3421 3527 in
3454 3472 3534 3524 via
3564 3469 3642 3523 ir-

2058 3595 2326 3658 rumpant.
2360 3584 2480 3637 ideo
2519 3579 2761 3639 tacebat,
2806 3574 3043 3643 pontifex
3090 3583 3215 3623 vero
3268 3561 3644 3635 perseverabat

2061 3656 2244 3737 dicens
2272 3696 2285 3731 :
2310 3678 2397 3731 63.
2424 3674 2621 3741 Adiuro
2646 3682 2692 3722 te
2721 3684 2809 3739 per
2830 3665 2993 3718 Deum
3020 3664 3205 3723 vivum,
3231 3669 3283 3712 ut
3311 3658 3453 3711 nobis
3480 3656 3642 3719 dicas,

2061 3777 2102 3829 si
2147 3784 2200 3826 tu
2226 3789 2276 3825 cs
2306 3769 2535 3824 Christus
2567 3762 2733 3816 Filius
2767 3756 2861 3810 Dei
2890 3757 3004 3808 viui.
3034 3754 3119 3807 64.
3155 3750 3179 3802 1
3187 3766 3275 3818 pse
3302 3766 3413 3801 coro
3430 3762 3644 3815 respon-

2063 3866 2171 3928 dit,
2212 3861 2291 3916 Τιι
2317 3858 2511 3915 dixisti.
2553 3852 2909 3908 Verumtamen
2943 3847 3057 3899 dico
3091 3842 3249 3904 vobis,
3292 3839 3475 3891 amodo
3506 3838 3645 3890 ride-

2065 3960 2179 4014 bitis
2206 3955 2397 4009 Filium
2427 3948 2643 4005 hominis
2669 3946 2919 4000 sedentem
2947 3958 2978 3992 ιι
3006 3936 3198 3992 dextris
3221 3933 3415 3988 virtutis
3439 3972 3453 3995 ,
3484 3941 3527 3983 et
3565 3946 3647 3983 re-

2065 4050 2279 4104 nientem
2300 4048 2353 4098 in
2380 4042 2590 4097 nubibus
2614 4036 2743 4092 cwli.
2785 4035 2875 4089 65.
2902 4030 3043 4086 Tunc
3070 4029 3302 4100 princeps
3332 4021 3645 4077 sacerdotum

2064 4142 2213 4198 scidit
2237 4139 2524 4195 vestimenta
2549 4150 2665 4195 sua,
2694 4129 2861 4183 dicens
2883 4144 2900 4181 :
2922 4118 3316 4191 Blasphemavit.
3343 4115 3455 4170 Hoc
3491 4127 3650 4183 porro

2070 4235 2215 4295 fecit,
2246 4240 2302 4287 ut
2326 4228 2527 4284 crimen
2549 4223 2763 4294 gravius
2789 4219 3045 4279 efficeret,
3068 4224 3120 4267 et
3144 4228 3208 4267 ex
3242 4226 3296 4263 re
3320 4217 3467 4278 gesta
3490 4204 3648 4259 verba

2071 4328 2325 4381 firmaret.
2357 4318 2653 4387 Quiacnim
2682 4314 2879 4366 dictmn
2935 4306 3060 4361 illud
3106 4313 3306 4359 metum
3356 4300 3652 4353 incusserat

2070 4386 2421 4476 auditoribus,
2455 4409 2504 4463 id
2530 4404 2672 4475 quod
2705 4405 2755 4457 in
2788 4399 3060 4467 Stephano
3099 4398 3358 4457 fecerunt,
3382 4402 3539 4443 aures
3560 4386 3654 4440 ob-

2070 4514 2363 4564 struentcs.
2392 4502 2468 4555 sic
2498 4508 2552 4553 et
2574 4497 2675 4549 hoc
2701 4494 2815 4548 loco
2845 4492 2954 4545 'llc.

2144 4602 2196 4655 5.
2239 4597 2346 4652 Sed
2376 4606 2617 4664 quamam
2663 4594 2779 4641 erat
2808 4585 2922 4637 Iure
2952 4576 3277 4647 blasphemia
3298 4576 3323 4628 ?
3370 4575 3500 4629 Nam
3528 4581 3653 4625 ante

2073 4686 2409 4761 congregatis
2436 4685 2539 4739 illis
2558 4682 2767 4735 dixerat
2795 4693 2810 4732 :
2846 4674 2987 4727 Dixit
3013 4671 3259 4726 Dominus
3281 4666 3501 4721 Domino
3524 4681 3653 4729 meo,

2075 4787 2209 4844 Sede
2229 4801 2260 4836 α
2289 4778 2480 4835 dextris
2503 4780 2644 4836 uicis,
2670 4773 2831 4825 donec
2862 4782 3043 4837 ponam
3073 4763 3302 4817 inimicos
3324 4770 3437 4812 tuos
3462 4756 3655 4811 scabel-

2075 4883 2181 4935 lum
2219 4876 2402 4947 pedum
2426 4883 2625 4924 tuorum
2652 4863 2866 4933 (Matth.
2890 4858 2980 4914 Si.
3012 4858 3114 4917 ιι;
3147 4854 3285 4907 Psaf.
3321 4852 3439 4907 109.
3469 4851 3518 4918 I)
3540 4867 3551 4902 :
3577 4848 3659 4901 tli-

2075 4946 2325 5037 ctumque
2355 4966 2732 5030 interpretatus
2758 4963 2872 5017 est;
2908 4966 3007 5004 nec
3044 4948 3118 5000 illi
3145 4946 3257 4999 ausi
3281 4954 3401 4998 sunt
3433 4956 3655 5010 respon-

2077 5035 2352 5127 dere,_sed
2382 5060 2691 5115 tacuerunt,
2720 5058 2775 5102 et
2803 5061 2865 5100 ex
2898 5043 2990 5096 illo
3019 5051 3257 5108 tempore
3293 5035 3423 5089 nihil
3472 5042 3658 5088 contra

2077 5154 2343 5208 dixerunt.
2376 5146 2481 5201 Cur
2510 5158 2637 5212 ergo
2677 5139 2874 5191 dictum
2902 5131 3027 5186 illud
3074 5127 3451 5196 blasphemiam
3498 5138 3655 5176 voca-

2080 5244 2239 5301 runt?
2265 5257 2358 5296 cur
2385 5252 2510 5292 vero
2534 5232 2778 5288 Christus
2808 5228 2875 5279 ita
2904 5218 3206 5291 resltttndit?
3238 5217 3301 5272 Ut
3332 5228 3547 5269 omnem
3577 5214 3658 5281 ip-

2078 5339 2154 5393 sis
2180 5336 2389 5390 tolleret
2415 5327 2781 5384 defensionem
2788 5336 2824 5395 λ
2852 5333 2972 5371 nam
3004 5328 3173 5383 usque
3193 5311 3259 5366 ad
3287 5310 3524 5363 ultimam
3558 5306 3660 5359 ho-

2080 5447 2193 5486 ram
2228 5429 2481 5479 dot-uerat
2532 5433 2592 5473 se
2643 5428 2765 5470 esse
2812 5410 3107 5471 Christum,
3160 5420 3189 5457 a
3236 5402 3438 5457 dextris
3490 5397 3662 5453 Patris

2081 5521 2291 5581 sedere,
2323 5524 2376 5570 et
2407 5520 2689 5566 venturum
2718 5504 2894 5559 denuo
2920 5516 3041 5556 esse
3085 5507 3140 5550 nt
3180 5494 3383 5564 judicet
3429 5491 3612 5545 orbem
3644 5506 3659 5542 :

2083 5631 2200 5685 qua:
2231 5623 2474 5678 magnam
2506 5604 2620 5671 ejus
2664 5614 2785 5653 cum
2828 5596 2984 5651 Patre
3012 5589 3349 5648 concordiam
3395 5582 3662 5654 significa-

2084 5673 2241 5763 bant.
2260 5673 2598 5754 vestimentis
2624 5704 2753 5759 ergo
2772 5685 3007 5741 discissis
3023 5683 3117 5746 ait,
3139 5680 3273 5747 Quid
3294 5677 3428 5731 vobis
3444 5673 3665 5729 videtur?

2084 5797 2199 5852 Non
2230 5794 2334 5850 fert
2384 5804 2447 5843 ex
2495 5801 2553 5842 se
2599 5781 2953 5841 sententiam;
3000 5773 3094 5829 sed
3121 5772 3273 5842 quasi
3301 5771 3353 5825 in
3384 5764 3667 5822 manifesto
