4068 6214
458 374 563 441 75$
1180 379 1236 436 S.
1274 376 1549 434 JOANNIS
1584 371 2053 431 CHRYSOSTOMI
2094 371 2407 429 ARClllEP.
2446 372 2974 431 CONSTANTINOP.

459 508 676 567 peccato
703 501 755 548 et
781 495 925 548 clam
957 490 1289 563 blasphemia
1310 534 1326 558 ,
1359 491 1570 545 illorum
1601 488 1919 543 sententiam
1948 502 2037 540 re-

456 589 639 660 quirit.
669 587 801 653 Quia
823 587 965 641 enim
996 584 1257 649 sciebant,
1289 584 1333 638 si
1365 598 1452 637 res
1484 582 1537 636 in
1580 596 1807 636 examen
1835 580 2039 634 veniret

456 689 615 748 atque
642 679 693 732 itt
735 675 999 743 notitiam,
1025 675 1171 729 illum
1196 673 1264 727 ab
1285 673 1428 728 omni
1459 672 1683 727 crimine
1704 670 2037 725 liberandum

456 786 597 834 esse,
630 769 768 839 apud
813 770 1017 839 seipsos
1048 769 1193 822 illum
1237 766 1615 827 condemnant.
1664 765 2039 835 auditoresque

461 870 831 930 prteoccupant
860 859 1119 924 dicentes,
1153 856 1253 911 Vos
1275 856 1639 927 blasphemiam
1658 854 1891 919 audistis,
1924 863 2040 907 tan-

459 963 567 1006 tum
597 969 701 1006 non
731 961 983 1021 cogentes
1011 959 1067 1005 et
1093 950 1199 1003 vim
1223 948 1511 1003 inferentes
1533 948 1599 1003 ad
1626 948 1942 1003 sententiam
1963 946 2039 1001 fe-

458 1043 697 1098 rendam.
718 1043 854 1109 Quid
884 1043 1042 1111 igitur
1070 1041 1181 1095 illi?
1198 1040 1290 1095 66.
1315 1039 1452 1093 Reus
1469 1050 1541 1094 est
1562 1041 1778 1104 mortis;
1805 1047 1863 1093 ut
1886 1039 2036 1109 quasi

452 1136 560 1205 jam
591 1134 899 1188 damnatum
933 1135 1204 1192 sisterent.
1238 1133 1570 1203 Pilatumque
1608 1132 1676 1186 ad
1719 1132 2036 1187 sententiam

455 1228 729 1283 ferendam
776 1228 1105 1281 indueerent.
1157 1225 1264 1280 Hac
1295 1236 1471 1281 mente
1508 1235 1563 1279 et
1605 1226 1791 1279 horum
1838 1224 2037 1279 conscii

452 1318 659 1383 dicunt,
694 1318 827 1371 Reus
853 1327 926 1370 est
957 1316 1131 1370 mortis
1148 1331 1168 1380 ;
1196 1316 1292 1385 ipsi
1323 1316 1661 1376 accusabant.
1684 1314 1781 1384 ipsi
1813 1314 2035 1369 damna-

457 1410 602 1473 bant,
633 1420 685 1462 et
715 1409 1030 1462 sententiam
1058 1407 1318 1469 ferebant,
1344 1407 1579 1461 omnium
1606 1405 1779 1459 ofﬁcia
1804 1419 2037 1474 occupa-

458 1503 603 1554 bant.
636 1501 741 1555 Cur
768 1510 945 1553 autem
974 1499 1191 1552 sabbata
1218 1498 1267 1551 itt
1307 1498 1538 1551 medium
1567 1511 1671 1551 non
1707 1495 2037 1550 attulerunt?

454 1590 585 1658 Quia
630 1606 771 1659 saepe
814 1589 929 1644 illos
969 1590 1333 1643 confutaverat
1360 1602 1374 1637 :
1406 1588 1638 1659 alioquin
1684 1602 1813 1643 vero
1854 1602 1920 1642 ex
1975 1587 2038 1640 iis

453 1698 573 1750 qua:
593 1690 718 1735 tunc
743 1681 1053 1735 dicebantur
1069 1680 1317 1735 volebant
1335 1694 1458 1735 eum
1479 1694 1671 1749 capere
1689 1688 1744 1733 et
1759 1678 2035 1733 damnare.

455 1773 837 1842 Przeoceupaus
881 1771 1056 1841 igitur,
1106 1771 1318 1826 illorum
1344 1781 1561 1841 accepta
1594 1768 1878 1837 sententia,
1912 1784 2035 1825 cum

455 1880 550 1932 per
596 1864 906 1919 sei-sionem
938 1864 1162 1919 vestium
1205 1864 1440 1917 omnitnn
1486 1863 1551 1917 ad
1581 1879 1638 1919 se
1665 1865 1874 1918 animos
1913 1878 2036 1933 per-

455 1957 722 2022 traxisset,
755 1965 812 2010 ut
841 1957 1145 2010 damnatum
1174 1956 1397 2010 abduxit
1420 1954 1485 2009 ad
1528 1956 1790 2021 Pilatum;
1824 1956 1892 2008 ita
1923 1969 2034 2009 rem

454 2048 753 2118 composuit
787 2065 800 2101 :
834 2056 888 2100 at
928 2062 1111 2101 Coram
1139 2047 1306 2100 Pilato
1344 2047 1474 2100 nihil
1502 2046 1676 2100 simile
1703 2046 1907 2100 dicunt.
1930 2044 2034 2101 Sed

454 2141 616 2208 quid?
647 2140 709 2195 Si
732 2157 831 2193 non
855 2150 981 2193 esset
1011 2140 1093 2192 hic
1119 2141 1446 2210 ntalefuctor,
1486 2156 1585 2192 non
1614 2140 1703 2193 tibi
1742 2138 2037 2192 tradidisse-

458 2246 568 2283 mns
594 2247 704 2282 cum
742 2229 921 2296 (Joan.
955 2229 1041 2284 l8.
1072 2230 1161 2299 50)
1187 2246 1201 2292 ;
1231 2241 1288 2282 ttt
1312 2246 1340 2281 a
1370 2229 1593 2298 publicis
1615 2229 1926 2283 criminibus
1953 2230 2034 2298 ip-

453 2341 570 2378 sunt
597 2324 819 2378 interﬁci
841 2332 1110 2378 curarent.
1133 2322 1241 2377 Cur
1256 2339 1359 2376 non
1385 2322 1592 2377 occulte
1618 2321 2037 2377 interfecerunt?

459 2414 718 2467 Volebant
739 2429 932 2481 nempe
953 2413 1146 2466 malam
1174 2412 1245 2466 illi
1276 2426 1463 2478 parere
1494 2413 1705 2465 famam.
1736 2412 1867 2479 Quia
1895 2412 2035 2466 enim

458 2510 605 2564 multi
632 2510 775 2563 illum
799 2508 1096 2572 audierant,
1120 2506 1512 2576 adtnodutnque
1542 2504 1890 2571 mirabantur,
1918 2505 2038 2561 ideo

455 2617 672 2670 Operam
701 2599 897 2652 dabant
927 2611 981 2651 ut
1015 2598 1225 2667 publice
1250 2608 1304 2652 et
1344 2613 1525 2651 coram
1554 2596 1894 2652 multitudine
1938 2612 2036 2651 ue-

455 2700 688 2744 earetur.
719 2688 963 2744 Christus
991 2702 1121 2742 vero
1147 2687 1198 2741 id
1239 2703 1344 2740 non
1377 2687 1670 2756 impedivit,
1700 2685 1793 2742 sed
1824 2686 2035 2741 illorum

459 2780 692 2850 nequitia
720 2779 784 2832 ad
812 2779 1055 2833 veritatis
1080 2779 1537 2833 conﬁrmationem
1579 2796 1704 2833 usus
1734 2791 1835 2845 est,
1870 2781 1937 2833 ita
1981 2790 2038 2832 ιιι

460 2887 605 2926 nsors
634 2874 750 2939 ejus
774 2871 1023 2925 omnibus
1048 2880 1188 2925 esset
1215 2871 1513 2925 manifesta.
1544 2874 1618 2925 Ac
1639 2882 1822 2925 contra
1847 2872 2037 2926 accidit

456 2980 615 3033 quam
647 2962 745 3032 ipsi
776 2962 1042 3017 volebant.
1080 2961 1157 3015 llli
1190 2977 1417 3032 namque
1462 2963 1610 3015 illum
1640 2962 1895 3016 infamare
1938 2978 2034 3016 cu-

459 3056 693 3125 piebant,
737 3066 793 3109 nt
824 3056 1089 3110 dedecore
1116 3057 1410 3125 replerent;
1437 3056 1524 3110 ille
1555 3072 1680 3109 vero
1706 3055 1803 3110 hac
1832 3058 2039 3113 ratione

462 3151 627 3219 magis
657 3148 972 3217 Splendidus
1010 3151 1434 3219 coospicuusque
1459 3151 1645 3203 evasit.
1680 3152 1755 3203 Ac
1778 3153 2033 3218 quemad-

459 3242 673 3295 modum
697 3242 966 3307 dicebant,
994 3240 1299 3296 Occidamus
1319 3259 1451 3302 eum,
1478 3259 1539 3295 ne
1571 3244 1769 3296 veniant
1799 3241 2034 3309 Romani,

458 3344 505 3385 et
545 3334 722 3387 tollant
748 3334 998 3387 civitatem
1028 3344 1251 3388 nostram
1277 3344 1321 3387 et
1351 3345 1545 3405 gentem
1572 3336 1590 3404 (
1611 3334 1768 3388 Jomt.
1794 3338 1879 3396 ll.
1910 3337 2033 3407 48),

459 3440 511 3480 et
542 3438 815 3495 postquam
847 3427 1155 3480 occidi-runt
1192 3442 1334 3490 eum,
1361 3425 1462 3481 hoc
1505 3427 1673 3495 ipsum
1701 3430 1879 3483 evenit
1911 3447 1923 3482 ε
1965 3430 2032 3483 ita

458 3526 513 3570 et
543 3532 681 3569 nunc
711 3516 915 3584 publice
942 3516 1088 3569 illum
1116 3516 1514 3581 crncifixernnt,
1541 3526 1597 3571 ut
1623 3518 1736 3586 ejus
1760 3521 2033 3574 existima-

462 3606 657 3658 tionem
691 3606 942 3659 laalerent
965 3645 980 3669 ,
1013 3614 1067 3659 et
1096 3607 1419 3659 contrarium
1446 3608 1641 3660 evenit.
1671 3608 1829 3674 Quod
1858 3619 2034 3665 autem

459 3707 771 3767 potestatein
803 3699 1057 3753 haberent
1088 3714 1180 3769 per
1204 3700 1410 3770 seipsos
1451 3700 1598 3759 illum
1642 3701 2032 3761 interﬁciendi.

458 3788 580 3842 audi
614 3789 838 3844 Pilatum
864 3790 912 3843 id
943 3800 1271 3844 asserentem
1309 3808 1322 3843 :
1366 3792 1588 3860 Accipite
1610 3810 1724 3845 eum
1753 3810 1856 3858 vos,
1884 3804 1931 3847 ct
1959 3813 2036 3848 se-

456 3880 674 3932 cundum
698 3880 855 3951 legem
880 3892 1090 3935 vestram
1104 3882 1337 3953 jndicate
1356 3884 1518 3953 ipsum
1538 3883 1717 3952 (Joan.
1752 3870 1845 3941 19..
1870 3888 1945 3957 6).
1969 3889 2035 3942 At

455 3969 505 4023 id
542 3970 612 4024 illi
644 3972 946 4037 noluerunt,
980 3983 1035 4025 nt
1061 3973 1209 4042 quasi
1241 3973 1471 4042 iniquus,
1494 3985 1748 4044 tyrannus
1774 3986 1828 4030 et
1852 3977 2035 4031 factio-

458 4074 551 4112 sus
578 4060 747 4113 occidi
767 4060 1057 4116 videretur.
1074 4063 1408 4131 Quapropter
1428 4064 1657 4118 latrones
1673 4081 1795 4120 eum
1814 4067 1904 4120 illo
1915 4084 2037 4123 crn-

453 4150 757 4213 cifixerunt;
789 4153 983 4206 idcirco
1004 4153 1278 4207 dicebant:
1307 4152 1429 4208 Noli
1445 4157 1657 4209 scribere
1674 4157 1809 4212 hunc
1834 4176 1937 4212 esse
1956 4177 2035 4215 re-

450 4258 559 4311 gem
575 4240 891 4306 Judteormn,
910 4242 997 4297 sed
1012 4242 1156 4297 illum
1171 4262 1223 4298 se
1234 4262 1396 4315 regem
1410 4247 1596 4301 dixisse
1614 4248 1770 4320 (Jonn
1780 4291 1792 4304 .
1815 4253 1836 4305 ί
1849 4252 1901 4306 9.
1920 4252 1954 4305 2
1965 4255 1979 4307 l
1992 4257 2032 4319 ).

530 4331 749 4384 Falsims
772 4349 859 4400 per
888 4350 941 4387 se
966 4334 1151 4388 soluta.
1181 4366 1251 4375 —
1280 4337 1401 4390 Ila'c
1431 4352 1590 4406 porro
1616 4341 1791 4394 omnia
1820 4358 1919 4412 pro
1949 4359 2034 4398 ve-

452 4424 608 4477 ritate
639 4423 771 4476 facta
798 4435 940 4489 sunt,
975 4435 1031 4479 ut
1057 4442 1122 4480 ne
1149 4428 1331 4481 umbra
1351 4429 1560 4497 qnidetn
1582 4431 1709 4500 ipsis
1730 4446 2034 4501 superesset

457 4515 783 4584 impmlentis
808 4516 1155 4572 defensionis.
1198 4518 1253 4572 In
1301 4522 1547 4591 sepulcro
1602 4528 1727 4577 item
1759 4528 2028 4594 signacula

453 4617 507 4661 ct
527 4607 781 4663 custodia:
808 4611 1014 4664 veritati
1042 4612 1381 4680 splendorem
1409 4617 1735 4673 attulerunt:
1770 4619 1910 4688 quod
1943 4621 2025 4689 ip-

451 4715 568 4752 sum
596 4698 742 4753 dicas
764 4698 832 4753 de
863 4701 1492 4768 irrisionibus.dicteriis,
1522 4709 1879 4763 contumeliis.
1915 4709 2026 4764 llu-

444 4789 677 4857 justnodi
701 4800 781 4844 est
810 4789 1010 4845 falsitas
1041 4810 1053 4844 :
1087 4808 1180 4860 per
1202 4809 1320 4863 qum
1360 4795 1577 4850 insidias
1609 4809 1755 4866 parat
1777 4840 1790 4856 .
1823 4815 1918 4867 per
1940 4817 2029 4855 ea-

447 4880 567 4934 dem
616 4880 926 4936 dissolvitur
960 4900 973 4933 τ
1004 4882 1144 4945 quod
1177 4883 1263 4937 hic
1289 4885 1450 4939 etiam
1480 4889 1719 4957 contigit.
1770 4889 1899 4944 Nam
1935 4892 2025 4961 qui

448 4971 638 5025 vicisse
669 4973 1007 5040 ptttahautur,
1038 4973 1088 5027 Ιιί
1118 4975 1349 5029 maxime
1376 4977 1579 5046 pudore
1605 4980 1780 5035 allecti
1803 5024 1819 5047 ,
1850 4991 1899 5036 et
1931 4997 2024 5037 sn-

446 5062 613 5132 perati
648 5065 948 5130 perit-runt:
981 5066 1069 5135 qui
1101 5082 1228 5120 vero
1258 5067 1429 5122 vit-tus
1456 5085 1576 5125 esse
1596 5071 1875 5127 videbatur
1894 5115 1909 5139 ,
1941 5074 2025 5131 hic

447 5154 678 5209 maxime
709 5156 912 5211 refulsit
945 5168 995 5211 ct
1029 5160 1302 5213 victoriam
1328 5162 1528 5218 retulit.
1569 5164 1644 5219 Ne
1674 5181 1802 5235 ergo
1829 5167 2023 5238 ubique

444 5247 719 5301 victoriam
748 5265 1069 5319 qntrramns,
1104 5268 1201 5307 nec
1226 5268 1440 5325 semper
1468 5258 1706 5326 superari
1725 5273 2022 5315 vereamur.

447 5338 539 5390 Est
566 5355 687 5392 cum
719 5342 935 5395 victoria
990 5358 1180 5397 noxam
1224 5346 1373 5399 alteri
1398 5387 1414 5412 ,
1441 5347 1622 5402 clades
1664 5364 1792 5403 vero
1821 5350 2022 5403 utilita-

444 5442 572 5489 tem.
601 5433 732 5488 Nam
761 5435 898 5489 inter
921 5452 1034 5501 eos,
1067 5438 1154 5506 qui
1188 5438 1259 5491 ira
1294 5439 1708 5507 inﬂammantur,
1747 5443 1790 5495 is
1831 5443 2023 5498 vicisse

451 5524 654 5578 videtur
682 5525 772 5594 qui
806 5528 984 5594 plures
1012 5528 1366 5583 contumelias
1383 5529 1631 5596 iactavit;
1675 5532 1767 5587 sed
1795 5532 1880 5587 hic
1908 5533 2020 5602 ipse

439 5629 465 5661 ιι
489 5615 804 5682 gravissimo
830 5618 1016 5672 morbo
1039 5628 1320 5687 superatus
1348 5631 1400 5674 et
1432 5619 1589 5676 larsus
1615 5631 1698 5677 est
1729 5641 1742 5676 :
1773 5624 1863 5694 qui
1893 5638 2020 5679 vero

447 5701 498 5755 id
520 5703 730 5758 fortiter
756 5706 872 5761 tulit
899 5747 912 5770 ,
942 5706 986 5761 is
1014 5707 1138 5761 vicit
1167 5718 1222 5762 et
1262 5712 1550 5778 superavit.
1576 5711 1641 5766 Et
1672 5713 1760 5768 ille
1801 5714 2017 5784 quidem

443 5810 615 5866 neque
636 5798 902 5865 proprium
932 5799 1173 5853 morbum
1198 5802 1533 5871 exstinguere
1561 5805 1725 5873 potuit
1748 5822 1762 5866 ;
1782 5805 1867 5860 hic
1887 5807 2013 5862 alie-

3631 381 3732 436 τὸυ

2147 524 2273 563 num
2310 509 2546 565 sustulit.
2606 508 2698 563 Ille
2741 524 2771 563 a
2819 524 2919 563 suo
2955 509 3127 563 victus
3167 520 3284 576 est;
3313 511 3399 566 hic
3443 511 3514 568 de
3551 515 3734 569 aheno

2148 599 2509 668 triumphavit,
2544 615 2643 654 nec
2673 600 2832 654 modo
2865 601 2980 670 ipse
3003 616 3108 654 non
3138 601 3359 656 adustus
3385 613 3470 659 est
3498 644 3513 666 ,
3552 605 3651 659 sed
3679 616 3731 660 rt

2147 692 2363 747 alterius
2392 692 2657 747 ﬂammam
2689 693 3051 763 insurgentem
3075 693 3341 748 restinxit.
3369 694 3423 749 Si
3454 706 3636 750 autem
3664 712 3728 752 ea

2145 798 2264 851 qua:
2288 783 2567 837 videbatur
2591 798 2711 837 esse
2732 784 2951 838 victoria
2986 785 3141 852 potiri
3169 786 3445 847 voluisset,
3463 788 3580 855 ipsc
3601 806 3727 855 «μω.

2143 890 2247 945 que
2269 874 2439 929 victus
2470 875 2674 939 fuisset,
2697 885 2753 931 et
2780 876 3143 931 adversarium
3161 878 3328 947 magis
3347 877 3727 934 inﬂammasset

2144 982 2207 1021 ac
2233 969 2477 1034 laesisset,
2505 978 2558 1024 et
2580 978 2637 1023 ut
2666 970 2902 1024 rixantes
2931 971 3201 1036 mulieres,
3231 972 3389 1025 ambo
3421 982 3656 1039 turpiter
3681 983 3732 1026 ct

2144 1059 2525 1114 miserabiliter
2548 1060 2615 1114 ab
2644 1060 2721 1114 ira
2750 1062 3000 1129 pros'rati
3034 1061 3277 1117 fuissent.
3306 1062 3456 1117 Nunc
3490 1073 3673 1117 autem
3704 1081 3729 1115 a

2144 1152 2233 1206 tali
2256 1151 2522 1207 dedecore
2547 1163 2764 1222 ereplus
2792 1154 2837 1207 is
2862 1154 2950 1223 qui
2977 1153 3380 1223 philosophatus
3407 1164 3512 1214 est,
3542 1154 3728 1222 spieu-

2145 1242 2327 1297 didum
2358 1254 2614 1313 tropaeum
2644 1253 2698 1298 et
2720 1244 2770 1299 in
2802 1261 2860 1298 se
2883 1256 2932 1299 et
2968 1246 3019 1299 in
3047 1246 3351 1299 adversario
3380 1256 3566 1300 contra
3597 1248 3731 1300 iram

2144 1335 2335 1399 erexit,
2368 1335 2586 1406 quando
2616 1337 2855 1405 superari
2888 1337 3032 1391 visus
3051 1345 3155 1390 est.

2212 1427 2267 1482 4.
2310 1425 2441 1480 Vera
2491 1428 2696 1481 victoria
2739 1443 2830 1496 per
2882 1427 3176 1497 patientiam
3203 1439 3507 1496 reportatur.
3534 1458 3612 1471 —
3634 1430 3729 1496 Nc,

2143 1535 2349 1589 qua'so,
2378 1520 2572 1591 ubique
2599 1521 2877 1575 victoriam
2903 1536 3223 1590 qnarramns.
3252 1520 3412 1576 Certe
3439 1524 3529 1589 qui
3566 1522 3727 1587 Ia-sit,

2145 1611 2328 1667 laesum
2351 1614 2495 1678 vicit,
2525 1612 2618 1667 sed
2644 1612 2944 1683 perniciosa
2966 1613 3184 1667 victoria
3206 1653 3223 1678 ,
3248 1628 3368 1683 qua:
3392 1615 3624 1667 exitium
3655 1616 3729 1666 vi-

2141 1704 2274 1760 ctori
2302 1703 2488 1759 atterat
2517 1720 2532 1759 :
2557 1704 2647 1774 qui
2677 1718 2805 1758 vero
2821 1703 2981 1758 laesus
3008 1713 3087 1759 est
3117 1714 3171 1758 et
3197 1704 3366 1759 vietus
3392 1705 3609 1760 videtur
3640 1748 3655 1771 ,
3683 1708 3726 1760 si

2142 1794 2442 1866 philosophi
2478 1809 2627 1849 more
2668 1793 2719 1847 id
2748 1792 2916 1859 ferat,
2951 1793 3036 1848 hic
3063 1809 3187 1849 vere
3215 1809 3473 1850 coronam
3517 1796 3722 1850 retulit.

2142 1888 2297 1958 Saepe
2328 1904 2563 1960 namque
2605 1892 2848 1960 superari
2880 1892 3074 1946 melius
3114 1901 3233 1946 est:
3268 1892 3354 1947 hic
3397 1908 3561 1962 porro
3589 1894 3730 1961 apti.

2142 1997 2260 2036 mus
2285 1990 2368 2035 est
2405 1983 2641 2038 victoria:
2676 1984 2887 2039 modus.
2918 1984 3046 2038 Nam
3079 1986 3191 2039 sive
3218 1987 3336 2055 quis
3359 1988 3531 2055 rapiat
3562 2028 3580 2051 ,
3612 1988 3727 2041 sive

2141 2074 2420 2144 percutiat,
2449 2076 2564 2129 sive
2596 2075 2829 2131 invideat
2861 2118 2876 2138 ,
2922 2078 3009 2146 qui
3042 2077 3267 2132 vincitur
3293 2119 3309 2143 ,
3342 2094 3440 2131 nec
3477 2095 3578 2132 una
3602 2094 3725 2134 cum

2142 2165 2232 2221 illo
2251 2166 2543 2231 contendit,
2568 2168 2610 2222 is
2640 2183 2762 2223 vere
2791 2168 2960 2223 victor
2984 2177 3085 2223 est.
3111 2169 3308 2238 Ecquid
3335 2170 3527 2240 loquor
3544 2171 3617 2225 de
3644 2187 3729 2226 ra-

2142 2258 2264 2329 pina
2294 2268 2348 2313 et
2372 2260 2563 2313 invidia
2592 2262 2616 2313 1'
2643 2260 2739 2327 Qui
2769 2260 2834 2314 ad
2866 2262 3175 2332 martyrium
3203 2261 3433 2317 trahitur
3457 2303 3471 2325 ,
3505 2263 3577 2316 ita
3608 2265 3726 2316 vin-

2141 2352 2232 2415 cit,
2261 2352 2487 2414 vinctus,
2518 2350 2830 2423 ﬂagellatns,
2861 2355 3435 2423 concisus,jngulatns.
3467 2357 3534 2408 Αι
3558 2371 3645 2420 pte
3670 2366 3726 2408 ttt

2144 2440 2195 2494 itt
2224 2441 2374 2495 bellis
2402 2442 2536 2496 vinci
2564 2441 2758 2495 dicitur
2797 2443 2840 2497 is
2865 2443 2952 2513 qui
2981 2444 3123 2498 cadit
3150 2485 3165 2508 ,
3202 2444 3429 2514 idipsutn
3460 2445 3601 2513 apud
3630 2461 3727 2497 nos

2141 2532 2361 2585 victoria
2394 2540 2496 2587 est.
2529 2531 2800 2602 Nusquam
2833 2535 2973 2587 enim
3005 2535 3142 2589 male
3168 2545 3387 2603 agentes
3416 2537 3683 2590 vincimus
3708 2579 3723 2601 ,

2142 2622 2235 2677 sed
2264 2623 2459 2692 ubique
2481 2624 2616 2678 mala
2639 2628 2920 2694 patientes.
2943 2626 3092 2681 Tunc
3114 2628 3539 2696 splendidissima
3558 2629 3726 2682 victo-

2144 2715 2277 2771 toria
2299 2724 2400 2779 est,
2427 2730 2543 2771 cum
2569 2716 2818 2787 patiendo
2850 2729 3103 2774 nocentes
3134 2719 3414 2776 vincimus.
3454 2720 3592 2775 Ilinc
3634 2736 3724 2773 os-

2142 2809 2379 2863 tenditur
2404 2824 2430 2861 a
2466 2810 2573 2863 Deo
2611 2824 2730 2865 esse
2772 2811 3045 2865 victoriam
3071 2853 3087 2873 ,
3120 2827 3237 2881 qua:
3277 2823 3519 2865 naturam
3562 2812 3727 2865 habet

2142 2901 2469 2954 contrariam
2497 2910 2732 2955 externa:
2761 2901 2834 2954 illi
2865 2902 3100 2956 victoriae
3133 2920 3146 2955 :
3177 2902 3333 2972 idque
3352 2903 3589 2957 maxime
3620 2902 3726 2956 for-

2144 2991 2383 3045 titudinis
2409 3000 2773 3061 argumentum
2797 3001 2899 3047 est.
2927 2992 3016 3048 Sic
3038 2996 3253 3046 marinu-
3276 3003 3438 3063 petrae
3456 3009 3727 3061 percussa:

2144 3084 2337 3138 tinctus
2375 3084 2670 3137 dissolvunt
2703 3102 2715 3135 :
2750 3083 2827 3137 sic
2854 3084 3023 3138 sancti
3055 3099 3242 3139 omnes
3279 3084 3537 3138 celebrati
3565 3100 3717 3138 coro-

2145 3190 2264 3227 nam
2289 3174 2598 3233 rctnleruut.
2632 3173 3014 3243 splendidaque
3033 3181 3230 3244 tropea
3250 3186 3559 3238 erexerunt,
3587 3176 3723 3229 hanc

2144 3279 2250 3317 non
2278 3264 2603 3317 contentiosc
2631 3265 2902 3319 victoriam
2934 3267 3263 3336 consequuti.
3296 3266 3372 3321 Nc
3398 3277 3448 3321 te
3479 3284 3721 3330 moveas,

2146 3355 2309 3424 inquit
2338 3396 2353 3421 ,
2372 3371 2484 3409 .nec
2511 3355 2819 3425 defatigeris
2844 3374 2857 3409 :
2896 3358 3033 3411 Deus
3062 3359 3199 3411 hanc
3226 3358 3316 3412 tibi
3349 3358 3721 3415 fortitudinem

2145 3447 2351 3508 imlidit,
2384 3457 2562 3500 utnon
2585 3464 2649 3502 ex
2670 3463 2957 3517 congressu
2982 3449 3183 3515 vincas,
3206 3451 3297 3505 sed
3324 3452 3571 3520 patiendo
3604 3462 3722 3507 tan-

2145 3549 2273 3593 tum.
2323 3538 2397 3591 Ne
2437 3541 2600 3593 aciem
2645 3541 2876 3595 instruas
2905 3581 2920 3605 ,
2969 3551 3026 3596 et
3064 3543 3337 3598 victoriam
3378 3545 3584 3600 referes
3614 3564 3629 3597 :
3656 3564 3723 3602 ne

2141 3633 2529 3701 congrediaris,
2564 3642 2615 3686 et
2652 3634 3030 3698 comnaberis;
3086 3636 3242 3703 longe
3288 3634 3481 3690 fortior
3530 3647 3722 3706 potet)-

2147 3727 2353 3794 tiorqne
2396 3742 2453 3779 es
2498 3727 2804 3781 adversario
2834 3737 2942 3784 tuo.
2975 3727 3083 3782 Cur
3108 3739 3159 3782 te
3189 3730 3455 3785 dedecore
3500 3733 3722 3785 afticis?

2143 3816 2219 3870 Ne
2245 3818 2340 3871 des
2370 3817 2441 3871 illi
2470 3817 2640 3872 locum
2670 3817 2880 3872 dicendi
2921 3828 2973 3873 te
3009 3836 3354 3891 congressum
3386 3822 3450 3875 vi.
3472 3823 3598 3885 isse,
3628 3824 3719 3878 sed

2144 3908 2382 3977 relinque
2413 3908 2554 3961 illum
2600 3918 2903 3979 stupentem
2954 3920 3113 3981 atque
3164 3912 3415 3965 invictam
3465 3914 3717 3966 virtutem

2142 4011 2284 4054 tuam
2323 4002 2598 4055 mirantem
2629 4044 2644 4066 ,
2683 4003 3036 4072 onmibusqne
3062 4004 3328 4058 dicentem
3356 4015 3407 4059 te
3434 4010 3554 4060 sine
3584 4022 3718 4061 cou-

2139 4110 2324 4162 gressu
2358 4094 2561 4148 vicisse.
2594 4095 2683 4148 Sic
2704 4105 2757 4148 et
2785 4096 2971 4150 beatus
3000 4096 3196 4164 Joseph
3241 4098 3430 4168 ubique
3458 4100 3717 4168 pra-dica-

2143 4197 2226 4240 tur
2255 4229 2268 4250 ,
2305 4186 2442 4256 quod
2475 4186 2609 4240 male
2657 4187 2904 4255 patiendo
2954 4189 3150 4243 malum
3186 4190 3475 4244 inferentes
3505 4192 3712 4245 vicerit.

2139 4277 2268 4332 Nam
2299 4276 2627 4332 insidiatores
2658 4277 2730 4331 illi
2764 4279 2910 4332 t’nere
2939 4279 3127 4333 fratres
3158 4289 3212 4333 et
3236 4279 3478 4351 .‘Egyptia
3502 4284 3711 4337 mulier:

2139 4386 2318 4422 verum
2348 4385 2529 4423 omnes
2569 4370 2656 4423 ille
2690 4372 2982 4437 superavit.
3018 4370 3094 4424 Ne
3122 4372 3248 4424 mihi
3275 4390 3549 4428 c-trccretn
3582 4417 3596 4437 ,
3627 4376 3711 4429 ubi

2136 4464 2420 4517 cont-lusus
2452 4464 2565 4528 l‘uit,
2600 4480 2664 4517 ne
2696 4465 2914 4533 regiam,
2950 4465 3033 4517 uhi
3063 4477 3266 4521 versata
3312 4481 3387 4521 est
3425 4469 3509 4522 illa
3535 4513 3548 4531 ,
3581 4472 3712 4524 allx-o

2136 4570 2229 4624 ges
2257 4572 2270 4617 ;
2305 4554 2395 4609 sed
2426 4555 2648 4609 ostende
2673 4557 2800 4610 mihi
2833 4557 2951 4626 quis
2976 4558 3167 4617 victos.
3191 4561 3311 4629 quis
3330 4561 3500 4615 victor
3531 4562 3705 4623 fuerit,

2136 4647 2252 4715 quis
2284 4646 2334 4699 in
2364 4662 2588 4701 maerore
2617 4646 2773 4701 fuerit
2805 4688 2819 4708 ,
2857 4648 2977 4716 quis
3022 4649 3073 4702 in
3124 4650 3415 4719 voluptate.
3450 4652 3541 4705 llla
3570 4654 3708 4708 enim

2136 4753 2238 4791 non
2268 4737 2425 4791 modo
2450 4741 2669 4806 justum,
2702 4738 2793 4793 sed
2825 4753 2921 4791 nec
2945 4740 3104 4792 animi
3137 4743 3378 4796 morbum
3407 4757 3563 4797 suum
3595 4747 3708 4797 vin-

2134 4845 2255 4883 rere
2287 4831 2455 4899 potttit
2483 4849 2494 4883 :
2526 4831 2613 4883 ille
2654 4846 2784 4883 vero
2814 4841 2860 4882 et
2893 4830 3033 4885 illam
3067 4840 3120 4885 et
3155 4833 3531 4901 gravissimum
3565 4852 3707 4888 mor-

2135 4923 2256 4976 bum
2282 4924 2564 4991 snperaiit.
2594 4922 2647 4977 Si
2674 4924 2772 4985 vis,
2809 4925 2915 4991 ipsa
2946 4924 3102 4977 verba
3133 4926 3338 4989 audias,
3367 4938 3420 4981 et
3447 4936 3704 4995 trem-um

2135 5012 2335 5068 videbis
2364 5015 2379 5045 ¹
2406 5030 2419 5066 :
2446 5014 2713 5067 Adduxisti
2734 5013 2873 5067 nobis
2893 5017 2991 5066 Imc
3010 5032 3215 5082 puerum
3245 5015 3537 5082 Hebr-tcum,
3563 5033 3618 5073 ut
3642 5020 3708 5072 il-

2132 5105 2323 5161 lnderet
2346 5108 2486 5161 nobis
2517 5106 2665 5176 (Gen.
2699 5107 2787 5159 39.
2828 5108 2933 5176 lii).
2967 5107 3078 5161 Non
3105 5109 3194 5163 ille
3219 5109 3404 5173 illusit,
3429 5129 3462 5161 o
3490 5114 3704 5172 misera.

2130 5201 2219 5255 sed
2251 5199 2509 5262 diabolus,
2542 5200 2625 5269 qui
2650 5200 2802 5263 dixit,
2832 5210 2881 5253 te
2909 5214 3063 5269 posse
3084 5200 3421 5257 adamantem
3439 5205 3702 5275 frangere:

2130 5310 2233 5348 non
2254 5294 2340 5347 ille
2359 5294 2448 5346 tibi
2470 5292 2671 5346 induxit
2695 5309 2914 5361 puerum
2934 5292 3211 5349 Heltrzrnnt
3236 5297 3323 5363 qui
3345 5296 3702 5358 insidiaretur.

2130 5385 2220 5439 sed
2242 5386 2497 5453 malignus
2513 5383 2715 5437 dzcmon
2739 5384 2826 5453 qui
2845 5384 3387 5453 itnpnrantiasciviam
3417 5388 3626 5453 indidit,
3661 5390 3703 5444 is

2129 5476 2219 5529 tibi
2252 5476 2432 5531 illusit.
2456 5474 2589 5542 Quid
2617 5489 2746 5542 ergo
2776 5474 2971 5544 .loseph
2994 5476 3017 5527 ?
3039 5474 3202 5530 Tacet
3226 5518 3241 5542 ,
3284 5489 3445 5545 atque
3473 5482 3541 5533 ita
3572 5497 3697 5535 con-

2128 5567 2427 5632 demnatur,
2459 5567 2901 5637 quetnadtnmlutn
2956 5578 3009 5621 et
3059 5567 3323 5623 Christus.
3360 5569 3452 5625 illa
3510 5573 3702 5643 quippe

2124 5661 2300 5717 omnia
2328 5660 2513 5714 horum
2535 5672 2682 5716 erant
2709 5660 2908 5730 ligone.
2935 5660 2997 5714 Et
3021 5660 3107 5714 ille
3132 5660 3345 5731 quidem
3371 5661 3425 5717 in
3456 5665 3700 5731 vinculis,

2188 5819 2201 5849 ¹
2232 5816 2341 5869 ΛΜ.
2365 5823 2406 5865 et
2432 5813 2607 5864 ridebis
2638 5812 2871 5877 quomodo
2903 5813 3089 5864 cuidem
3124 5822 3369 5879 ductitent
3389 5826 3613 5878 arguant.
