  <div class='ocr_page' id='page_1' title='image "/cluster/home/n/w/nwhite01/storage/ocr_20150623/58/hvd.32044054202999/298.png"; bbox 0 0 4094 6216; ppageno 0'>
   <div class='ocr_carea' id='block_1_1' title="bbox 296 344 400 406">
    <p class='ocr_par' dir='ltr' id='par_1_1' title="bbox 296 344 400 406">
     <span class='ocr_line' id='line_1_1' title="bbox 296 344 400 406; baseline 0.029 -3"><span class='ocrx_word' id='word_1_1' title='bbox 296 344 400 406; x_wconf 76' lang='lat'><strong>757</strong></span> 
     </span>
    </p>
   </div>
   <div class='ocr_carea' id='block_1_2' title="bbox 298 444 1871 527">
    <p class='ocr_par' dir='ltr' id='par_1_2' title="bbox 298 444 1871 527">
     <span class='ocr_line' id='line_1_2' title="bbox 298 444 1871 527; baseline -0.003 -17"><span class='ocrx_word' id='word_1_2' title='bbox 298 459 387 513; x_wconf 86' lang='lat' dir='ltr'><strong>illa</strong></span> <span class='ocrx_word' id='word_1_3' title='bbox 414 459 465 511; x_wconf 87' lang='lat' dir='ltr'><strong>ih</strong></span> <span class='ocrx_word' id='word_1_4' title='bbox 487 444 628 527; x_wconf 81' lang='lat' dir='ltr'><strong>regia</strong></span> <span class='ocrx_word' id='word_1_5' title='bbox 656 452 792 511; x_wconf 79' lang='lat' dir='ltr'><strong>erat.</strong></span> <span class='ocrx_word' id='word_1_6' title='bbox 820 455 886 510; x_wconf 80' lang='lat' dir='ltr'><strong>Et</strong></span> <span class='ocrx_word' id='word_1_7' title='bbox 916 454 1040 527; x_wconf 91' lang='lat' dir='ltr'><strong>quid</strong></span> <span class='ocrx_word' id='word_1_8' title='bbox 1070 455 1215 511; x_wconf 84' lang='lat' dir='ltr'><strong>hoc?</strong></span> <span class='ocrx_word' id='word_1_9' title='bbox 1244 456 1333 511; x_wconf 87' lang='lat' dir='ltr'><strong>Ille</strong></span> <span class='ocrx_word' id='word_1_10' title='bbox 1392 468 1613 526; x_wconf 78' lang='lat' dir='ltr'><strong>namque</strong></span> <span class='ocrx_word' id='word_1_11' title='bbox 1640 462 1757 509; x_wconf 87' lang='lat' dir='ltr'><strong>erat</strong></span> <span class='ocrx_word' id='word_1_12' title='bbox 1779 469 1871 508; x_wconf 89' lang='lat' dir='ltr'><strong>eo-</strong></span> 
     </span>
    </p>
   </div>
   <div class='ocr_carea' id='block_1_3' title="bbox 297 543 1873 619">
    <p class='ocr_par' dir='ltr' id='par_1_3' title="bbox 297 543 1873 619">
     <span class='ocr_line' id='line_1_3' title="bbox 297 543 1873 619; baseline -0.003 -14"><span class='ocrx_word' id='word_1_13' title='bbox 297 558 491 605; x_wconf 82' lang='lat' dir='ltr'><strong>roaato</strong></span> <span class='ocrx_word' id='word_1_14' title='bbox 517 549 707 618; x_wconf 87' lang='lat' dir='ltr'><strong>quovis</strong></span> <span class='ocrx_word' id='word_1_15' title='bbox 730 549 1084 619; x_wconf 84' lang='lat' dir='ltr'><strong>splendidior,</strong></span> <span class='ocrx_word' id='word_1_16' title='bbox 1109 550 1209 605; x_wconf 87' lang='lat' dir='ltr'><strong>etsi</strong></span> <span class='ocrx_word' id='word_1_17' title='bbox 1230 549 1432 604; x_wconf 92' lang='lat' dir='ltr'><strong>catenis</strong></span> <span class='ocrx_word' id='word_1_18' title='bbox 1457 557 1681 602; x_wconf 90' lang='lat' dir='ltr'><strong>onustus</strong></span> <span class='ocrx_word' id='word_1_19' title='bbox 1714 564 1728 600; x_wconf 91' lang='lat'><strong>:</strong></span> <span class='ocrx_word' id='word_1_20' title='bbox 1759 543 1873 601; x_wconf 60' lang='lat' dir='ltr'><strong>haec</strong></span> 
     </span>
    </p>
   </div>
   <div class='ocr_carea' id='block_1_4' title="bbox 297 638 1875 711">
    <p class='ocr_par' dir='ltr' id='par_1_4' title="bbox 297 638 1875 711">
     <span class='ocr_line' id='line_1_4' title="bbox 297 638 1875 711; baseline 0 -19"><span class='ocrx_word' id='word_1_21' title='bbox 297 658 425 696; x_wconf 80' lang='lat' dir='ltr'><strong>vero</strong></span> <span class='ocrx_word' id='word_1_22' title='bbox 450 641 628 695; x_wconf 79' lang='lat' dir='ltr'><strong>vincto</strong></span> <span class='ocrx_word' id='word_1_23' title='bbox 656 641 844 711; x_wconf 82' lang='lat' dir='ltr'><strong>quovis</strong></span> <span class='ocrx_word' id='word_1_24' title='bbox 865 641 1113 695; x_wconf 83' lang='lat' dir='ltr'><strong>miserior</strong></span> <span class='ocrx_word' id='word_1_25' title='bbox 1142 642 1194 694; x_wconf 90' lang='lat' dir='ltr'><strong>in</strong></span> <span class='ocrx_word' id='word_1_26' title='bbox 1226 640 1387 709; x_wconf 86' lang='lat' dir='ltr'><strong>regiis</strong></span> <span class='ocrx_word' id='word_1_27' title='bbox 1417 638 1663 693; x_wconf 90' lang='lat' dir='ltr'><strong>thalamis</strong></span> <span class='ocrx_word' id='word_1_28' title='bbox 1695 652 1875 692; x_wconf 84' lang='lat' dir='ltr'><strong>versa—</strong></span> 
     </span>
    </p>
   </div>
   <div class='ocr_carea' id='block_1_5' title="bbox 297 729 1870 801">
    <p class='ocr_par' dir='ltr' id='par_1_5' title="bbox 297 729 1870 801">
     <span class='ocr_line' id='line_1_5' title="bbox 297 729 1870 801; baseline -0.003 -14"><span class='ocrx_word' id='word_1_29' title='bbox 297 738 473 788; x_wconf 84' lang='lat' dir='ltr'><strong>batur.</strong></span> <span class='ocrx_word' id='word_1_30' title='bbox 503 732 607 787; x_wconf 85' lang='lat' dir='ltr'><strong>Sed</strong></span> <span class='ocrx_word' id='word_1_31' title='bbox 632 746 735 787; x_wconf 88' lang='lat' dir='ltr'><strong>non</strong></span> <span class='ocrx_word' id='word_1_32' title='bbox 764 731 887 787; x_wconf 90' lang='lat' dir='ltr'><strong>hinc</strong></span> <span class='ocrx_word' id='word_1_33' title='bbox 917 732 1113 795; x_wconf 86' lang='lat' dir='ltr'><strong>solum,</strong></span> <span class='ocrx_word' id='word_1_34' title='bbox 1141 732 1235 787; x_wconf 89' lang='lat' dir='ltr'><strong>sed</strong></span> <span class='ocrx_word' id='word_1_35' title='bbox 1262 732 1330 786; x_wconf 90' lang='lat' dir='ltr'><strong>ab</strong></span> <span class='ocrx_word' id='word_1_36' title='bbox 1351 732 1468 801; x_wconf 91' lang='lat' dir='ltr'><strong>ipso</strong></span> <span class='ocrx_word' id='word_1_37' title='bbox 1494 731 1640 787; x_wconf 80' lang='lat' dir='ltr'><strong>exitu</strong></span> <span class='ocrx_word' id='word_1_38' title='bbox 1661 739 1717 786; x_wconf 85' lang='lat' dir='ltr'><strong>et</strong></span> <span class='ocrx_word' id='word_1_39' title='bbox 1745 729 1870 795; x_wconf 85' lang='lat' dir='ltr'><strong>ﬁne,</strong></span> 
     </span>
    </p>
   </div>
   <div class='ocr_carea' id='block_1_6' title="bbox 296 821 1874 890">
    <p class='ocr_par' dir='ltr' id='par_1_6' title="bbox 296 821 1874 890">
     <span class='ocr_line' id='line_1_6' title="bbox 296 821 1874 890; baseline -0.002 -13"><span class='ocrx_word' id='word_1_40' title='bbox 296 831 352 877; x_wconf 89' lang='lat' dir='ltr'><strong>et</strong></span> <span class='ocrx_word' id='word_1_41' title='bbox 388 824 665 877; x_wconf 76' lang='lat' dir='ltr'><strong>victoriam</strong></span> <span class='ocrx_word' id='word_1_42' title='bbox 704 832 759 877; x_wconf 91' lang='lat' dir='ltr'><strong>et</strong></span> <span class='ocrx_word' id='word_1_43' title='bbox 798 822 1004 878; x_wconf 82' lang='lat' dir='ltr'><strong>cladem</strong></span> <span class='ocrx_word' id='word_1_44' title='bbox 1036 822 1215 876; x_wconf 90' lang='lat' dir='ltr'><strong>videre</strong></span> <span class='ocrx_word' id='word_1_45' title='bbox 1241 824 1383 877; x_wconf 88' lang='lat' dir='ltr'><strong>licet.</strong></span> <span class='ocrx_word' id='word_1_46' title='bbox 1408 822 1537 889; x_wconf 84' lang='lat' dir='ltr'><strong>Quis</strong></span> <span class='ocrx_word' id='word_1_47' title='bbox 1561 823 1703 876; x_wconf 89' lang='lat' dir='ltr'><strong>enim</strong></span> <span class='ocrx_word' id='word_1_48' title='bbox 1734 821 1874 890; x_wconf 89' lang='lat' dir='ltr'><strong>quod</strong></span> 
     </span>
    </p>
   </div>
   <div class='ocr_carea' id='block_1_7' title="bbox 295 914 1875 984">
    <p class='ocr_par' dir='ltr' id='par_1_7' title="bbox 295 914 1875 984">
     <span class='ocr_line' id='line_1_7' title="bbox 295 914 1875 984; baseline 0.002 -19"><span class='ocrx_word' id='word_1_49' title='bbox 295 914 463 967; x_wconf 78' lang='lat' dir='ltr'><strong>voluit</strong></span> <span class='ocrx_word' id='word_1_50' title='bbox 488 926 671 968; x_wconf 84' lang='lat' dir='ltr'><strong>nactus</strong></span> <span class='ocrx_word' id='word_1_51' title='bbox 701 924 802 978; x_wconf 69' lang='grc' dir='ltr'><strong>εει,</strong></span> <span class='ocrx_word' id='word_1_52' title='bbox 834 914 1043 969; x_wconf 83' lang='lat' dir='ltr'><strong>vinctus</strong></span> <span class='ocrx_word' id='word_1_53' title='bbox 1070 930 1136 967; x_wconf 87' lang='lat' dir='ltr'><strong>an</strong></span> <span class='ocrx_word' id='word_1_54' title='bbox 1162 915 1341 984; x_wconf 74' lang='lat' dir='ltr'><strong>regina</strong></span> <span class='ocrx_word' id='word_1_55' title='bbox 1373 915 1390 945; x_wconf 84' lang='grc'>¹</span> <span class='ocrx_word' id='word_1_56' title='bbox 1414 915 1552 969; x_wconf 71' lang='lat' dir='ltr'><strong>illle</strong></span> <span class='ocrx_word' id='word_1_57' title='bbox 1577 914 1875 968; x_wconf 88' lang='lat' dir='ltr'><strong>castitatem</strong></span> 
     </span>
    </p>
   </div>
   <div class='ocr_carea' id='block_1_8' title="bbox 296 1003 1876 1074">
    <p class='ocr_par' dir='ltr' id='par_1_8' title="bbox 296 1003 1876 1074">
     <span class='ocr_line' id='line_1_8' title="bbox 296 1003 1876 1074; baseline 0.002 -18"><span class='ocrx_word' id='word_1_58' title='bbox 296 1018 520 1058; x_wconf 77' lang='lat' dir='ltr'><strong>set-vare</strong></span> <span class='ocrx_word' id='word_1_59' title='bbox 542 1014 767 1058; x_wconf 89' lang='lat' dir='ltr'><strong>conatus</strong></span> <span class='ocrx_word' id='word_1_60' title='bbox 789 1016 869 1058; x_wconf 88' lang='lat' dir='ltr'><strong>est</strong></span> <span class='ocrx_word' id='word_1_61' title='bbox 894 1045 909 1069; x_wconf 93' lang='lat'><strong>,</strong></span> <span class='ocrx_word' id='word_1_62' title='bbox 939 1004 1029 1057; x_wconf 88' lang='lat' dir='ltr'><strong>illa</strong></span> <span class='ocrx_word' id='word_1_63' title='bbox 1062 1005 1271 1074; x_wconf 84' lang='lat' dir='ltr'><strong>eripere</strong></span> <span class='ocrx_word' id='word_1_64' title='bbox 1299 1005 1481 1059; x_wconf 89' lang='lat' dir='ltr'><strong>voluit.</strong></span> <span class='ocrx_word' id='word_1_65' title='bbox 1510 1005 1639 1072; x_wconf 85' lang='lat' dir='ltr'><strong>Quis</strong></span> <span class='ocrx_word' id='word_1_66' title='bbox 1666 1020 1792 1074; x_wconf 87' lang='lat' dir='ltr'><strong>ergo</strong></span> <span class='ocrx_word' id='word_1_67' title='bbox 1822 1003 1876 1059; x_wconf 92' lang='lat' dir='ltr'><strong>id</strong></span> 
     </span>
    </p>
   </div>
   <div class='ocr_carea' id='block_1_9' title="bbox 363 1198 1872 1261">
    <p class='ocr_par' dir='ltr' id='par_1_9' title="bbox 363 1198 1872 1261">
     <span class='ocr_line' id='line_1_9' title="bbox 363 1198 1872 1261; baseline -0.001 -12"><span class='ocrx_word' id='word_1_68' title='bbox 363 1202 377 1232; x_wconf 85' lang='grc'>¹</span> <span class='ocrx_word' id='word_1_69' title='bbox 412 1201 606 1259; x_wconf 85' lang='lat' dir='ltr'><strong>Quidam</strong></span> <span class='ocrx_word' id='word_1_70' title='bbox 633 1200 871 1250; x_wconf 88' lang='lat' dir='ltr'><strong>habent...</strong></span> <span class='ocrx_word' id='word_1_71' title='bbox 895 1209 1068 1251; x_wconf 74' lang='lat' dir='ltr'><strong>Nactus</strong></span> <span class='ocrx_word' id='word_1_72' title='bbox 1100 1207 1169 1250; x_wconf 89' lang='lat' dir='ltr'><strong>est</strong></span> <span class='ocrx_word' id='word_1_73' title='bbox 1188 1198 1213 1249; x_wconf 86' lang='lat'><strong><em>?</em></strong></span> <span class='ocrx_word' id='word_1_74' title='bbox 1233 1200 1432 1257; x_wconf 76' lang='lat' dir='ltr'><strong>vinctus,</strong></span> <span class='ocrx_word' id='word_1_75' title='bbox 1451 1198 1537 1249; x_wconf 82' lang='lat' dir='ltr'><strong>sed</strong></span> <span class='ocrx_word' id='word_1_76' title='bbox 1570 1209 1663 1249; x_wconf 83' lang='lat' dir='ltr'><strong>non</strong></span> <span class='ocrx_word' id='word_1_77' title='bbox 1686 1198 1872 1261; x_wconf 80' lang='lat' dir='ltr'><strong>regina.</strong></span> 
     </span>
    </p>
   </div>
   <div class='ocr_carea' id='block_1_10' title="bbox 1180 338 2691 403">
    <p class='ocr_par' dir='ltr' id='par_1_10' title="bbox 1180 338 2691 403">
     <span class='ocr_line' id='line_1_10' title="bbox 1180 338 2691 403; baseline -0.003 -2"><span class='ocrx_word' id='word_1_78' title='bbox 1180 338 1245 402; x_wconf 83' lang='lat' dir='ltr'><strong>lN</strong></span> <span class='ocrx_word' id='word_1_79' title='bbox 1285 338 1688 403; x_wconf 73' lang='grc' dir='ltr'><strong>ΜΑΤΊῊᾹΞΠΜ</strong></span> <span class='ocrx_word' id='word_1_80' title='bbox 1721 340 1948 398; x_wconf 61' lang='lat' dir='ltr'><strong>&quot;Olim.</strong></span> <span class='ocrx_word' id='word_1_81' title='bbox 1993 340 2254 397; x_wconf 74' lang='lat' dir='ltr'><strong>LXXXV.</strong></span> <span class='ocrx_word' id='word_1_82' title='bbox 2297 344 2366 397; x_wconf 91' lang='lat' dir='ltr'><strong>al.</strong></span> <span class='ocrx_word' id='word_1_83' title='bbox 2411 342 2691 397; x_wconf 70' lang='lat' dir='ltr'><strong>LXXXVI.</strong></span> 
     </span>
    </p>
   </div>
   <div class='ocr_carea' id='block_1_11' title="bbox 3456 343 3558 403">
    <p class='ocr_par' dir='ltr' id='par_1_11' title="bbox 3456 343 3558 403">
     <span class='ocr_line' id='line_1_11' title="bbox 3456 343 3558 403; baseline 0.059 -6"><span class='ocrx_word' id='word_1_84' title='bbox 3456 343 3558 403; x_wconf 76' lang='lat'><strong>758</strong></span> 
     </span>
    </p>
   </div>
   <div class='ocr_carea' id='block_1_12' title="bbox 1975 453 3559 531">
    <p class='ocr_par' dir='ltr' id='par_1_12' title="bbox 1975 453 3559 531">
     <span class='ocr_line' id='line_1_12' title="bbox 1975 453 3559 531; baseline 0.006 -25"><span class='ocrx_word' id='word_1_85' title='bbox 1975 454 2114 522; x_wconf 89' lang='lat' dir='ltr'><strong>quod</strong></span> <span class='ocrx_word' id='word_1_86' title='bbox 2147 453 2355 509; x_wconf 87' lang='lat' dir='ltr'><strong>volebat</strong></span> <span class='ocrx_word' id='word_1_87' title='bbox 2396 455 2571 510; x_wconf 77' lang='lat' dir='ltr'><strong>ellccit</strong></span> <span class='ocrx_word' id='word_1_88' title='bbox 2598 456 2730 526; x_wconf 84' lang='lat' dir='ltr'><strong>‘!qui</strong></span> <span class='ocrx_word' id='word_1_89' title='bbox 2772 455 2910 512; x_wconf 88' lang='lat' dir='ltr'><strong>male</strong></span> <span class='ocrx_word' id='word_1_90' title='bbox 2960 471 3147 527; x_wconf 88' lang='lat' dir='ltr'><strong>passus</strong></span> <span class='ocrx_word' id='word_1_91' title='bbox 3176 465 3256 514; x_wconf 84' lang='lat' dir='ltr'><strong>est</strong></span> <span class='ocrx_word' id='word_1_92' title='bbox 3288 499 3302 524; x_wconf 93' lang='lat'><strong>,</strong></span> <span class='ocrx_word' id='word_1_93' title='bbox 3344 472 3410 513; x_wconf 86' lang='lat' dir='ltr'><strong>an</strong></span> <span class='ocrx_word' id='word_1_94' title='bbox 3438 474 3559 531; x_wconf 70' lang='lat' dir='ltr'><strong>qtae</strong></span> 
     </span>
    </p>
   </div>
   <div class='ocr_carea' id='block_1_13' title="bbox 1975 544 3555 618">
    <p class='ocr_par' dir='ltr' id='par_1_13' title="bbox 1975 544 3555 618">
     <span class='ocr_line' id='line_1_13' title="bbox 1975 544 3555 618; baseline 0.004 -22"><span class='ocrx_word' id='word_1_95' title='bbox 1975 544 2114 599; x_wconf 90' lang='lat' dir='ltr'><strong>male</strong></span> <span class='ocrx_word' id='word_1_96' title='bbox 2141 544 2264 599; x_wconf 80' lang='lat' dir='ltr'><strong>fecit</strong></span> <span class='ocrx_word' id='word_1_97' title='bbox 2290 546 2313 597; x_wconf 86' lang='lat'><strong>?</strong></span> <span class='ocrx_word' id='word_1_98' title='bbox 2343 545 2567 601; x_wconf 83' lang='lat' dir='ltr'><strong>Planum</strong></span> <span class='ocrx_word' id='word_1_99' title='bbox 2594 556 2676 600; x_wconf 91' lang='lat' dir='ltr'><strong>est</strong></span> <span class='ocrx_word' id='word_1_100' title='bbox 2697 562 2819 602; x_wconf 88' lang='lat' dir='ltr'><strong>eum</strong></span> <span class='ocrx_word' id='word_1_101' title='bbox 2841 547 2931 618; x_wconf 85' lang='lat' dir='ltr'><strong>qui</strong></span> <span class='ocrx_word' id='word_1_102' title='bbox 2952 548 3091 601; x_wconf 89' lang='lat' dir='ltr'><strong>male</strong></span> <span class='ocrx_word' id='word_1_103' title='bbox 3120 562 3306 617; x_wconf 82' lang='lat' dir='ltr'><strong>passus</strong></span> <span class='ocrx_word' id='word_1_104' title='bbox 3331 558 3436 603; x_wconf 91' lang='lat' dir='ltr'><strong>est.</strong></span> <span class='ocrx_word' id='word_1_105' title='bbox 3457 550 3555 604; x_wconf 88' lang='lat' dir='ltr'><strong>llic</strong></span> 
     </span>
    </p>
   </div>
   <div class='ocr_carea' id='block_1_14' title="bbox 1976 639 3562 712">
    <p class='ocr_par' dir='ltr' id='par_1_14' title="bbox 1976 639 3562 712">
     <span class='ocr_line' id='line_1_14' title="bbox 1976 639 3562 712; baseline 0.004 -21"><span class='ocrx_word' id='word_1_106' title='bbox 1976 652 2105 707; x_wconf 87' lang='lat' dir='ltr'><strong>ergo</strong></span> <span class='ocrx_word' id='word_1_107' title='bbox 2134 645 2217 693; x_wconf 90' lang='lat' dir='ltr'><strong>est</strong></span> <span class='ocrx_word' id='word_1_108' title='bbox 2241 639 2329 709; x_wconf 88' lang='lat' dir='ltr'><strong>qui</strong></span> <span class='ocrx_word' id='word_1_109' title='bbox 2361 639 2504 694; x_wconf 82' lang='lat' dir='ltr'><strong>vicit.</strong></span> <span class='ocrx_word' id='word_1_110' title='bbox 2530 639 2655 694; x_wconf 72' lang='lat' dir='ltr'><strong>[hec</strong></span> <span class='ocrx_word' id='word_1_111' title='bbox 2678 655 2799 695; x_wconf 91' lang='lat' dir='ltr'><strong>cum</strong></span> <span class='ocrx_word' id='word_1_112' title='bbox 2817 640 3048 695; x_wconf 83' lang='lat' dir='ltr'><strong>sciamus</strong></span> <span class='ocrx_word' id='word_1_113' title='bbox 3075 678 3091 706; x_wconf 91' lang='lat'><strong>,</strong></span> <span class='ocrx_word' id='word_1_114' title='bbox 3125 641 3261 695; x_wconf 90' lang='lat' dir='ltr'><strong>hanc</strong></span> <span class='ocrx_word' id='word_1_115' title='bbox 3290 642 3562 712; x_wconf 78' lang='lat' dir='ltr'><strong>patientia:</strong></span> 
     </span>
    </p>
   </div>
   <div class='ocr_carea' id='block_1_15' title="bbox 1977 728 3562 801">
    <p class='ocr_par' dir='ltr' id='par_1_15' title="bbox 1977 728 3562 801">
     <span class='ocr_line' id='line_1_15' title="bbox 1977 728 3562 801; baseline 0.006 -21"><span class='ocrx_word' id='word_1_116' title='bbox 1977 728 2251 784; x_wconf 85' lang='lat' dir='ltr'><strong>victoriam</strong></span> <span class='ocrx_word' id='word_1_117' title='bbox 2280 744 2659 799; x_wconf 85' lang='lat' dir='ltr'><strong>persequamur</strong></span> <span class='ocrx_word' id='word_1_118' title='bbox 2688 748 2703 796; x_wconf 89' lang='lat'>;</span> <span class='ocrx_word' id='word_1_119' title='bbox 2738 732 2879 786; x_wconf 83' lang='lat' dir='ltr'><strong>illam</strong></span> <span class='ocrx_word' id='word_1_120' title='bbox 2904 746 3032 787; x_wconf 89' lang='lat' dir='ltr'><strong>vero</strong></span> <span class='ocrx_word' id='word_1_121' title='bbox 3056 732 3297 801; x_wconf 90' lang='lat' dir='ltr'><strong>injuriam</strong></span> <span class='ocrx_word' id='word_1_122' title='bbox 3322 732 3562 789; x_wconf 58' lang='lat' dir='ltr'><strong>infereno</strong></span> 
     </span>
    </p>
   </div>
   <div class='ocr_carea' id='block_1_16' title="bbox 1979 822 3562 901">
    <p class='ocr_par' dir='ltr' id='par_1_16' title="bbox 1979 822 3562 901">
     <span class='ocr_line' id='line_1_16' title="bbox 1979 822 3562 901; baseline 0.001 -24"><span class='ocrx_word' id='word_1_123' title='bbox 1979 823 2109 877; x_wconf 90' lang='lat' dir='ltr'><strong>tium</strong></span> <span class='ocrx_word' id='word_1_124' title='bbox 2156 822 2437 892; x_wconf 77' lang='lat' dir='ltr'><strong>fugiamus.</strong></span> <span class='ocrx_word' id='word_1_125' title='bbox 2483 822 2745 901; x_wconf 20' lang='lat' dir='ltr'><strong>Sic’enim</strong></span> <span class='ocrx_word' id='word_1_126' title='bbox 2776 833 3094 892; x_wconf 71' lang='lat' dir='ltr'><strong>praesentem</strong></span> <span class='ocrx_word' id='word_1_127' title='bbox 3123 824 3287 877; x_wconf 86' lang='lat' dir='ltr'><strong>vitam</strong></span> <span class='ocrx_word' id='word_1_128' title='bbox 3329 825 3562 893; x_wconf 76' lang='lat' dir='ltr'><strong>negotiis</strong></span> 
     </span>
    </p>
   </div>
   <div class='ocr_carea' id='block_1_17' title="bbox 1981 914 3561 984">
    <p class='ocr_par' dir='ltr' id='par_1_17' title="bbox 1981 914 3561 984">
     <span class='ocr_line' id='line_1_17' title="bbox 1981 914 3561 984; baseline -0.001 -15"><span class='ocrx_word' id='word_1_129' title='bbox 1981 915 2201 969; x_wconf 87' lang='lat' dir='ltr'><strong>liberam</strong></span> <span class='ocrx_word' id='word_1_130' title='bbox 2238 922 2292 969; x_wconf 91' lang='lat' dir='ltr'><strong>et</strong></span> <span class='ocrx_word' id='word_1_131' title='bbox 2330 928 2554 983; x_wconf 84' lang='lat' dir='ltr'><strong>prorsus</strong></span> <span class='ocrx_word' id='word_1_132' title='bbox 2593 915 2931 984; x_wconf 83' lang='lat' dir='ltr'><strong>tranquillam</strong></span> <span class='ocrx_word' id='word_1_133' title='bbox 2963 914 3225 969; x_wconf 87' lang='lat' dir='ltr'><strong>ducemus</strong></span> <span class='ocrx_word' id='word_1_134' title='bbox 3259 952 3274 978; x_wconf 93' lang='lat'><strong>,</strong></span> <span class='ocrx_word' id='word_1_135' title='bbox 3303 923 3358 967; x_wconf 87' lang='lat' dir='ltr'><strong>et</strong></span> <span class='ocrx_word' id='word_1_136' title='bbox 3385 914 3561 968; x_wconf 83' lang='lat' dir='ltr'><strong>futura</strong></span> 
     </span>
    </p>
   </div>
   <div class='ocr_carea' id='block_1_18' title="bbox 1980 1006 3562 1077">
    <p class='ocr_par' dir='ltr' id='par_1_18' title="bbox 1980 1006 3562 1077">
     <span class='ocr_line' id='line_1_18' title="bbox 1980 1006 3562 1077; baseline -0.001 -15"><span class='ocrx_word' id='word_1_137' title='bbox 1980 1007 2118 1062; x_wconf 85' lang='lat' dir='ltr'><strong>bona</strong></span> <span class='ocrx_word' id='word_1_138' title='bbox 2140 1022 2531 1075; x_wconf 82' lang='lat' dir='ltr'><strong>consequemur</strong></span> <span class='ocrx_word' id='word_1_139' title='bbox 2553 1050 2567 1072; x_wconf 94' lang='lat'><strong>,</strong></span> <span class='ocrx_word' id='word_1_140' title='bbox 2592 1008 2757 1077; x_wconf 87' lang='lat' dir='ltr'><strong>gratia</strong></span> <span class='ocrx_word' id='word_1_141' title='bbox 2788 1017 2842 1061; x_wconf 91' lang='lat' dir='ltr'><strong>et</strong></span> <span class='ocrx_word' id='word_1_142' title='bbox 2872 1007 3197 1076; x_wconf 81' lang='lat' dir='ltr'><strong>benignitate</strong></span> <span class='ocrx_word' id='word_1_143' title='bbox 3225 1006 3435 1061; x_wconf 88' lang='lat' dir='ltr'><strong>Domini</strong></span> <span class='ocrx_word' id='word_1_144' title='bbox 3460 1021 3562 1060; x_wconf 87' lang='lat' dir='ltr'><strong>uo-</strong></span> 
     </span>
    </p>
   </div>
   <div class='ocr_carea' id='block_1_19' title="bbox 1979 1098 3561 1169">
    <p class='ocr_par' dir='ltr' id='par_1_19' title="bbox 1979 1098 3561 1169">
     <span class='ocr_line' id='line_1_19' title="bbox 1979 1098 3561 1169; baseline -0.003 -15"><span class='ocrx_word' id='word_1_145' title='bbox 1979 1099 2075 1154; x_wconf 87' lang='lat' dir='ltr'><strong>stri</strong></span> <span class='ocrx_word' id='word_1_146' title='bbox 2105 1098 2230 1153; x_wconf 87' lang='lat' dir='ltr'><strong>Jesu</strong></span> <span class='ocrx_word' id='word_1_147' title='bbox 2259 1099 2457 1153; x_wconf 88' lang='lat' dir='ltr'><strong>Christi</strong></span> <span class='ocrx_word' id='word_1_148' title='bbox 2483 1141 2497 1162; x_wconf 95' lang='lat'><strong>,</strong></span> <span class='ocrx_word' id='word_1_149' title='bbox 2530 1100 2617 1154; x_wconf 91' lang='lat' dir='ltr'><strong>cui</strong></span> <span class='ocrx_word' id='word_1_150' title='bbox 2652 1099 2818 1169; x_wconf 80' lang='lat' dir='ltr'><strong>gloria</strong></span> <span class='ocrx_word' id='word_1_151' title='bbox 2859 1111 2914 1154; x_wconf 88' lang='lat' dir='ltr'><strong>et</strong></span> <span class='ocrx_word' id='word_1_152' title='bbox 2956 1100 3235 1167; x_wconf 81' lang='lat' dir='ltr'><strong>imperium</strong></span> <span class='ocrx_word' id='word_1_153' title='bbox 3287 1099 3341 1152; x_wconf 91' lang='lat' dir='ltr'><strong>in</strong></span> <span class='ocrx_word' id='word_1_154' title='bbox 3369 1100 3561 1153; x_wconf 66' lang='lat' dir='ltr'><strong>sa‘cula</strong></span> 
     </span>
    </p>
   </div>
   <div class='ocr_carea' id='block_1_20' title="bbox 1980 1189 2535 1243">
    <p class='ocr_par' dir='ltr' id='par_1_20' title="bbox 1980 1189 2535 1243">
     <span class='ocr_line' id='line_1_20' title="bbox 1980 1189 2535 1243; baseline 0 0"><span class='ocrx_word' id='word_1_155' title='bbox 1980 1189 2316 1243; x_wconf 72' lang='lat' dir='ltr'><strong>smculorum.</strong></span> <span class='ocrx_word' id='word_1_156' title='bbox 2343 1190 2535 1243; x_wconf 84' lang='lat' dir='ltr'><strong>Amen.</strong></span> 
     </span>
    </p>
   </div>
   <div class='ocr_carea' id='block_1_21' title="bbox 1326 1374 2561 1437">
    <p class='ocr_par' dir='ltr' id='par_1_21' title="bbox 1326 1374 2561 1437">
     <span class='ocr_line' id='line_1_21' title="bbox 1326 1374 2561 1437; baseline -0.003 -1"><span class='ocrx_word' id='word_1_157' title='bbox 1326 1376 1666 1437; x_wconf 73' lang='lat' dir='ltr'><strong>HOMILIA</strong></span> <span class='ocrx_word' id='word_1_158' title='bbox 1714 1374 2033 1434; x_wconf 84' lang='lat' dir='ltr'><strong>LXXXV.</strong></span> <span class='ocrx_word' id='word_1_159' title='bbox 2079 1374 2162 1435; x_wconf 81' lang='lat' dir='ltr'><strong>al.</strong></span> <span class='ocrx_word' id='word_1_160' title='bbox 2208 1375 2561 1434; x_wconf 83' lang='lat' dir='ltr'><strong>LXXXVI.</strong></span> 
     </span>
    </p>
   </div>
   <div class='ocr_carea' id='block_1_22' title="bbox 295 1481 1872 1567">
    <p class='ocr_par' dir='ltr' id='par_1_22' title="bbox 295 1481 1872 1567">
     <span class='ocr_line' id='line_1_22' title="bbox 295 1481 1872 1567; baseline -0.006 -13"><span class='ocrx_word' id='word_1_161' title='bbox 295 1499 422 1554; x_wconf 76' lang='lat' dir='ltr'><strong>CAP.</strong></span> <span class='ocrx_word' id='word_1_162' title='bbox 476 1488 565 1553; x_wconf 72' lang='lat'><strong>9.6.</strong></span> <span class='ocrx_word' id='word_1_163' title='bbox 621 1514 671 1550; x_wconf 93' lang='lat' dir='ltr'><strong>v.</strong></span> <span class='ocrx_word' id='word_1_164' title='bbox 723 1485 810 1552; x_wconf 78' lang='lat'><strong>67.</strong></span> <span class='ocrx_word' id='word_1_165' title='bbox 857 1481 1002 1549; x_wconf 68' lang='lat' dir='ltr'><strong>Tunc</strong></span> <span class='ocrx_word' id='word_1_166' title='bbox 1031 1504 1273 1565; x_wconf 77' lang='lat' dir='ltr'><strong>spuerunt</strong></span> <span class='ocrx_word' id='word_1_167' title='bbox 1322 1498 1375 1549; x_wconf 89' lang='lat' dir='ltr'><strong>in</strong></span> <span class='ocrx_word' id='word_1_168' title='bbox 1423 1496 1603 1567; x_wconf 79' lang='lat' dir='ltr'><strong>facient</strong></span> <span class='ocrx_word' id='word_1_169' title='bbox 1645 1496 1754 1563; x_wconf 79' lang='lat' dir='ltr'><strong>ejus</strong></span> <span class='ocrx_word' id='word_1_170' title='bbox 1782 1536 1795 1558; x_wconf 94' lang='lat'><strong>,</strong></span> <span class='ocrx_word' id='word_1_171' title='bbox 1826 1503 1872 1546; x_wconf 89' lang='lat' dir='ltr'><strong>et</strong></span> 
     </span>
    </p>
   </div>
   <div class='ocr_carea' id='block_1_23' title="bbox 371 1583 1874 1658">
    <p class='ocr_par' dir='ltr' id='par_1_23' title="bbox 371 1583 1874 1658">
     <span class='ocr_line' id='line_1_23' title="bbox 371 1583 1874 1658; baseline -0.005 -17"><span class='ocrx_word' id='word_1_172' title='bbox 371 1588 606 1658; x_wconf 81' lang='lat' dir='ltr'><strong>colaphis</strong></span> <span class='ocrx_word' id='word_1_173' title='bbox 636 1603 749 1640; x_wconf 81' lang='lat' dir='ltr'><strong>eum</strong></span> <span class='ocrx_word' id='word_1_174' title='bbox 777 1586 1058 1640; x_wconf 85' lang='lat' dir='ltr'><strong>ceciderunt</strong></span> <span class='ocrx_word' id='word_1_175' title='bbox 1087 1602 1104 1647; x_wconf 91' lang='lat'><em>;</em></span> <span class='ocrx_word' id='word_1_176' title='bbox 1145 1586 1235 1637; x_wconf 90' lang='lat' dir='ltr'><strong>alii</strong></span> <span class='ocrx_word' id='word_1_177' title='bbox 1269 1595 1436 1639; x_wconf 89' lang='lat' dir='ltr'><strong>autem</strong></span> <span class='ocrx_word' id='word_1_178' title='bbox 1475 1584 1669 1655; x_wconf 78' lang='lat' dir='ltr'><strong>palmas</strong></span> <span class='ocrx_word' id='word_1_179' title='bbox 1710 1586 1762 1635; x_wconf 88' lang='lat' dir='ltr'><strong>in</strong></span> <span class='ocrx_word' id='word_1_180' title='bbox 1788 1583 1874 1652; x_wconf 80' lang='lat' dir='ltr'><strong>[a—</strong></span> 
     </span>
    </p>
   </div>
   <div class='ocr_carea' id='block_1_24' title="bbox 368 1674 1872 1749">
    <p class='ocr_par' dir='ltr' id='par_1_24' title="bbox 368 1674 1872 1749">
     <span class='ocr_line' id='line_1_24' title="bbox 368 1674 1872 1749; baseline -0.004 -17"><span class='ocrx_word' id='word_1_181' title='bbox 368 1682 492 1732; x_wconf 86' lang='lat' dir='ltr'><strong>ciem</strong></span> <span class='ocrx_word' id='word_1_182' title='bbox 531 1680 641 1749; x_wconf 85' lang='lat' dir='ltr'><strong>cjus</strong></span> <span class='ocrx_word' id='word_1_183' title='bbox 670 1678 933 1741; x_wconf 71' lang='lat' dir='ltr'><strong>dederunt,</strong></span> <span class='ocrx_word' id='word_1_184' title='bbox 964 1676 1060 1741; x_wconf 80' lang='lat'><strong>68,</strong></span> <span class='ocrx_word' id='word_1_185' title='bbox 1081 1676 1334 1729; x_wconf 74' lang='lat' dir='ltr'><strong>dicentes:</strong></span> <span class='ocrx_word' id='word_1_186' title='bbox 1364 1674 1671 1743; x_wconf 79' lang='lat' dir='ltr'><strong>PrOpltetiza</strong></span> <span class='ocrx_word' id='word_1_187' title='bbox 1695 1674 1834 1728; x_wconf 86' lang='lat' dir='ltr'><strong>nobis</strong></span> <span class='ocrx_word' id='word_1_188' title='bbox 1856 1712 1872 1740; x_wconf 94' lang='lat'><strong>,</strong></span> 
     </span>
    </p>
   </div>
   <div class='ocr_carea' id='block_1_25' title="bbox 302 1768 1465 1844">
    <p class='ocr_par' dir='ltr' id='par_1_25' title="bbox 302 1768 1465 1844">
     <span class='ocr_line' id='line_1_25' title="bbox 302 1768 1465 1844; baseline -0.003 -20"><span class='ocrx_word' id='word_1_189' title='bbox 302 1834 310 1844; x_wconf 31' lang='grc' dir='ltr'>ι</span> <span class='ocrx_word' id='word_1_190' title='bbox 368 1772 583 1833; x_wconf 76' lang='lat' dir='ltr'><strong>Christe,</strong></span> <span class='ocrx_word' id='word_1_191' title='bbox 612 1769 723 1840; x_wconf 88' lang='lat' dir='ltr'><strong>quis</strong></span> <span class='ocrx_word' id='word_1_192' title='bbox 745 1778 814 1823; x_wconf 85' lang='lat' dir='ltr'><strong>est</strong></span> <span class='ocrx_word' id='word_1_193' title='bbox 844 1768 931 1839; x_wconf 89' lang='lat' dir='ltr'><strong>qui</strong></span> <span class='ocrx_word' id='word_1_194' title='bbox 958 1778 1003 1820; x_wconf 86' lang='lat' dir='ltr'><strong>te</strong></span> <span class='ocrx_word' id='word_1_195' title='bbox 1025 1768 1271 1836; x_wconf 78' lang='lat' dir='ltr'><strong>percussit</strong></span> <span class='ocrx_word' id='word_1_196' title='bbox 1298 1768 1335 1820; x_wconf 71' lang='grc' dir='ltr'><strong>Ῡ-</strong></span> <span class='ocrx_word' id='word_1_197' title='bbox 1359 1776 1465 1822; x_wconf 89' lang='lat' dir='ltr'><strong>etc.</strong></span> 
     </span>
    </p>
   </div>
   <div class='ocr_carea' id='block_1_26' title="bbox 374 1865 1875 1940">
    <p class='ocr_par' dir='ltr' id='par_1_26' title="bbox 374 1865 1875 1940">
     <span class='ocr_line' id='line_1_26' title="bbox 374 1865 1875 1940; baseline -0.006 -13"><span class='ocrx_word' id='word_1_198' title='bbox 374 1875 421 1926; x_wconf 89' lang='grc'><strong>1.</strong></span> <span class='ocrx_word' id='word_1_199' title='bbox 455 1872 753 1923; x_wconf 71' lang='grc' dir='ltr'><strong>,Ιιιάωοτιιυι</strong></span> <span class='ocrx_word' id='word_1_200' title='bbox 780 1871 975 1940; x_wconf 83' lang='lat' dir='ltr'><strong>objecta</strong></span> <span class='ocrx_word' id='word_1_201' title='bbox 1002 1868 1290 1922; x_wconf 76' lang='lat' dir='ltr'><strong>crudelitas.</strong></span> <span class='ocrx_word' id='word_1_202' title='bbox 1325 1865 1761 1937; x_wconf 82' lang='lat' dir='ltr'><strong>Evangelistarum</strong></span> <span class='ocrx_word' id='word_1_203' title='bbox 1787 1880 1875 1918; x_wconf 76' lang='lat' dir='ltr'><strong>ve-</strong></span> 
     </span>
    </p>
   </div>
   <div class='ocr_carea' id='block_1_27' title="bbox 219 1942 1867 2025">
    <p class='ocr_par' dir='ltr' id='par_1_27' title="bbox 219 1942 1867 2025">
     <span class='ocr_line' id='line_1_27' title="bbox 219 1942 1867 2025; baseline -0.003 -9"><span class='ocrx_word' id='word_1_204' title='bbox 219 1942 231 1951; x_wconf 38' lang='lat'><strong><em>.</em></strong></span> <span class='ocrx_word' id='word_1_205' title='bbox 298 1966 483 2016; x_wconf 70' lang='lat' dir='ltr'><strong>raritas</strong></span> <span class='ocrx_word' id='word_1_206' title='bbox 504 1952 1008 2015; x_wconf 53' lang='lat' dir='ltr'><strong>admiranda—Cur</strong></span> <span class='ocrx_word' id='word_1_207' title='bbox 1035 1960 1133 2014; x_wconf 92' lang='lat' dir='ltr'><strong>hoc</strong></span> <span class='ocrx_word' id='word_1_208' title='bbox 1160 1958 1423 2015; x_wconf 83' lang='lat' dir='ltr'><strong>faciebant</strong></span> <span class='ocrx_word' id='word_1_209' title='bbox 1442 2001 1457 2025; x_wconf 88' lang='lat'><strong>,</strong></span> <span class='ocrx_word' id='word_1_210' title='bbox 1490 1974 1609 2011; x_wconf 87' lang='lat' dir='ltr'><strong>cum</strong></span> <span class='ocrx_word' id='word_1_211' title='bbox 1638 1959 1867 2013; x_wconf 82' lang='lat' dir='ltr'><strong>occisuri</strong></span> 
     </span>
    </p>
   </div>
   <div class='ocr_carea' id='block_1_28' title="bbox 300 2044 1878 2122">
    <p class='ocr_par' dir='ltr' id='par_1_28' title="bbox 300 2044 1878 2122">
     <span class='ocr_line' id='line_1_28' title="bbox 300 2044 1878 2122; baseline -0.004 -14"><span class='ocrx_word' id='word_1_212' title='bbox 300 2044 449 2108; x_wconf 86' lang='lat' dir='ltr'><strong>illum</strong></span> <span class='ocrx_word' id='word_1_213' title='bbox 478 2062 659 2108; x_wconf 83' lang='lat' dir='ltr'><strong>essent</strong></span> <span class='ocrx_word' id='word_1_214' title='bbox 688 2044 854 2122; x_wconf 83' lang='lat' dir='ltr'><strong>?quid</strong></span> <span class='ocrx_word' id='word_1_215' title='bbox 878 2064 1013 2120; x_wconf 82' lang='lat' dir='ltr'><strong>Opus</strong></span> <span class='ocrx_word' id='word_1_216' title='bbox 1043 2050 1343 2121; x_wconf 89' lang='lat' dir='ltr'><strong>lmjusmodi</strong></span> <span class='ocrx_word' id='word_1_217' title='bbox 1370 2050 1657 2113; x_wconf 71' lang='lat' dir='ltr'><strong>conntedia,</strong></span> <span class='ocrx_word' id='word_1_218' title='bbox 1691 2048 1791 2103; x_wconf 90' lang='lat' dir='ltr'><strong>nisi</strong></span> <span class='ocrx_word' id='word_1_219' title='bbox 1822 2059 1878 2102; x_wconf 90' lang='lat' dir='ltr'><strong>nt</strong></span> 
     </span>
    </p>
   </div>
   <div class='ocr_carea' id='block_1_29' title="bbox 302 2136 1877 2215">
    <p class='ocr_par' dir='ltr' id='par_1_29' title="bbox 302 2136 1877 2215">
     <span class='ocr_line' id='line_1_29' title="bbox 302 2136 1877 2215; baseline -0.001 -20"><span class='ocrx_word' id='word_1_220' title='bbox 302 2142 598 2215; x_wconf 78' lang='lat' dir='ltr'><strong>petulantes</strong></span> <span class='ocrx_word' id='word_1_221' title='bbox 629 2143 839 2197; x_wconf 88' lang='lat' dir='ltr'><strong>illorum</strong></span> <span class='ocrx_word' id='word_1_222' title='bbox 870 2156 1048 2198; x_wconf 81' lang='lat' dir='ltr'><strong>mures</strong></span> <span class='ocrx_word' id='word_1_223' title='bbox 1076 2136 1128 2197; x_wconf 90' lang='lat' dir='ltr'><strong>iu</strong></span> <span class='ocrx_word' id='word_1_224' title='bbox 1156 2141 1405 2196; x_wconf 86' lang='lat' dir='ltr'><strong>omnibus</strong></span> <span class='ocrx_word' id='word_1_225' title='bbox 1440 2148 1750 2211; x_wconf 85' lang='lat' dir='ltr'><strong>perspectos</strong></span> <span class='ocrx_word' id='word_1_226' title='bbox 1781 2141 1877 2193; x_wconf 89' lang='lat' dir='ltr'><strong>ha-</strong></span> 
     </span>
    </p>
   </div>
   <div class='ocr_carea' id='block_1_30' title="bbox 302 2226 1879 2306">
    <p class='ocr_par' dir='ltr' id='par_1_30' title="bbox 302 2226 1879 2306">
     <span class='ocr_line' id='line_1_30' title="bbox 302 2226 1879 2306; baseline -0.004 -15"><span class='ocrx_word' id='word_1_227' title='bbox 302 2238 429 2292; x_wconf 86' lang='lat' dir='ltr'><strong>beas</strong></span> <span class='ocrx_word' id='word_1_228' title='bbox 453 2237 476 2290; x_wconf 92' lang='lat'><strong>?</strong></span> <span class='ocrx_word' id='word_1_229' title='bbox 497 2236 583 2305; x_wconf 88' lang='lat' dir='ltr'><strong>qui</strong></span> <span class='ocrx_word' id='word_1_230' title='bbox 611 2236 761 2306; x_wconf 91' lang='lat' dir='ltr'><strong>quasi</strong></span> <span class='ocrx_word' id='word_1_231' title='bbox 789 2245 982 2290; x_wconf 89' lang='lat' dir='ltr'><strong>venatu</strong></span> <span class='ocrx_word' id='word_1_232' title='bbox 1013 2226 1247 2299; x_wconf 85' lang='lat' dir='ltr'><strong>invento,</strong></span> <span class='ocrx_word' id='word_1_233' title='bbox 1275 2234 1353 2289; x_wconf 88' lang='lat' dir='ltr'><strong>sic</strong></span> <span class='ocrx_word' id='word_1_234' title='bbox 1380 2246 1530 2289; x_wconf 86' lang='lat' dir='ltr'><strong>suam</strong></span> <span class='ocrx_word' id='word_1_235' title='bbox 1556 2231 1879 2287; x_wconf 80' lang='lat' dir='ltr'><strong>exercebant</strong></span> 
     </span>
    </p>
   </div>
   <div class='ocr_carea' id='block_1_31' title="bbox 300 2316 1882 2398">
    <p class='ocr_par' dir='ltr' id='par_1_31' title="bbox 300 2316 1882 2398">
     <span class='ocr_line' id='line_1_31' title="bbox 300 2316 1882 2398; baseline -0.003 -17"><span class='ocrx_word' id='word_1_236' title='bbox 300 2318 661 2398; x_wconf 71' lang='lat' dir='ltr'><strong>petulantiam,</strong></span> <span class='ocrx_word' id='word_1_237' title='bbox 681 2316 989 2397; x_wconf 83' lang='lat' dir='ltr'><strong>insaniaquc</strong></span> <span class='ocrx_word' id='word_1_238' title='bbox 1010 2325 1216 2396; x_wconf 89' lang='lat' dir='ltr'><strong>repleti,</strong></span> <span class='ocrx_word' id='word_1_239' title='bbox 1238 2324 1338 2380; x_wconf 89' lang='lat' dir='ltr'><strong>hoc</strong></span> <span class='ocrx_word' id='word_1_240' title='bbox 1362 2324 1511 2395; x_wconf 89' lang='lat' dir='ltr'><strong>quasi</strong></span> <span class='ocrx_word' id='word_1_241' title='bbox 1536 2323 1723 2379; x_wconf 81' lang='lat' dir='ltr'><strong>festum</strong></span> <span class='ocrx_word' id='word_1_242' title='bbox 1740 2322 1882 2377; x_wconf 60' lang='lat' dir='ltr'><strong>cclcc</strong></span> 
     </span>
    </p>
   </div>
   <div class='ocr_carea' id='block_1_32' title="bbox 299 2415 1879 2488">
    <p class='ocr_par' dir='ltr' id='par_1_32' title="bbox 299 2415 1879 2488">
     <span class='ocr_line' id='line_1_32' title="bbox 299 2415 1879 2488; baseline -0.003 -15"><span class='ocrx_word' id='word_1_243' title='bbox 299 2419 542 2484; x_wconf 86' lang='lat' dir='ltr'><strong>brabant,</strong></span> <span class='ocrx_word' id='word_1_244' title='bbox 556 2435 672 2474; x_wconf 91' lang='lat' dir='ltr'><strong>cum</strong></span> <span class='ocrx_word' id='word_1_245' title='bbox 686 2419 953 2488; x_wconf 85' lang='lat' dir='ltr'><strong>voluptate</strong></span> <span class='ocrx_word' id='word_1_246' title='bbox 968 2419 1249 2485; x_wconf 89' lang='lat' dir='ltr'><strong>irruentes,</strong></span> <span class='ocrx_word' id='word_1_247' title='bbox 1264 2415 1690 2486; x_wconf 87' lang='lat' dir='ltr'><strong>etsanguinarios</strong></span> <span class='ocrx_word' id='word_1_248' title='bbox 1704 2430 1879 2470; x_wconf 89' lang='lat' dir='ltr'><strong>mores</strong></span> 
     </span>
    </p>
   </div>
   <div class='ocr_carea' id='block_1_33' title="bbox 295 2499 1876 2579">
    <p class='ocr_par' dir='ltr' id='par_1_33' title="bbox 295 2499 1876 2579">
     <span class='ocr_line' id='line_1_33' title="bbox 295 2499 1876 2579; baseline -0.003 -16"><span class='ocrx_word' id='word_1_249' title='bbox 295 2499 714 2564; x_wconf 81' lang='lat' dir='ltr'><strong>exhibentes.Tu</strong></span> <span class='ocrx_word' id='word_1_250' title='bbox 730 2508 1267 2579; x_wconf 87' lang='lat' dir='ltr'><strong>verodiscipulorum,</strong></span> <span class='ocrx_word' id='word_1_251' title='bbox 1283 2506 1397 2563; x_wconf 72' lang='lat' dir='ltr'><strong>hzec</strong></span> <span class='ocrx_word' id='word_1_252' title='bbox 1411 2522 1532 2561; x_wconf 89' lang='lat' dir='ltr'><strong>cum</strong></span> <span class='ocrx_word' id='word_1_253' title='bbox 1548 2514 1692 2562; x_wconf 85' lang='lat' dir='ltr'><strong>tanta</strong></span> <span class='ocrx_word' id='word_1_254' title='bbox 1714 2514 1876 2562; x_wconf 85' lang='lat' dir='ltr'><strong>accu-</strong></span> 
     </span>
    </p>
   </div>
   <div class='ocr_carea' id='block_1_34' title="bbox 298 2591 1879 2671">
    <p class='ocr_par' dir='ltr' id='par_1_34' title="bbox 298 2591 1879 2671">
     <span class='ocr_line' id='line_1_34' title="bbox 298 2591 1879 2671; baseline -0.003 -14"><span class='ocrx_word' id='word_1_255' title='bbox 298 2603 501 2657; x_wconf 88' lang='lat' dir='ltr'><strong>ratione</strong></span> <span class='ocrx_word' id='word_1_256' title='bbox 524 2603 876 2668; x_wconf 82' lang='lat' dir='ltr'><strong>narrantium,</strong></span> <span class='ocrx_word' id='word_1_257' title='bbox 898 2594 1287 2671; x_wconf 79' lang='lat' dir='ltr'><strong>philosophiam</strong></span> <span class='ocrx_word' id='word_1_258' title='bbox 1313 2600 1541 2656; x_wconf 85' lang='lat' dir='ltr'><strong>mireris.</strong></span> <span class='ocrx_word' id='word_1_259' title='bbox 1564 2591 1711 2655; x_wconf 85' lang='lat' dir='ltr'><strong>Unde</strong></span> <span class='ocrx_word' id='word_1_260' title='bbox 1727 2606 1879 2653; x_wconf 83' lang='lat' dir='ltr'><strong>amor</strong></span> 
     </span>
    </p>
   </div>
   <div class='ocr_carea' id='block_1_35' title="bbox 296 2691 1878 2763">
    <p class='ocr_par' dir='ltr' id='par_1_35' title="bbox 296 2691 1878 2763">
     <span class='ocr_line' id='line_1_35' title="bbox 296 2691 1878 2763; baseline 0 -17"><span class='ocrx_word' id='word_1_261' title='bbox 296 2693 532 2747; x_wconf 78' lang='lat' dir='ltr'><strong>veritatis</strong></span> <span class='ocrx_word' id='word_1_262' title='bbox 550 2692 603 2747; x_wconf 92' lang='lat' dir='ltr'><strong>in</strong></span> <span class='ocrx_word' id='word_1_263' title='bbox 634 2692 736 2747; x_wconf 90' lang='lat' dir='ltr'><strong>illis</strong></span> <span class='ocrx_word' id='word_1_264' title='bbox 749 2692 1160 2757; x_wconf 85' lang='lat' dir='ltr'><strong>demonstratur,</strong></span> <span class='ocrx_word' id='word_1_265' title='bbox 1195 2694 1319 2763; x_wconf 85' lang='lat' dir='ltr'><strong>quia</strong></span> <span class='ocrx_word' id='word_1_266' title='bbox 1345 2707 1464 2762; x_wconf 65' lang='lat' dir='ltr'><strong>quae</strong></span> <span class='ocrx_word' id='word_1_267' title='bbox 1481 2691 1736 2761; x_wconf 88' lang='lat' dir='ltr'><strong>probrosa</strong></span> <span class='ocrx_word' id='word_1_268' title='bbox 1758 2705 1878 2746; x_wconf 89' lang='lat' dir='ltr'><strong>esse</strong></span> 
     </span>
    </p>
   </div>
   <div class='ocr_carea' id='block_1_36' title="bbox 296 2780 1873 2850">
    <p class='ocr_par' dir='ltr' id='par_1_36' title="bbox 296 2780 1873 2850">
     <span class='ocr_line' id='line_1_36' title="bbox 296 2780 1873 2850; baseline -0.001 -12"><span class='ocrx_word' id='word_1_269' title='bbox 296 2783 635 2850; x_wconf 79' lang='lat' dir='ltr'><strong>videbantur,</strong></span> <span class='ocrx_word' id='word_1_270' title='bbox 662 2798 782 2837; x_wconf 92' lang='lat' dir='ltr'><strong>cum</strong></span> <span class='ocrx_word' id='word_1_271' title='bbox 804 2784 947 2837; x_wconf 92' lang='lat' dir='ltr'><strong>onmi</strong></span> <span class='ocrx_word' id='word_1_272' title='bbox 967 2784 1189 2837; x_wconf 82' lang='lat' dir='ltr'><strong>veritate</strong></span> <span class='ocrx_word' id='word_1_273' title='bbox 1207 2791 1447 2846; x_wconf 77' lang='lat' dir='ltr'><strong>narrant,</strong></span> <span class='ocrx_word' id='word_1_274' title='bbox 1476 2780 1605 2835; x_wconf 88' lang='lat' dir='ltr'><strong>nihil</strong></span> <span class='ocrx_word' id='word_1_275' title='bbox 1621 2781 1873 2847; x_wconf 87' lang='lat' dir='ltr'><strong>celantes,</strong></span> 
     </span>
    </p>
   </div>
   <div class='ocr_carea' id='block_1_37' title="bbox 294 2875 1878 2946">
    <p class='ocr_par' dir='ltr' id='par_1_37' title="bbox 294 2875 1878 2946">
     <span class='ocr_line' id='line_1_37' title="bbox 294 2875 1878 2946; baseline -0.002 -15"><span class='ocrx_word' id='word_1_276' title='bbox 294 2890 399 2931; x_wconf 79' lang='lat' dir='ltr'><strong>non</strong></span> <span class='ocrx_word' id='word_1_277' title='bbox 427 2876 823 2939; x_wconf 83' lang='lat' dir='ltr'><strong>erubescentes,</strong></span> <span class='ocrx_word' id='word_1_278' title='bbox 846 2875 938 2932; x_wconf 90' lang='lat' dir='ltr'><strong>sed</strong></span> <span class='ocrx_word' id='word_1_279' title='bbox 966 2876 1184 2946; x_wconf 80' lang='lat' dir='ltr'><strong>gloriam</strong></span> <span class='ocrx_word' id='word_1_280' title='bbox 1221 2884 1463 2943; x_wconf 86' lang='lat' dir='ltr'><strong>putantes</strong></span> <span class='ocrx_word' id='word_1_281' title='bbox 1484 2875 1790 2939; x_wconf 82' lang='lat' dir='ltr'><strong>maximam,</strong></span> <span class='ocrx_word' id='word_1_282' title='bbox 1818 2881 1878 2928; x_wconf 83' lang='lat' dir='ltr'><strong>ut</strong></span> 
     </span>
    </p>
   </div>
   <div class='ocr_carea' id='block_1_38' title="bbox 296 2962 1876 3035">
    <p class='ocr_par' dir='ltr' id='par_1_38' title="bbox 296 2962 1876 3035">
     <span class='ocr_line' id='line_1_38' title="bbox 296 2962 1876 3035; baseline -0.002 -15"><span class='ocrx_word' id='word_1_283' title='bbox 296 2980 478 3020; x_wconf 69' lang='lat' dir='ltr'><strong>revera</strong></span> <span class='ocrx_word' id='word_1_284' title='bbox 502 2975 637 3031; x_wconf 86' lang='lat' dir='ltr'><strong>erat,</strong></span> <span class='ocrx_word' id='word_1_285' title='bbox 663 2965 802 3035; x_wconf 93' lang='lat' dir='ltr'><strong>quod</strong></span> <span class='ocrx_word' id='word_1_286' title='bbox 823 2966 1075 3018; x_wconf 87' lang='lat' dir='ltr'><strong>Dominus</strong></span> <span class='ocrx_word' id='word_1_287' title='bbox 1097 2965 1240 3019; x_wconf 91' lang='lat' dir='ltr'><strong>orbis</strong></span> <span class='ocrx_word' id='word_1_288' title='bbox 1265 2964 1384 3017; x_wconf 88' lang='lat' dir='ltr'><strong>talia</strong></span> <span class='ocrx_word' id='word_1_289' title='bbox 1404 2978 1498 3032; x_wconf 90' lang='lat' dir='ltr'><strong>pro</strong></span> <span class='ocrx_word' id='word_1_290' title='bbox 1520 2962 1671 3017; x_wconf 89' lang='lat' dir='ltr'><strong>nobis</strong></span> <span class='ocrx_word' id='word_1_291' title='bbox 1689 2976 1876 3032; x_wconf 87' lang='lat' dir='ltr'><strong>passus</strong></span> 
     </span>
    </p>
   </div>
   <div class='ocr_carea' id='block_1_39' title="bbox 293 3047 1875 3125">
    <p class='ocr_par' dir='ltr' id='par_1_39' title="bbox 293 3047 1875 3125">
     <span class='ocr_line' id='line_1_39' title="bbox 293 3047 1875 3125; baseline -0.002 -14"><span class='ocrx_word' id='word_1_292' title='bbox 293 3067 454 3111; x_wconf 81' lang='lat' dir='ltr'><strong>esset.</strong></span> <span class='ocrx_word' id='word_1_293' title='bbox 482 3056 592 3110; x_wconf 80' lang='lat' dir='ltr'><strong>llo‘c</strong></span> <span class='ocrx_word' id='word_1_294' title='bbox 615 3058 731 3125; x_wconf 85' lang='lat' dir='ltr'><strong>ejus</strong></span> <span class='ocrx_word' id='word_1_295' title='bbox 747 3055 1131 3125; x_wconf 86' lang='lat' dir='ltr'><strong>providentiam</strong></span> <span class='ocrx_word' id='word_1_296' title='bbox 1154 3047 1474 3110; x_wconf 69' lang='lat' dir='ltr'><strong>ineliabilcm</strong></span> <span class='ocrx_word' id='word_1_297' title='bbox 1507 3094 1522 3118; x_wconf 93' lang='lat'><strong>,</strong></span> <span class='ocrx_word' id='word_1_298' title='bbox 1556 3052 1875 3122; x_wconf 91' lang='lat' dir='ltr'><strong>illorumque</strong></span> 
     </span>
    </p>
   </div>
   <div class='ocr_carea' id='block_1_40' title="bbox 296 3143 1871 3217">
    <p class='ocr_par' dir='ltr' id='par_1_40' title="bbox 296 3143 1871 3217">
     <span class='ocr_line' id='line_1_40' title="bbox 296 3143 1871 3217; baseline -0.002 -17"><span class='ocrx_word' id='word_1_299' title='bbox 296 3148 584 3217; x_wconf 74' lang='lat' dir='ltr'><strong>nequitiam</strong></span> <span class='ocrx_word' id='word_1_300' title='bbox 607 3147 759 3201; x_wconf 91' lang='lat' dir='ltr'><strong>venia</strong></span> <span class='ocrx_word' id='word_1_301' title='bbox 783 3146 1049 3216; x_wconf 81' lang='lat' dir='ltr'><strong>indignam</strong></span> <span class='ocrx_word' id='word_1_302' title='bbox 1079 3144 1407 3214; x_wconf 89' lang='lat' dir='ltr'><strong>comprobat,</strong></span> <span class='ocrx_word' id='word_1_303' title='bbox 1436 3144 1526 3214; x_wconf 86' lang='lat' dir='ltr'><strong>qui</strong></span> <span class='ocrx_word' id='word_1_304' title='bbox 1559 3143 1682 3198; x_wconf 85' lang='lat' dir='ltr'><strong>talia</strong></span> <span class='ocrx_word' id='word_1_305' title='bbox 1703 3144 1871 3197; x_wconf 89' lang='lat' dir='ltr'><strong>aude-</strong></span> 
     </span>
    </p>
   </div>
   <div class='ocr_carea' id='block_1_41' title="bbox 295 3222 1866 3295">
    <p class='ocr_par' dir='ltr' id='par_1_41' title="bbox 295 3222 1866 3295">
     <span class='ocr_line' id='line_1_41' title="bbox 295 3222 1866 3295; baseline -0.001 -14"><span class='ocrx_word' id='word_1_306' title='bbox 295 3222 427 3281; x_wconf 78' lang='lat' dir='ltr'><strong>bant</strong></span> <span class='ocrx_word' id='word_1_307' title='bbox 486 3234 673 3280; x_wconf 77' lang='lat' dir='ltr'><strong>mntra</strong></span> <span class='ocrx_word' id='word_1_308' title='bbox 721 3227 903 3280; x_wconf 87' lang='lat' dir='ltr'><strong>mitem</strong></span> <span class='ocrx_word' id='word_1_309' title='bbox 949 3237 1404 3295; x_wconf 88' lang='lat' dir='ltr'><strong>mansuetumque</strong></span> <span class='ocrx_word' id='word_1_310' title='bbox 1456 3225 1629 3288; x_wconf 90' lang='lat' dir='ltr'><strong>illum,</strong></span> <span class='ocrx_word' id='word_1_311' title='bbox 1674 3226 1866 3294; x_wconf 88' lang='lat' dir='ltr'><strong>hisque</strong></span> 
     </span>
    </p>
   </div>
   <div class='ocr_carea' id='block_1_42' title="bbox 294 3313 1866 3384">
    <p class='ocr_par' dir='ltr' id='par_1_42' title="bbox 294 3313 1866 3384">
     <span class='ocr_line' id='line_1_42' title="bbox 294 3313 1866 3384; baseline 0.002 -18"><span class='ocrx_word' id='word_1_312' title='bbox 294 3313 419 3367; x_wconf 84' lang='lat' dir='ltr'><strong>illos</strong></span> <span class='ocrx_word' id='word_1_313' title='bbox 448 3314 626 3368; x_wconf 72' lang='lat' dir='ltr'><strong>verbis</strong></span> <span class='ocrx_word' id='word_1_314' title='bbox 664 3313 1077 3382; x_wconf 85' lang='lat' dir='ltr'><strong>compellantem</strong></span> <span class='ocrx_word' id='word_1_315' title='bbox 1110 3330 1231 3384; x_wconf 77' lang='lat' dir='ltr'><strong>qua:</strong></span> <span class='ocrx_word' id='word_1_316' title='bbox 1255 3314 1463 3367; x_wconf 89' lang='lat' dir='ltr'><strong>leonem</strong></span> <span class='ocrx_word' id='word_1_317' title='bbox 1487 3329 1685 3384; x_wconf 85' lang='lat' dir='ltr'><strong>agnum</strong></span> <span class='ocrx_word' id='word_1_318' title='bbox 1718 3314 1866 3369; x_wconf 80' lang='lat' dir='ltr'><strong>lace-</strong></span> 
     </span>
    </p>
   </div>
   <div class='ocr_carea' id='block_1_43' title="bbox 299 3400 1862 3472">
    <p class='ocr_par' dir='ltr' id='par_1_43' title="bbox 299 3400 1862 3472">
     <span class='ocr_line' id='line_1_43' title="bbox 299 3400 1862 3472; baseline 0 -15"><span class='ocrx_word' id='word_1_319' title='bbox 299 3418 356 3457; x_wconf 85' lang='lat' dir='ltr'><strong>re</strong></span> <span class='ocrx_word' id='word_1_320' title='bbox 382 3404 707 3472; x_wconf 85' lang='lat' dir='ltr'><strong>potuissent.</strong></span> <span class='ocrx_word' id='word_1_321' title='bbox 733 3400 876 3457; x_wconf 83' lang='lat' dir='ltr'><strong>Nihil</strong></span> <span class='ocrx_word' id='word_1_322' title='bbox 899 3404 1067 3470; x_wconf 90' lang='lat' dir='ltr'><strong>enim,</strong></span> <span class='ocrx_word' id='word_1_323' title='bbox 1108 3404 1242 3457; x_wconf 88' lang='lat' dir='ltr'><strong>nihil</strong></span> <span class='ocrx_word' id='word_1_324' title='bbox 1265 3403 1347 3457; x_wconf 88' lang='lat' dir='ltr'><strong>vel</strong></span> <span class='ocrx_word' id='word_1_325' title='bbox 1376 3403 1466 3457; x_wconf 89' lang='lat' dir='ltr'><strong>ille</strong></span> <span class='ocrx_word' id='word_1_326' title='bbox 1488 3405 1862 3458; x_wconf 89' lang='lat' dir='ltr'><strong>mansuetudi-</strong></span> 
     </span>
    </p>
   </div>
   <div class='ocr_carea' id='block_1_44' title="bbox 296 3492 1870 3563">
    <p class='ocr_par' dir='ltr' id='par_1_44' title="bbox 296 3492 1870 3563">
     <span class='ocr_line' id='line_1_44' title="bbox 296 3492 1870 3563; baseline 0.003 -19"><span class='ocrx_word' id='word_1_327' title='bbox 296 3492 497 3553; x_wconf 81' lang='lat' dir='ltr'><strong>nis,ve|</strong></span> <span class='ocrx_word' id='word_1_328' title='bbox 523 3493 595 3546; x_wconf 92' lang='lat' dir='ltr'><strong>illi</strong></span> <span class='ocrx_word' id='word_1_329' title='bbox 613 3493 953 3547; x_wconf 72' lang='lat' dir='ltr'><strong>contumelia:</strong></span> <span class='ocrx_word' id='word_1_330' title='bbox 964 3493 1369 3548; x_wconf 90' lang='lat' dir='ltr'><strong>etcrudelitatis</strong></span> <span class='ocrx_word' id='word_1_331' title='bbox 1381 3504 1524 3548; x_wconf 88' lang='lat' dir='ltr'><strong>retro</strong></span> <span class='ocrx_word' id='word_1_332' title='bbox 1538 3494 1870 3563; x_wconf 76' lang='lat' dir='ltr'><strong>reliquerunt</strong></span> 
     </span>
    </p>
   </div>
   <div class='ocr_carea' id='block_1_45' title="bbox 294 3582 1869 3656">
    <p class='ocr_par' dir='ltr' id='par_1_45' title="bbox 294 3582 1869 3656">
     <span class='ocr_line' id='line_1_45' title="bbox 294 3582 1869 3656; baseline 0.004 -21"><span class='ocrx_word' id='word_1_333' title='bbox 294 3596 390 3635; x_wconf 81' lang='lat' dir='ltr'><strong>seu</strong></span> <span class='ocrx_word' id='word_1_334' title='bbox 408 3582 565 3637; x_wconf 81' lang='lat' dir='ltr'><strong>factis</strong></span> <span class='ocrx_word' id='word_1_335' title='bbox 584 3599 677 3637; x_wconf 85' lang='lat' dir='ltr'><strong>seu</strong></span> <span class='ocrx_word' id='word_1_336' title='bbox 698 3583 901 3638; x_wconf 90' lang='lat' dir='ltr'><strong>verbis.</strong></span> <span class='ocrx_word' id='word_1_337' title='bbox 921 3582 1053 3649; x_wconf 74' lang='lat' dir='ltr'><strong>Quae</strong></span> <span class='ocrx_word' id='word_1_338' title='bbox 1068 3584 1248 3639; x_wconf 89' lang='lat' dir='ltr'><strong>omnia</strong></span> <span class='ocrx_word' id='word_1_339' title='bbox 1266 3583 1436 3638; x_wconf 86' lang='lat' dir='ltr'><strong>Isaias</strong></span> <span class='ocrx_word' id='word_1_340' title='bbox 1454 3584 1715 3653; x_wconf 85' lang='lat' dir='ltr'><strong>propheta</strong></span> <span class='ocrx_word' id='word_1_341' title='bbox 1736 3600 1869 3656; x_wconf 79' lang='lat' dir='ltr'><strong>pra:-</strong></span> 
     </span>
    </p>
   </div>
   <div class='ocr_carea' id='block_1_46' title="bbox 294 3675 1864 3738">
    <p class='ocr_par' dir='ltr' id='par_1_46' title="bbox 294 3675 1864 3738">
     <span class='ocr_line' id='line_1_46' title="bbox 294 3675 1864 3738; baseline 0.004 -12"><span class='ocrx_word' id='word_1_342' title='bbox 294 3675 583 3738; x_wconf 76' lang='lat' dir='ltr'><strong>nunliavit,</strong></span> <span class='ocrx_word' id='word_1_343' title='bbox 625 3690 733 3727; x_wconf 91' lang='lat' dir='ltr'><strong>uno</strong></span> <span class='ocrx_word' id='word_1_344' title='bbox 768 3678 934 3730; x_wconf 79' lang='lat' dir='ltr'><strong>verbo</strong></span> <span class='ocrx_word' id='word_1_345' title='bbox 975 3689 1192 3729; x_wconf 89' lang='lat' dir='ltr'><strong>omnem</strong></span> <span class='ocrx_word' id='word_1_346' title='bbox 1227 3676 1612 3730; x_wconf 80' lang='lat' dir='ltr'><strong>contumeliam</strong></span> <span class='ocrx_word' id='word_1_347' title='bbox 1654 3676 1864 3732; x_wconf 89' lang='lat' dir='ltr'><strong>descri-</strong></span> 
     </span>
    </p>
   </div>
   <div class='ocr_carea' id='block_1_47' title="bbox 299 3758 1871 3831">
    <p class='ocr_par' dir='ltr' id='par_1_47' title="bbox 299 3758 1871 3831">
     <span class='ocr_line' id='line_1_47' title="bbox 299 3758 1871 3831; baseline 0.003 -19"><span class='ocrx_word' id='word_1_348' title='bbox 299 3758 437 3814; x_wconf 85' lang='lat' dir='ltr'><strong>bens</strong></span> <span class='ocrx_word' id='word_1_349' title='bbox 470 3780 481 3815; x_wconf 87' lang='lat'>:</span> <span class='ocrx_word' id='word_1_350' title='bbox 521 3758 979 3824; x_wconf 83' lang='lat' dir='ltr'><strong>Quemadmodum</strong></span> <span class='ocrx_word' id='word_1_351' title='bbox 1032 3760 1398 3831; x_wconf 85' lang='lat' dir='ltr'><strong>obstupescent</strong></span> <span class='ocrx_word' id='word_1_352' title='bbox 1447 3778 1604 3831; x_wconf 86' lang='lat' dir='ltr'><strong>super</strong></span> <span class='ocrx_word' id='word_1_353' title='bbox 1623 3774 1669 3816; x_wconf 90' lang='lat' dir='ltr'><strong>te</strong></span> <span class='ocrx_word' id='word_1_354' title='bbox 1694 3763 1871 3830; x_wconf 88' lang='lat' dir='ltr'><strong>ntulti,</strong></span> 
     </span>
    </p>
   </div>
   <div class='ocr_carea' id='block_1_48' title="bbox 291 3850 1871 3920">
    <p class='ocr_par' dir='ltr' id='par_1_48' title="bbox 291 3850 1871 3920">
     <span class='ocr_line' id='line_1_48' title="bbox 291 3850 1871 3920; baseline 0.003 -17"><span class='ocrx_word' id='word_1_355' title='bbox 291 3852 371 3903; x_wconf 84' lang='lat' dir='ltr'><strong>sic</strong></span> <span class='ocrx_word' id='word_1_356' title='bbox 428 3851 686 3920; x_wconf 76' lang='lat' dir='ltr'><strong>inglorius</strong></span> <span class='ocrx_word' id='word_1_357' title='bbox 736 3852 836 3904; x_wconf 87' lang='lat' dir='ltr'><strong>erit</strong></span> <span class='ocrx_word' id='word_1_358' title='bbox 866 3850 1007 3920; x_wconf 84' lang='lat' dir='ltr'><strong>apud</strong></span> <span class='ocrx_word' id='word_1_359' title='bbox 1069 3850 1304 3905; x_wconf 78' lang='lat' dir='ltr'><strong>homines</strong></span> <span class='ocrx_word' id='word_1_360' title='bbox 1366 3862 1608 3919; x_wconf 77' lang='lat' dir='ltr'><strong>aspectus</strong></span> <span class='ocrx_word' id='word_1_361' title='bbox 1648 3864 1791 3916; x_wconf 86' lang='lat' dir='ltr'><strong>tuus,</strong></span> <span class='ocrx_word' id='word_1_362' title='bbox 1821 3865 1871 3908; x_wconf 87' lang='lat' dir='ltr'><strong>et</strong></span> 
     </span>
    </p>
   </div>
   <div class='ocr_carea' id='block_1_49' title="bbox 290 3939 1871 4010">
    <p class='ocr_par' dir='ltr' id='par_1_49' title="bbox 290 3939 1871 4010">
     <span class='ocr_line' id='line_1_49' title="bbox 290 3939 1871 4010; baseline 0.004 -19"><span class='ocrx_word' id='word_1_363' title='bbox 290 3939 466 4008; x_wconf 83' lang='lat' dir='ltr'><strong>gloria</strong></span> <span class='ocrx_word' id='word_1_364' title='bbox 491 3950 581 3992; x_wconf 86' lang='lat' dir='ltr'><strong>tua</strong></span> <span class='ocrx_word' id='word_1_365' title='bbox 612 3940 748 3993; x_wconf 81' lang='lat' dir='ltr'><strong>inter</strong></span> <span class='ocrx_word' id='word_1_366' title='bbox 769 3940 907 4009; x_wconf 77' lang='lat' dir='ltr'><strong>ﬁlios</strong></span> <span class='ocrx_word' id='word_1_367' title='bbox 931 3941 1199 3993; x_wconf 80' lang='lat' dir='ltr'><strong>hominum</strong></span> <span class='ocrx_word' id='word_1_368' title='bbox 1227 3942 1245 4010; x_wconf 92' lang='lat'><strong>(</strong></span> <span class='ocrx_word' id='word_1_369' title='bbox 1277 3940 1412 3995; x_wconf 76' lang='lat' dir='ltr'><strong>Isai.</strong></span> <span class='ocrx_word' id='word_1_370' title='bbox 1438 3941 1526 3995; x_wconf 66' lang='lat'><strong>52.</strong></span> <span class='ocrx_word' id='word_1_371' title='bbox 1564 3940 1692 4010; x_wconf 73' lang='lat' dir='ltr'><strong>M).</strong></span> <span class='ocrx_word' id='word_1_372' title='bbox 1730 3943 1871 4008; x_wconf 83' lang='lat' dir='ltr'><strong>Quid</strong></span> 
     </span>
    </p>
   </div>
   <div class='ocr_carea' id='block_1_50' title="bbox 302 4026 1867 4098">
    <p class='ocr_par' dir='ltr' id='par_1_50' title="bbox 302 4026 1867 4098">
     <span class='ocr_line' id='line_1_50' title="bbox 302 4026 1867 4098; baseline 0.003 -19"><span class='ocrx_word' id='word_1_373' title='bbox 302 4026 432 4079; x_wconf 90' lang='lat' dir='ltr'><strong>huic</strong></span> <span class='ocrx_word' id='word_1_374' title='bbox 462 4028 806 4082; x_wconf 69' lang='lat' dir='ltr'><strong>contumeliae</strong></span> <span class='ocrx_word' id='word_1_375' title='bbox 832 4045 925 4092; x_wconf 85' lang='lat' dir='ltr'><strong>par</strong></span> <span class='ocrx_word' id='word_1_376' title='bbox 954 4029 1118 4082; x_wconf 76' lang='lat' dir='ltr'><strong>fuerit</strong></span> <span class='ocrx_word' id='word_1_377' title='bbox 1142 4029 1165 4082; x_wconf 84' lang='lat'><strong>?</strong></span> <span class='ocrx_word' id='word_1_378' title='bbox 1188 4027 1242 4081; x_wconf 91' lang='lat' dir='ltr'><strong>In</strong></span> <span class='ocrx_word' id='word_1_379' title='bbox 1272 4028 1465 4084; x_wconf 80' lang='lat' dir='ltr'><strong>faciem</strong></span> <span class='ocrx_word' id='word_1_380' title='bbox 1495 4026 1667 4093; x_wconf 91' lang='lat' dir='ltr'><strong>illam,</strong></span> <span class='ocrx_word' id='word_1_381' title='bbox 1701 4046 1867 4098; x_wconf 85' lang='lat' dir='ltr'><strong>quam</strong></span> 
     </span>
    </p>
   </div>
   <div class='ocr_carea' id='block_1_51' title="bbox 292 4112 1870 4186">
    <p class='ocr_par' dir='ltr' id='par_1_51' title="bbox 292 4112 1870 4186">
     <span class='ocr_line' id='line_1_51' title="bbox 292 4112 1870 4186; baseline 0.006 -21"><span class='ocrx_word' id='word_1_382' title='bbox 292 4112 482 4167; x_wconf 85' lang='lat' dir='ltr'><strong>videns</strong></span> <span class='ocrx_word' id='word_1_383' title='bbox 505 4128 653 4167; x_wconf 88' lang='lat' dir='ltr'><strong>mare</strong></span> <span class='ocrx_word' id='word_1_384' title='bbox 670 4115 961 4168; x_wconf 86' lang='lat' dir='ltr'><strong>reveritqu</strong></span> <span class='ocrx_word' id='word_1_385' title='bbox 981 4123 1088 4177; x_wconf 84' lang='lat' dir='ltr'><strong>est,</strong></span> <span class='ocrx_word' id='word_1_386' title='bbox 1109 4131 1274 4185; x_wconf 88' lang='lat' dir='ltr'><strong>quam</strong></span> <span class='ocrx_word' id='word_1_387' title='bbox 1303 4117 1356 4170; x_wconf 90' lang='lat' dir='ltr'><strong>in</strong></span> <span class='ocrx_word' id='word_1_388' title='bbox 1377 4130 1543 4171; x_wconf 81' lang='lat' dir='ltr'><strong>cruce</strong></span> <span class='ocrx_word' id='word_1_389' title='bbox 1559 4116 1641 4171; x_wconf 92' lang='lat' dir='ltr'><strong>sol</strong></span> <span class='ocrx_word' id='word_1_390' title='bbox 1659 4117 1870 4186; x_wconf 87' lang='lat' dir='ltr'><strong>videns,</strong></span> 
     </span>
    </p>
   </div>
   <div class='ocr_carea' id='block_1_52' title="bbox 290 4199 1874 4273">
    <p class='ocr_par' dir='ltr' id='par_1_52' title="bbox 290 4199 1874 4273">
     <span class='ocr_line' id='line_1_52' title="bbox 290 4199 1874 4273; baseline 0.005 -23"><span class='ocrx_word' id='word_1_391' title='bbox 290 4199 476 4252; x_wconf 82' lang='lat' dir='ltr'><strong>radios</strong></span> <span class='ocrx_word' id='word_1_392' title='bbox 522 4214 654 4253; x_wconf 89' lang='lat' dir='ltr'><strong>suos</strong></span> <span class='ocrx_word' id='word_1_393' title='bbox 678 4201 784 4254; x_wconf 84' lang='lat' dir='ltr'><strong>alio</strong></span> <span class='ocrx_word' id='word_1_394' title='bbox 816 4208 1013 4255; x_wconf 82' lang='lat' dir='ltr'><strong>avertit</strong></span> <span class='ocrx_word' id='word_1_395' title='bbox 1042 4202 1057 4232; x_wconf 89' lang='grc'>¹</span> <span class='ocrx_word' id='word_1_396' title='bbox 1084 4242 1097 4266; x_wconf 93' lang='grc'><em>,</em></span> <span class='ocrx_word' id='word_1_397' title='bbox 1128 4202 1526 4271; x_wconf 82' lang='lat' dir='ltr'><strong>conspuebant,</strong></span> <span class='ocrx_word' id='word_1_398' title='bbox 1560 4204 1748 4273; x_wconf 84' lang='lat' dir='ltr'><strong>alapas</strong></span> <span class='ocrx_word' id='word_1_399' title='bbox 1768 4205 1874 4258; x_wconf 91' lang='lat' dir='ltr'><strong>im-</strong></span> 
     </span>
    </p>
   </div>
   <div class='ocr_carea' id='block_1_53' title="bbox 292 4280 1870 4361">
    <p class='ocr_par' dir='ltr' id='par_1_53' title="bbox 292 4280 1870 4361">
     <span class='ocr_line' id='line_1_53' title="bbox 292 4280 1870 4361; baseline 0.007 -25"><span class='ocrx_word' id='word_1_400' title='bbox 292 4286 609 4354; x_wconf 84' lang='lat' dir='ltr'><strong>pingebaut,</strong></span> <span class='ocrx_word' id='word_1_401' title='bbox 629 4287 747 4353; x_wconf 90' lang='lat' dir='ltr'><strong>ejus</strong></span> <span class='ocrx_word' id='word_1_402' title='bbox 769 4280 904 4358; x_wconf 85' lang='lat' dir='ltr'><strong>capu</strong></span> <span class='ocrx_word' id='word_1_403' title='bbox 918 4289 1335 4358; x_wconf 83' lang='lat' dir='ltr'><strong>tpct‘cutiebaut,</strong></span> <span class='ocrx_word' id='word_1_404' title='bbox 1354 4290 1569 4347; x_wconf 81' lang='lat' dir='ltr'><strong>insania</strong></span> <span class='ocrx_word' id='word_1_405' title='bbox 1586 4307 1683 4348; x_wconf 88' lang='lat' dir='ltr'><strong>sua</strong></span> <span class='ocrx_word' id='word_1_406' title='bbox 1706 4308 1870 4361; x_wconf 88' lang='lat' dir='ltr'><strong>supra</strong></span> 
     </span>
    </p>
   </div>
   <div class='ocr_carea' id='block_1_54' title="bbox 303 4372 1872 4445">
    <p class='ocr_par' dir='ltr' id='par_1_54' title="bbox 303 4372 1872 4445">
     <span class='ocr_line' id='line_1_54' title="bbox 303 4372 1872 4445; baseline 0.004 -18"><span class='ocrx_word' id='word_1_407' title='bbox 303 4373 524 4427; x_wconf 87' lang='lat' dir='ltr'><strong>modum</strong></span> <span class='ocrx_word' id='word_1_408' title='bbox 546 4372 777 4442; x_wconf 82' lang='lat' dir='ltr'><strong>abrepti.</strong></span> <span class='ocrx_word' id='word_1_409' title='bbox 797 4375 991 4445; x_wconf 87' lang='lat' dir='ltr'><strong>Plagas</strong></span> <span class='ocrx_word' id='word_1_410' title='bbox 1006 4378 1151 4430; x_wconf 88' lang='lat' dir='ltr'><strong>enim</strong></span> <span class='ocrx_word' id='word_1_411' title='bbox 1170 4379 1415 4433; x_wconf 89' lang='lat' dir='ltr'><strong>omnium</strong></span> <span class='ocrx_word' id='word_1_412' title='bbox 1434 4380 1872 4435; x_wconf 89' lang='lat' dir='ltr'><strong>contumeliosis-</strong></span> 
     </span>
    </p>
   </div>
   <div class='ocr_carea' id='block_1_55' title="bbox 296 4459 1867 4535">
    <p class='ocr_par' dir='ltr' id='par_1_55' title="bbox 296 4459 1867 4535">
     <span class='ocr_line' id='line_1_55' title="bbox 296 4459 1867 4535; baseline 0.004 -20"><span class='ocrx_word' id='word_1_413' title='bbox 296 4460 470 4515; x_wconf 85' lang='lat' dir='ltr'><strong>simas</strong></span> <span class='ocrx_word' id='word_1_414' title='bbox 502 4459 824 4523; x_wconf 89' lang='lat' dir='ltr'><strong>intulerunt,</strong></span> <span class='ocrx_word' id='word_1_415' title='bbox 876 4463 1119 4531; x_wconf 86' lang='lat' dir='ltr'><strong>colaphis</strong></span> <span class='ocrx_word' id='word_1_416' title='bbox 1152 4465 1442 4529; x_wconf 60' lang='lat' dir='ltr'><strong>exedentes,</strong></span> <span class='ocrx_word' id='word_1_417' title='bbox 1474 4466 1867 4535; x_wconf 63' lang='lat' dir='ltr'><strong>percutienti-5,</strong></span> 
     </span>
    </p>
   </div>
   <div class='ocr_carea' id='block_1_56' title="bbox 295 4546 1872 4622">
    <p class='ocr_par' dir='ltr' id='par_1_56' title="bbox 295 4546 1872 4622">
     <span class='ocr_line' id='line_1_56' title="bbox 295 4546 1872 4622; baseline 0.006 -23"><span class='ocrx_word' id='word_1_418' title='bbox 295 4546 577 4618; x_wconf 77' lang='lat' dir='ltr'><strong>plagisque</strong></span> <span class='ocrx_word' id='word_1_419' title='bbox 594 4556 880 4617; x_wconf 88' lang='lat' dir='ltr'><strong>sputorum</strong></span> <span class='ocrx_word' id='word_1_420' title='bbox 899 4551 1206 4604; x_wconf 87' lang='lat' dir='ltr'><strong>convicium</strong></span> <span class='ocrx_word' id='word_1_421' title='bbox 1223 4551 1565 4607; x_wconf 88' lang='lat' dir='ltr'><strong>addiderunt.</strong></span> <span class='ocrx_word' id='word_1_422' title='bbox 1584 4551 1872 4622; x_wconf 81' lang='lat' dir='ltr'><strong>Verbaque</strong></span> 
     </span>
    </p>
   </div>
   <div class='ocr_carea' id='block_1_57' title="bbox 260 4634 1869 4706">
    <p class='ocr_par' dir='ltr' id='par_1_57' title="bbox 260 4634 1869 4706">
     <span class='ocr_line' id='line_1_57' title="bbox 260 4634 1869 4706; baseline 0.002 -19"><span class='ocrx_word' id='word_1_423' title='bbox 260 4665 262 4667; x_wconf 52' lang='grc'><strong>&gt;</strong></span> <span class='ocrx_word' id='word_1_424' title='bbox 295 4650 492 4689; x_wconf 87' lang='lat' dir='ltr'><strong>rursus</strong></span> <span class='ocrx_word' id='word_1_425' title='bbox 512 4634 803 4691; x_wconf 88' lang='lat' dir='ltr'><strong>derisionis</strong></span> <span class='ocrx_word' id='word_1_426' title='bbox 822 4636 978 4705; x_wconf 89' lang='lat' dir='ltr'><strong>plena</strong></span> <span class='ocrx_word' id='word_1_427' title='bbox 1013 4635 1380 4706; x_wconf 57' lang='lat' dir='ltr'><strong>proferebant,</strong></span> <span class='ocrx_word' id='word_1_428' title='bbox 1400 4638 1645 4693; x_wconf 83' lang='lat' dir='ltr'><strong>dicentes</strong></span> <span class='ocrx_word' id='word_1_429' title='bbox 1671 4654 1686 4692; x_wconf 91' lang='lat'><strong>:</strong></span> <span class='ocrx_word' id='word_1_430' title='bbox 1728 4636 1869 4693; x_wconf 80' lang='lat' dir='ltr'><strong>Pro-</strong></span> 
     </span>
    </p>
   </div>
   <div class='ocr_carea' id='block_1_58' title="bbox 296 4720 1869 4795">
    <p class='ocr_par' dir='ltr' id='par_1_58' title="bbox 296 4720 1869 4795">
     <span class='ocr_line' id='line_1_58' title="bbox 296 4720 1869 4795; baseline 0.004 -22"><span class='ocrx_word' id='word_1_431' title='bbox 296 4722 507 4790; x_wconf 73' lang='lat' dir='ltr'><strong>plietiza</strong></span> <span class='ocrx_word' id='word_1_432' title='bbox 539 4722 709 4787; x_wconf 86' lang='lat' dir='ltr'><strong>nobis,</strong></span> <span class='ocrx_word' id='word_1_433' title='bbox 744 4720 971 4785; x_wconf 81' lang='lat' dir='ltr'><strong>Christe,</strong></span> <span class='ocrx_word' id='word_1_434' title='bbox 995 4727 1110 4793; x_wconf 85' lang='lat' dir='ltr'><strong>quis</strong></span> <span class='ocrx_word' id='word_1_435' title='bbox 1144 4736 1219 4778; x_wconf 86' lang='lat' dir='ltr'><strong>est</strong></span> <span class='ocrx_word' id='word_1_436' title='bbox 1248 4725 1339 4794; x_wconf 90' lang='lat' dir='ltr'><strong>qui</strong></span> <span class='ocrx_word' id='word_1_437' title='bbox 1357 4726 1671 4794; x_wconf 84' lang='lat' dir='ltr'><strong>tepercussit</strong></span> <span class='ocrx_word' id='word_1_438' title='bbox 1693 4726 1869 4795; x_wconf 83' lang='lat' dir='ltr'><strong>?quo-</strong></span> 
     </span>
    </p>
   </div>
   <div class='ocr_carea' id='block_1_59' title="bbox 290 4809 1870 4885">
    <p class='ocr_par' dir='ltr' id='par_1_59' title="bbox 290 4809 1870 4885">
     <span class='ocr_line' id='line_1_59' title="bbox 290 4809 1870 4885; baseline 0.004 -24"><span class='ocrx_word' id='word_1_439' title='bbox 290 4810 438 4862; x_wconf 88' lang='lat' dir='ltr'><strong>niam</strong></span> <span class='ocrx_word' id='word_1_440' title='bbox 459 4809 639 4877; x_wconf 89' lang='lat' dir='ltr'><strong>ipsum</strong></span> <span class='ocrx_word' id='word_1_441' title='bbox 667 4824 789 4864; x_wconf 89' lang='lat' dir='ltr'><strong>esse</strong></span> <span class='ocrx_word' id='word_1_442' title='bbox 814 4812 1133 4885; x_wconf 83' lang='lat' dir='ltr'><strong>prophetam</strong></span> <span class='ocrx_word' id='word_1_443' title='bbox 1155 4812 1399 4880; x_wconf 80' lang='lat' dir='ltr'><strong>plerique</strong></span> <span class='ocrx_word' id='word_1_444' title='bbox 1416 4811 1694 4866; x_wconf 89' lang='lat' dir='ltr'><strong>dicebant.</strong></span> <span class='ocrx_word' id='word_1_445' title='bbox 1712 4810 1870 4867; x_wconf 84' lang='lat' dir='ltr'><strong>Alius</strong></span> 
     </span>
    </p>
   </div>
   <div class='ocr_carea' id='block_1_60' title="bbox 290 4893 1870 4969">
    <p class='ocr_par' dir='ltr' id='par_1_60' title="bbox 290 4893 1870 4969">
     <span class='ocr_line' id='line_1_60' title="bbox 290 4893 1870 4969; baseline 0.005 -22"><span class='ocrx_word' id='word_1_446' title='bbox 290 4893 463 4964; x_wconf 89' lang='lat' dir='ltr'><strong>(Luc.</strong></span> <span class='ocrx_word' id='word_1_447' title='bbox 496 4895 583 4949; x_wconf 72' lang='lat'><strong>22.</strong></span> <span class='ocrx_word' id='word_1_448' title='bbox 611 4896 678 4950; x_wconf 68' lang='grc'><strong>64</strong></span> <span class='ocrx_word' id='word_1_449' title='bbox 710 4897 934 4965; x_wconf 87' lang='lat' dir='ltr'><strong>)autem</strong></span> <span class='ocrx_word' id='word_1_450' title='bbox 975 4899 1129 4963; x_wconf 88' lang='lat' dir='ltr'><strong>dicit,</strong></span> <span class='ocrx_word' id='word_1_451' title='bbox 1181 4905 1328 4968; x_wconf 91' lang='lat' dir='ltr'><strong>ipsos</strong></span> <span class='ocrx_word' id='word_1_452' title='bbox 1380 4898 1520 4955; x_wconf 77' lang='lat' dir='ltr'><strong>faeie</strong></span> <span class='ocrx_word' id='word_1_453' title='bbox 1568 4899 1687 4969; x_wconf 86' lang='lat' dir='ltr'><strong>ejus</strong></span> <span class='ocrx_word' id='word_1_454' title='bbox 1724 4908 1870 4955; x_wconf 81' lang='lat' dir='ltr'><strong>veste</strong></span> 
     </span>
    </p>
   </div>
   <div class='ocr_carea' id='block_1_61' title="bbox 285 4983 1867 5058">
    <p class='ocr_par' dir='ltr' id='par_1_61' title="bbox 285 4983 1867 5058">
     <span class='ocr_line' id='line_1_61' title="bbox 285 4983 1867 5058; baseline 0.004 -21"><span class='ocrx_word' id='word_1_455' title='bbox 285 4983 569 5050; x_wconf 86' lang='lat' dir='ltr'><strong>obvoluta,</strong></span> <span class='ocrx_word' id='word_1_456' title='bbox 598 4984 675 5038; x_wconf 86' lang='lat' dir='ltr'><strong>ita</strong></span> <span class='ocrx_word' id='word_1_457' title='bbox 695 4983 916 5051; x_wconf 79' lang='lat' dir='ltr'><strong>fecisse,</strong></span> <span class='ocrx_word' id='word_1_458' title='bbox 938 4987 1096 5056; x_wconf 88' lang='lat' dir='ltr'><strong>quasi</strong></span> <span class='ocrx_word' id='word_1_459' title='bbox 1120 4987 1378 5042; x_wconf 82' lang='lat' dir='ltr'><strong>infamem</strong></span> <span class='ocrx_word' id='word_1_460' title='bbox 1400 5003 1463 5043; x_wconf 86' lang='lat' dir='ltr'><strong>ac</strong></span> <span class='ocrx_word' id='word_1_461' title='bbox 1486 4989 1689 5042; x_wconf 89' lang='lat' dir='ltr'><strong>nullius</strong></span> <span class='ocrx_word' id='word_1_462' title='bbox 1710 4989 1867 5058; x_wconf 77' lang='lat' dir='ltr'><strong>pretii</strong></span> 
     </span>
    </p>
   </div>
   <div class='ocr_carea' id='block_1_62' title="bbox 286 5070 1869 5143">
    <p class='ocr_par' dir='ltr' id='par_1_62' title="bbox 286 5070 1869 5143">
     <span class='ocr_line' id='line_1_62' title="bbox 286 5070 1869 5143; baseline 0.005 -22"><span class='ocrx_word' id='word_1_463' title='bbox 286 5070 561 5123; x_wconf 80' lang='lat' dir='ltr'><strong>hominem</strong></span> <span class='ocrx_word' id='word_1_464' title='bbox 589 5071 642 5124; x_wconf 89' lang='lat' dir='ltr'><strong>in</strong></span> <span class='ocrx_word' id='word_1_465' title='bbox 689 5072 870 5126; x_wconf 87' lang='lat' dir='ltr'><strong>medio</strong></span> <span class='ocrx_word' id='word_1_466' title='bbox 911 5074 1247 5129; x_wconf 74' lang='lat' dir='ltr'><strong>habuissent.</strong></span> <span class='ocrx_word' id='word_1_467' title='bbox 1268 5073 1334 5129; x_wconf 86' lang='lat' dir='ltr'><strong>Et</strong></span> <span class='ocrx_word' id='word_1_468' title='bbox 1359 5090 1467 5130; x_wconf 90' lang='lat' dir='ltr'><strong>non</strong></span> <span class='ocrx_word' id='word_1_469' title='bbox 1500 5076 1655 5130; x_wconf 88' lang='lat' dir='ltr'><strong>liberi</strong></span> <span class='ocrx_word' id='word_1_470' title='bbox 1682 5074 1869 5143; x_wconf 88' lang='lat' dir='ltr'><strong>modo,</strong></span> 
     </span>
    </p>
   </div>
   <div class='ocr_carea' id='block_1_63' title="bbox 287 5148 1865 5223">
    <p class='ocr_par' dir='ltr' id='par_1_63' title="bbox 287 5148 1865 5223">
     <span class='ocr_line' id='line_1_63' title="bbox 287 5148 1865 5223; baseline 0.005 -22"><span class='ocrx_word' id='word_1_471' title='bbox 287 5149 384 5202; x_wconf 90' lang='lat' dir='ltr'><strong>sed</strong></span> <span class='ocrx_word' id='word_1_472' title='bbox 409 5149 570 5203; x_wconf 87' lang='lat' dir='ltr'><strong>etiam</strong></span> <span class='ocrx_word' id='word_1_473' title='bbox 592 5150 731 5203; x_wconf 86' lang='lat' dir='ltr'><strong>servi</strong></span> <span class='ocrx_word' id='word_1_474' title='bbox 756 5148 872 5205; x_wconf 70' lang='lat' dir='ltr'><strong>hare</strong></span> <span class='ocrx_word' id='word_1_475' title='bbox 891 5151 1186 5219; x_wconf 83' lang='lat' dir='ltr'><strong>petulanter</strong></span> <span class='ocrx_word' id='word_1_476' title='bbox 1200 5162 1384 5206; x_wconf 80' lang='lat' dir='ltr'><strong>contra</strong></span> <span class='ocrx_word' id='word_1_477' title='bbox 1409 5154 1579 5223; x_wconf 86' lang='lat' dir='ltr'><strong>ipsum</strong></span> <span class='ocrx_word' id='word_1_478' title='bbox 1607 5155 1865 5212; x_wconf 87' lang='lat' dir='ltr'><strong>iecerunt.</strong></span> 
     </span>
    </p>
   </div>
   <div class='ocr_carea' id='block_1_64' title="bbox 288 5236 1864 5312">
    <p class='ocr_par' dir='ltr' id='par_1_64' title="bbox 288 5236 1864 5312">
     <span class='ocr_line' id='line_1_64' title="bbox 288 5236 1864 5312; baseline 0.004 -21"><span class='ocrx_word' id='word_1_479' title='bbox 288 5236 417 5291; x_wconf 72' lang='lat' dir='ltr'><strong>llmc</strong></span> <span class='ocrx_word' id='word_1_480' title='bbox 444 5237 682 5306; x_wconf 87' lang='lat' dir='ltr'><strong>legamus</strong></span> <span class='ocrx_word' id='word_1_481' title='bbox 710 5239 1051 5309; x_wconf 75' lang='lat' dir='ltr'><strong>frequenter,</strong></span> <span class='ocrx_word' id='word_1_482' title='bbox 1086 5241 1199 5296; x_wconf 60' lang='lat' dir='ltr'><strong>haec</strong></span> <span class='ocrx_word' id='word_1_483' title='bbox 1225 5242 1503 5297; x_wconf 88' lang='lat' dir='ltr'><strong>audiamus</strong></span> <span class='ocrx_word' id='word_1_484' title='bbox 1530 5250 1588 5296; x_wconf 91' lang='lat' dir='ltr'><strong>ut</strong></span> <span class='ocrx_word' id='word_1_485' title='bbox 1615 5257 1709 5312; x_wconf 88' lang='lat' dir='ltr'><strong>par</strong></span> <span class='ocrx_word' id='word_1_486' title='bbox 1733 5252 1816 5298; x_wconf 92' lang='lat' dir='ltr'><strong>est</strong></span> <span class='ocrx_word' id='word_1_487' title='bbox 1850 5286 1864 5309; x_wconf 95' lang='lat'><strong>,</strong></span> 
     </span>
    </p>
   </div>
   <div class='ocr_carea' id='block_1_65' title="bbox 289 5328 1866 5405">
    <p class='ocr_par' dir='ltr' id='par_1_65' title="bbox 289 5328 1866 5405">
     <span class='ocr_line' id='line_1_65' title="bbox 289 5328 1866 5405; baseline 0.008 -25"><span class='ocrx_word' id='word_1_488' title='bbox 289 5328 405 5381; x_wconf 73' lang='lat' dir='ltr'><strong>lunt;</strong></span> <span class='ocrx_word' id='word_1_489' title='bbox 432 5328 485 5381; x_wconf 90' lang='lat' dir='ltr'><strong>in</strong></span> <span class='ocrx_word' id='word_1_490' title='bbox 505 5328 699 5383; x_wconf 87' lang='lat' dir='ltr'><strong>animis</strong></span> <span class='ocrx_word' id='word_1_491' title='bbox 741 5331 939 5385; x_wconf 87' lang='lat' dir='ltr'><strong>nostris</strong></span> <span class='ocrx_word' id='word_1_492' title='bbox 972 5332 1305 5397; x_wconf 86' lang='lat' dir='ltr'><strong>scribamus;</strong></span> <span class='ocrx_word' id='word_1_493' title='bbox 1339 5333 1453 5389; x_wconf 80' lang='lat' dir='ltr'><strong>haec</strong></span> <span class='ocrx_word' id='word_1_494' title='bbox 1474 5336 1670 5405; x_wconf 81' lang='lat' dir='ltr'><strong>quippe</strong></span> <span class='ocrx_word' id='word_1_495' title='bbox 1714 5337 1866 5392; x_wconf 90' lang='lat' dir='ltr'><strong>nobis</strong></span> 
     </span>
    </p>
   </div>
   <div class='ocr_carea' id='block_1_66' title="bbox 288 5419 1861 5495">
    <p class='ocr_par' dir='ltr' id='par_1_66' title="bbox 288 5419 1861 5495">
     <span class='ocr_line' id='line_1_66' title="bbox 288 5419 1861 5495; baseline 0.008 -24"><span class='ocrx_word' id='word_1_496' title='bbox 288 5419 620 5475; x_wconf 80' lang='lat' dir='ltr'><strong>honorabilia</strong></span> <span class='ocrx_word' id='word_1_497' title='bbox 651 5431 795 5476; x_wconf 91' lang='lat' dir='ltr'><strong>sunt.</strong></span> <span class='ocrx_word' id='word_1_498' title='bbox 834 5423 889 5477; x_wconf 90' lang='lat' dir='ltr'><strong>In</strong></span> <span class='ocrx_word' id='word_1_499' title='bbox 918 5423 1001 5477; x_wconf 87' lang='lat' dir='ltr'><strong>bis</strong></span> <span class='ocrx_word' id='word_1_500' title='bbox 1026 5440 1125 5495; x_wconf 81' lang='lat' dir='ltr'><strong>ego</strong></span> <span class='ocrx_word' id='word_1_501' title='bbox 1157 5427 1320 5479; x_wconf 90' lang='lat' dir='ltr'><strong>altum</strong></span> <span class='ocrx_word' id='word_1_502' title='bbox 1352 5427 1534 5495; x_wconf 89' lang='lat' dir='ltr'><strong>sapio,</strong></span> <span class='ocrx_word' id='word_1_503' title='bbox 1564 5443 1669 5483; x_wconf 89' lang='lat' dir='ltr'><strong>non</strong></span> <span class='ocrx_word' id='word_1_504' title='bbox 1692 5430 1861 5483; x_wconf 91' lang='lat' dir='ltr'><strong>solmn</strong></span> 
     </span>
    </p>
   </div>
   <div class='ocr_carea' id='block_1_67' title="bbox 285 5508 1861 5583">
    <p class='ocr_par' dir='ltr' id='par_1_67' title="bbox 285 5508 1861 5583">
     <span class='ocr_line' id='line_1_67' title="bbox 285 5508 1861 5583; baseline 0.006 -21"><span class='ocrx_word' id='word_1_505' title='bbox 285 5508 356 5565; x_wconf 81' lang='lat' dir='ltr'><strong>de</strong></span> <span class='ocrx_word' id='word_1_506' title='bbox 380 5509 768 5567; x_wconf 84' lang='lat' dir='ltr'><strong>millemortuis</strong></span> <span class='ocrx_word' id='word_1_507' title='bbox 795 5527 931 5583; x_wconf 91' lang='lat' dir='ltr'><strong>quos</strong></span> <span class='ocrx_word' id='word_1_508' title='bbox 958 5514 1231 5569; x_wconf 89' lang='lat' dir='ltr'><strong>suscitavit</strong></span> <span class='ocrx_word' id='word_1_509' title='bbox 1252 5556 1265 5577; x_wconf 89' lang='lat'><strong>,</strong></span> <span class='ocrx_word' id='word_1_510' title='bbox 1298 5515 1391 5571; x_wconf 85' lang='lat' dir='ltr'><strong>sed</strong></span> <span class='ocrx_word' id='word_1_511' title='bbox 1423 5517 1581 5571; x_wconf 89' lang='lat' dir='ltr'><strong>etiam</strong></span> <span class='ocrx_word' id='word_1_512' title='bbox 1626 5518 1691 5572; x_wconf 89' lang='lat' dir='ltr'><strong>de</strong></span> <span class='ocrx_word' id='word_1_513' title='bbox 1734 5534 1861 5574; x_wconf 88' lang='lat' dir='ltr'><strong>cru-</strong></span> 
     </span>
    </p>
   </div>
   <div class='ocr_carea' id='block_1_68' title="bbox 286 5600 1857 5675">
    <p class='ocr_par' dir='ltr' id='par_1_68' title="bbox 286 5600 1857 5675">
     <span class='ocr_line' id='line_1_68' title="bbox 286 5600 1857 5675; baseline 0.01 -24"><span class='ocrx_word' id='word_1_514' title='bbox 286 5600 517 5655; x_wconf 83' lang='lat' dir='ltr'><strong>ciatibus</strong></span> <span class='ocrx_word' id='word_1_515' title='bbox 546 5615 679 5671; x_wconf 92' lang='lat' dir='ltr'><strong>quos</strong></span> <span class='ocrx_word' id='word_1_516' title='bbox 712 5617 907 5672; x_wconf 87' lang='lat' dir='ltr'><strong>passus</strong></span> <span class='ocrx_word' id='word_1_517' title='bbox 930 5612 1032 5658; x_wconf 89' lang='lat' dir='ltr'><strong>est.</strong></span> <span class='ocrx_word' id='word_1_518' title='bbox 1061 5603 1186 5668; x_wconf 62' lang='lat' dir='ltr'><strong>Haec</strong></span> <span class='ocrx_word' id='word_1_519' title='bbox 1206 5607 1499 5675; x_wconf 75' lang='lat' dir='ltr'><strong>smpissime</strong></span> <span class='ocrx_word' id='word_1_520' title='bbox 1523 5607 1715 5665; x_wconf 82' lang='lat' dir='ltr'><strong>Paulus</strong></span> <span class='ocrx_word' id='word_1_521' title='bbox 1743 5625 1857 5666; x_wconf 80' lang='lat' dir='ltr'><strong>ver-</strong></span> 
     </span>
    </p>
   </div>
   <div class='ocr_carea' id='block_1_69' title="bbox 350 5728 1119 5789">
    <p class='ocr_par' dir='ltr' id='par_1_69' title="bbox 350 5728 1119 5789">
     <span class='ocr_line' id='line_1_69' title="bbox 350 5728 1119 5789; baseline 0.007 -10"><span class='ocrx_word' id='word_1_522' title='bbox 350 5730 369 5763; x_wconf 85' lang='grc'>⁶</span> <span class='ocrx_word' id='word_1_523' title='bbox 404 5728 515 5789; x_wconf 81' lang='lat' dir='ltr'><strong>Alii,</strong></span> <span class='ocrx_word' id='word_1_524' title='bbox 541 5731 705 5783; x_wconf 77' lang='lat' dir='ltr'><strong>radios</strong></span> <span class='ocrx_word' id='word_1_525' title='bbox 720 5744 832 5783; x_wconf 82' lang='lat' dir='ltr'><strong>suos</strong></span> <span class='ocrx_word' id='word_1_526' title='bbox 853 5732 1119 5787; x_wconf 77' lang='lat' dir='ltr'><strong>occultam.</strong></span> 
     </span>
    </p>
   </div>
   <div class='ocr_carea' id='block_1_70' title="bbox 600 5826 1293 5888">
    <p class='ocr_par' dir='ltr' id='par_1_70' title="bbox 600 5826 1293 5888">
     <span class='ocr_line' id='line_1_70' title="bbox 600 5826 1293 5888; baseline 0.003 -3"><span class='ocrx_word' id='word_1_527' title='bbox 600 5827 868 5887; x_wconf 68' lang='lat' dir='ltr'><strong>Panos.</strong></span> <span class='ocrx_word' id='word_1_528' title='bbox 916 5828 1031 5887; x_wconf 85' lang='lat' dir='ltr'><strong>Gtt.</strong></span> <span class='ocrx_word' id='word_1_529' title='bbox 1081 5826 1293 5888; x_wconf 71' lang='lat' dir='ltr'><strong>LVI“.</strong></span> 
     </span>
    </p>
   </div>
   <div class='ocr_carea' id='block_1_71' title="bbox 1981 1494 3564 1561">
    <p class='ocr_par' dir='ltr' id='par_1_71' title="bbox 1981 1494 3564 1561">
     <span class='ocr_line' id='line_1_71' title="bbox 1981 1494 3564 1561; baseline 0.002 -17"><span class='ocrx_word' id='word_1_530' title='bbox 1981 1503 2082 1561; x_wconf 76' lang='lat' dir='ltr'><strong>sat,</strong></span> <span class='ocrx_word' id='word_1_531' title='bbox 2110 1509 2322 1549; x_wconf 86' lang='lat' dir='ltr'><strong>crucem</strong></span> <span class='ocrx_word' id='word_1_532' title='bbox 2350 1494 2490 1560; x_wconf 86' lang='lat' dir='ltr'><strong>dico,</strong></span> <span class='ocrx_word' id='word_1_533' title='bbox 2526 1505 2774 1560; x_wconf 88' lang='lat' dir='ltr'><strong>mortem,</strong></span> <span class='ocrx_word' id='word_1_534' title='bbox 2808 1496 3072 1550; x_wconf 86' lang='lat' dir='ltr'><strong>cruciatus</strong></span> <span class='ocrx_word' id='word_1_535' title='bbox 3097 1536 3111 1561; x_wconf 92' lang='lat'><strong>,</strong></span> <span class='ocrx_word' id='word_1_536' title='bbox 3142 1495 3400 1559; x_wconf 84' lang='lat' dir='ltr'><strong>convicia,</strong></span> <span class='ocrx_word' id='word_1_537' title='bbox 3432 1511 3564 1548; x_wconf 81' lang='lat' dir='ltr'><strong>mn-</strong></span> 
     </span>
    </p>
   </div>
   <div class='ocr_carea' id='block_1_72' title="bbox 1982 1584 3563 1653">
    <p class='ocr_par' dir='ltr' id='par_1_72' title="bbox 1982 1584 3563 1653">
     <span class='ocr_line' id='line_1_72' title="bbox 1982 1584 3563 1653; baseline 0.002 -17"><span class='ocrx_word' id='word_1_538' title='bbox 1982 1586 2244 1647; x_wconf 90' lang='lat' dir='ltr'><strong>tumelias,</strong></span> <span class='ocrx_word' id='word_1_539' title='bbox 2268 1585 2513 1640; x_wconf 86' lang='lat' dir='ltr'><strong>dicteria.</strong></span> <span class='ocrx_word' id='word_1_540' title='bbox 2550 1587 2615 1639; x_wconf 86' lang='lat' dir='ltr'><strong>Et</strong></span> <span class='ocrx_word' id='word_1_541' title='bbox 2640 1586 2800 1640; x_wconf 89' lang='lat' dir='ltr'><strong>modo</strong></span> <span class='ocrx_word' id='word_1_542' title='bbox 2833 1587 3046 1653; x_wconf 85' lang='lat' dir='ltr'><strong>quidem</strong></span> <span class='ocrx_word' id='word_1_543' title='bbox 3073 1584 3181 1645; x_wconf 87' lang='lat' dir='ltr'><strong>ait.</strong></span> <span class='ocrx_word' id='word_1_544' title='bbox 3218 1586 3475 1641; x_wconf 75' lang='lat' dir='ltr'><strong>Exeamus</strong></span> <span class='ocrx_word' id='word_1_545' title='bbox 3495 1590 3563 1639; x_wconf 83' lang='lat' dir='ltr'><strong>ad</strong></span> 
     </span>
    </p>
   </div>
   <div class='ocr_carea' id='block_1_73' title="bbox 1977 1676 3564 1749">
    <p class='ocr_par' dir='ltr' id='par_1_73' title="bbox 1977 1676 3564 1749">
     <span class='ocr_line' id='line_1_73' title="bbox 1977 1676 3564 1749; baseline -0.001 -20"><span class='ocrx_word' id='word_1_546' title='bbox 1977 1676 2165 1743; x_wconf 81' lang='lat' dir='ltr'><strong>ipsum,</strong></span> <span class='ocrx_word' id='word_1_547' title='bbox 2192 1676 2519 1747; x_wconf 81' lang='lat' dir='ltr'><strong>opprobrium</strong></span> <span class='ocrx_word' id='word_1_548' title='bbox 2544 1678 2654 1743; x_wconf 85' lang='lat' dir='ltr'><strong>eius</strong></span> <span class='ocrx_word' id='word_1_549' title='bbox 2684 1681 2897 1749; x_wconf 81' lang='lat' dir='ltr'><strong>ferentes</strong></span> <span class='ocrx_word' id='word_1_550' title='bbox 2917 1676 3100 1749; x_wconf 86' lang='lat' dir='ltr'><strong>(Hebr.</strong></span> <span class='ocrx_word' id='word_1_551' title='bbox 3134 1676 3327 1748; x_wconf 65' lang='lat'><strong>£3.15)</strong></span> <span class='ocrx_word' id='word_1_552' title='bbox 3354 1695 3368 1742; x_wconf 91' lang='lat'><strong>;</strong></span> <span class='ocrx_word' id='word_1_553' title='bbox 3404 1679 3564 1730; x_wconf 88' lang='lat' dir='ltr'><strong>modo</strong></span> 
     </span>
    </p>
   </div>
   <div class='ocr_carea' id='block_1_74' title="bbox 1978 1767 3560 1837">
    <p class='ocr_par' dir='ltr' id='par_1_74' title="bbox 1978 1767 3560 1837">
     <span class='ocr_line' id='line_1_74' title="bbox 1978 1767 3560 1837; baseline -0.003 -17"><span class='ocrx_word' id='word_1_554' title='bbox 1978 1774 2176 1830; x_wconf 84' lang='lat' dir='ltr'><strong>autem,</strong></span> <span class='ocrx_word' id='word_1_555' title='bbox 2212 1767 2312 1834; x_wconf 82' lang='lat' dir='ltr'><strong>Qui</strong></span> <span class='ocrx_word' id='word_1_556' title='bbox 2338 1784 2430 1837; x_wconf 89' lang='lat' dir='ltr'><strong>pro</strong></span> <span class='ocrx_word' id='word_1_557' title='bbox 2458 1769 2646 1837; x_wconf 85' lang='lat' dir='ltr'><strong>gaudio</strong></span> <span class='ocrx_word' id='word_1_558' title='bbox 2673 1769 2766 1821; x_wconf 83' lang='lat' dir='ltr'><strong>sibi</strong></span> <span class='ocrx_word' id='word_1_559' title='bbox 2795 1768 3051 1837; x_wconf 77' lang='lat' dir='ltr'><strong>preposito</strong></span> <span class='ocrx_word' id='word_1_560' title='bbox 3082 1782 3279 1821; x_wconf 85' lang='lat' dir='ltr'><strong>crucem</strong></span> <span class='ocrx_word' id='word_1_561' title='bbox 3303 1769 3560 1826; x_wconf 74' lang='lat' dir='ltr'><strong>sustinuit,</strong></span> 
     </span>
    </p>
   </div>
   <div class='ocr_carea' id='block_1_75' title="bbox 1978 1854 3561 1930">
    <p class='ocr_par' dir='ltr' id='par_1_75' title="bbox 1978 1854 3561 1930">
     <span class='ocr_line' id='line_1_75' title="bbox 1978 1854 3561 1930; baseline 0 -20"><span class='ocrx_word' id='word_1_562' title='bbox 1978 1858 2255 1927; x_wconf 84' lang='lat' dir='ltr'><strong>ignominia</strong></span> <span class='ocrx_word' id='word_1_563' title='bbox 2275 1867 2559 1929; x_wconf 84' lang='lat' dir='ltr'><strong>contempta</strong></span> <span class='ocrx_word' id='word_1_564' title='bbox 2592 1856 2656 1930; x_wconf 85' lang='grc' dir='ltr'><strong>(Ι</strong></span> <span class='ocrx_word' id='word_1_565' title='bbox 2666 1858 2770 1912; x_wconf 84' lang='lat' dir='ltr'><strong>bid.</strong></span> <span class='ocrx_word' id='word_1_566' title='bbox 2803 1857 2890 1912; x_wconf 75' lang='grc'><strong>12.</strong></span> <span class='ocrx_word' id='word_1_567' title='bbox 2912 1857 2948 1911; x_wconf 73' lang='grc'>2</span> <span class='ocrx_word' id='word_1_568' title='bbox 2974 1858 3012 1923; x_wconf 87' lang='lat'><strong>).</strong></span> <span class='ocrx_word' id='word_1_569' title='bbox 3037 1854 3147 1913; x_wconf 80' lang='lat'><strong>‘69.</strong></span> <span class='ocrx_word' id='word_1_570' title='bbox 3183 1856 3364 1912; x_wconf 80' lang='lat' dir='ltr'><strong>Petrus</strong></span> <span class='ocrx_word' id='word_1_571' title='bbox 3393 1868 3561 1911; x_wconf 82' lang='lat' dir='ltr'><strong>autem</strong></span> 
     </span>
    </p>
   </div>
   <div class='ocr_carea' id='block_1_76' title="bbox 1979 1946 3582 2017">
    <p class='ocr_par' dir='ltr' id='par_1_76' title="bbox 1979 1946 3582 2017">
     <span class='ocr_line' id='line_1_76' title="bbox 1979 1946 3582 2017; baseline 0.001 -17"><span class='ocrx_word' id='word_1_572' title='bbox 1979 1949 2105 2017; x_wconf 81' lang='lat' dir='ltr'><strong>foris</strong></span> <span class='ocrx_word' id='word_1_573' title='bbox 2148 1946 2350 2005; x_wconf 80' lang='lat' dir='ltr'><strong>sedebat</strong></span> <span class='ocrx_word' id='word_1_574' title='bbox 2390 1951 2444 2005; x_wconf 89' lang='lat' dir='ltr'><strong>in</strong></span> <span class='ocrx_word' id='word_1_575' title='bbox 2489 1952 2620 2005; x_wconf 86' lang='lat' dir='ltr'><strong>atrio</strong></span> <span class='ocrx_word' id='word_1_576' title='bbox 2643 1966 2662 2004; x_wconf 91' lang='lat'><strong><em>:</em></strong></span> <span class='ocrx_word' id='word_1_577' title='bbox 2692 1960 2738 2004; x_wconf 87' lang='lat' dir='ltr'><strong>et</strong></span> <span class='ocrx_word' id='word_1_578' title='bbox 2763 1953 2971 2004; x_wconf 87' lang='lat' dir='ltr'><strong>accessit</strong></span> <span class='ocrx_word' id='word_1_579' title='bbox 2999 1957 3065 2003; x_wconf 82' lang='lat' dir='ltr'><strong>ad</strong></span> <span class='ocrx_word' id='word_1_580' title='bbox 3095 1967 3205 2003; x_wconf 87' lang='lat' dir='ltr'><strong>eum</strong></span> <span class='ocrx_word' id='word_1_581' title='bbox 3230 1966 3334 2003; x_wconf 84' lang='lat' dir='ltr'><strong>una</strong></span> <span class='ocrx_word' id='word_1_582' title='bbox 3372 1951 3582 2004; x_wconf 86' lang='lat' dir='ltr'><strong>ancilla&#39;</strong></span> 
     </span>
    </p>
   </div>
   <div class='ocr_carea' id='block_1_77' title="bbox 1979 2040 3561 2097">
    <p class='ocr_par' dir='ltr' id='par_1_77' title="bbox 1979 2040 3561 2097">
     <span class='ocr_line' id='line_1_77' title="bbox 1979 2040 3561 2097; baseline 0.001 -6"><span class='ocrx_word' id='word_1_583' title='bbox 1979 2041 2191 2095; x_wconf 84' lang='lat' dir='ltr'><strong>dicens:</strong></span> <span class='ocrx_word' id='word_1_584' title='bbox 2220 2040 2280 2094; x_wconf 85' lang='lat' dir='ltr'><strong>Et</strong></span> <span class='ocrx_word' id='word_1_585' title='bbox 2308 2051 2361 2094; x_wconf 88' lang='lat' dir='ltr'><strong>tu</strong></span> <span class='ocrx_word' id='word_1_586' title='bbox 2386 2057 2497 2097; x_wconf 88' lang='lat' dir='ltr'><strong>eras</strong></span> <span class='ocrx_word' id='word_1_587' title='bbox 2526 2057 2640 2095; x_wconf 84' lang='lat' dir='ltr'><strong>cum</strong></span> <span class='ocrx_word' id='word_1_588' title='bbox 2680 2040 2805 2095; x_wconf 87' lang='lat' dir='ltr'><strong>Jesu</strong></span> <span class='ocrx_word' id='word_1_589' title='bbox 2853 2040 3088 2095; x_wconf 77' lang='lat' dir='ltr'><strong>Galilwo.</strong></span> <span class='ocrx_word' id='word_1_590' title='bbox 3133 2041 3223 2095; x_wconf 91' lang='lat'><strong>70.</strong></span> <span class='ocrx_word' id='word_1_591' title='bbox 3253 2040 3354 2094; x_wconf 82' lang='lat' dir='ltr'><strong>Ille</strong></span> <span class='ocrx_word' id='word_1_592' title='bbox 3392 2051 3561 2094; x_wconf 80' lang='lat' dir='ltr'><strong>autem</strong></span> 
     </span>
    </p>
   </div>
   <div class='ocr_carea' id='block_1_78' title="bbox 1980 2134 3558 2215">
    <p class='ocr_par' dir='ltr' id='par_1_78' title="bbox 1980 2134 3558 2215">
     <span class='ocr_line' id='line_1_78' title="bbox 1980 2134 3558 2215; baseline 0.003 -30"><span class='ocrx_word' id='word_1_593' title='bbox 1980 2136 2175 2215; x_wconf 81' lang='lat' dir='ltr'><strong>negavit</strong></span> <span class='ocrx_word' id='word_1_594' title='bbox 2199 2144 2369 2189; x_wconf 83' lang='lat' dir='ltr'><strong>coram</strong></span> <span class='ocrx_word' id='word_1_595' title='bbox 2409 2135 2637 2189; x_wconf 84' lang='lat' dir='ltr'><strong>omnibus</strong></span> <span class='ocrx_word' id='word_1_596' title='bbox 2678 2134 2850 2189; x_wconf 82' lang='lat' dir='ltr'><strong>dicens</strong></span> <span class='ocrx_word' id='word_1_597' title='bbox 2881 2176 2895 2199; x_wconf 92' lang='lat'><strong>,</strong></span> <span class='ocrx_word' id='word_1_598' title='bbox 2932 2134 3119 2188; x_wconf 87' lang='lat' dir='ltr'><strong>Nescio</strong></span> <span class='ocrx_word' id='word_1_599' title='bbox 3144 2135 3267 2202; x_wconf 81' lang='lat' dir='ltr'><strong>quid</strong></span> <span class='ocrx_word' id='word_1_600' title='bbox 3293 2135 3438 2188; x_wconf 88' lang='lat' dir='ltr'><strong>dicis.</strong></span> <span class='ocrx_word' id='word_1_601' title='bbox 3468 2136 3558 2189; x_wconf 85' lang='lat'><strong>7|.</strong></span> 
     </span>
    </p>
   </div>
   <div class='ocr_carea' id='block_1_79' title="bbox 1978 2217 3562 2283">
    <p class='ocr_par' dir='ltr' id='par_1_79' title="bbox 1978 2217 3562 2283">
     <span class='ocr_line' id='line_1_79' title="bbox 1978 2217 3562 2283; baseline -0.003 -9"><span class='ocrx_word' id='word_1_602' title='bbox 1978 2217 2105 2274; x_wconf 87' lang='lat' dir='ltr'><strong>Cum</strong></span> <span class='ocrx_word' id='word_1_603' title='bbox 2145 2226 2311 2274; x_wconf 87' lang='lat' dir='ltr'><strong>autem</strong></span> <span class='ocrx_word' id='word_1_604' title='bbox 2339 2220 2537 2274; x_wconf 73' lang='lat' dir='ltr'><strong>exiisset</strong></span> <span class='ocrx_word' id='word_1_605' title='bbox 2568 2220 2620 2273; x_wconf 83' lang='lat' dir='ltr'><strong>in</strong></span> <span class='ocrx_word' id='word_1_606' title='bbox 2646 2220 2940 2274; x_wconf 81' lang='lat' dir='ltr'><strong>vestibulum</strong></span> <span class='ocrx_word' id='word_1_607' title='bbox 2974 2259 2988 2283; x_wconf 90' lang='lat'><strong>,</strong></span> <span class='ocrx_word' id='word_1_608' title='bbox 3012 2218 3134 2271; x_wconf 77' lang='lat' dir='ltr'><strong>vidit</strong></span> <span class='ocrx_word' id='word_1_609' title='bbox 3160 2219 3303 2271; x_wconf 79' lang='lat' dir='ltr'><strong>illum</strong></span> <span class='ocrx_word' id='word_1_610' title='bbox 3333 2219 3439 2272; x_wconf 89' lang='lat' dir='ltr'><strong>alia</strong></span> <span class='ocrx_word' id='word_1_611' title='bbox 3467 2260 3481 2281; x_wconf 90' lang='lat'><strong>,</strong></span> <span class='ocrx_word' id='word_1_612' title='bbox 3515 2228 3562 2271; x_wconf 84' lang='lat' dir='ltr'><strong>et</strong></span> 
     </span>
    </p>
   </div>
   <div class='ocr_carea' id='block_1_80' title="bbox 1977 2308 3562 2383">
    <p class='ocr_par' dir='ltr' id='par_1_80' title="bbox 1977 2308 3562 2383">
     <span class='ocr_line' id='line_1_80' title="bbox 1977 2308 3562 2383; baseline -0.001 -20"><span class='ocrx_word' id='word_1_613' title='bbox 1977 2308 2098 2364; x_wconf 81' lang='lat' dir='ltr'><strong>dicit</strong></span> <span class='ocrx_word' id='word_1_614' title='bbox 2127 2310 2196 2363; x_wconf 86' lang='lat' dir='ltr'><strong>eis</strong></span> <span class='ocrx_word' id='word_1_615' title='bbox 2224 2324 2242 2363; x_wconf 92' lang='lat'><strong><em>:</em></strong></span> <span class='ocrx_word' id='word_1_616' title='bbox 2271 2309 2336 2364; x_wconf 83' lang='lat' dir='ltr'><strong>Et</strong></span> <span class='ocrx_word' id='word_1_617' title='bbox 2362 2310 2443 2363; x_wconf 88' lang='lat' dir='ltr'><strong>hic</strong></span> <span class='ocrx_word' id='word_1_618' title='bbox 2460 2319 2699 2363; x_wconf 87' lang='lat' dir='ltr'><strong>eratcum</strong></span> <span class='ocrx_word' id='word_1_619' title='bbox 2721 2308 2847 2363; x_wconf 72' lang='lat' dir='ltr'><strong>Iesu</strong></span> <span class='ocrx_word' id='word_1_620' title='bbox 2873 2308 3163 2363; x_wconf 79' lang='lat' dir='ltr'><strong>Nazarene.</strong></span> <span class='ocrx_word' id='word_1_621' title='bbox 3190 2308 3275 2364; x_wconf 73' lang='lat'><strong>72.</strong></span> <span class='ocrx_word' id='word_1_622' title='bbox 3299 2308 3367 2362; x_wconf 80' lang='lat' dir='ltr'><strong>Et</strong></span> <span class='ocrx_word' id='word_1_623' title='bbox 3388 2325 3562 2383; x_wconf 74' lang='lat' dir='ltr'><strong>rursus</strong></span> 
     </span>
    </p>
   </div>
   <div class='ocr_carea' id='block_1_81' title="bbox 1977 2395 3562 2472">
    <p class='ocr_par' dir='ltr' id='par_1_81' title="bbox 1977 2395 3562 2472">
     <span class='ocr_line' id='line_1_81' title="bbox 1977 2395 3562 2472; baseline -0.001 -17"><span class='ocrx_word' id='word_1_624' title='bbox 1977 2403 2173 2471; x_wconf 81' lang='lat' dir='ltr'><strong>negavit</strong></span> <span class='ocrx_word' id='word_1_625' title='bbox 2188 2415 2298 2454; x_wconf 84' lang='lat' dir='ltr'><strong>cum</strong></span> <span class='ocrx_word' id='word_1_626' title='bbox 2308 2402 2618 2472; x_wconf 83' lang='lat' dir='ltr'><strong>juratnento.</strong></span> <span class='ocrx_word' id='word_1_627' title='bbox 2640 2395 2728 2456; x_wconf 76' lang='lat'><strong>73.</strong></span> <span class='ocrx_word' id='word_1_628' title='bbox 2755 2400 2877 2455; x_wconf 87' lang='lat' dir='ltr'><strong>Post</strong></span> <span class='ocrx_word' id='word_1_629' title='bbox 2895 2400 3133 2470; x_wconf 85' lang='lat' dir='ltr'><strong>pusillum</strong></span> <span class='ocrx_word' id='word_1_630' title='bbox 3153 2409 3321 2455; x_wconf 79' lang='lat' dir='ltr'><strong>autem</strong></span> <span class='ocrx_word' id='word_1_631' title='bbox 3340 2414 3453 2453; x_wconf 83' lang='lat' dir='ltr'><strong>cum</strong></span> <span class='ocrx_word' id='word_1_632' title='bbox 3475 2416 3562 2453; x_wconf 75' lang='lat' dir='ltr'><strong>ac-</strong></span> 
     </span>
    </p>
   </div>
   <div class='ocr_carea' id='block_1_82' title="bbox 1975 2489 3562 2561">
    <p class='ocr_par' dir='ltr' id='par_1_82' title="bbox 1975 2489 3562 2561">
     <span class='ocr_line' id='line_1_82' title="bbox 1975 2489 3562 2561; baseline -0.001 -16"><span class='ocrx_word' id='word_1_633' title='bbox 1975 2492 2233 2545; x_wconf 83' lang='lat' dir='ltr'><strong>cessissent</strong></span> <span class='ocrx_word' id='word_1_634' title='bbox 2250 2492 2335 2561; x_wconf 87' lang='lat' dir='ltr'><strong>qui</strong></span> <span class='ocrx_word' id='word_1_635' title='bbox 2355 2492 2574 2557; x_wconf 86' lang='lat' dir='ltr'><strong>stabant,</strong></span> <span class='ocrx_word' id='word_1_636' title='bbox 2588 2491 2822 2545; x_wconf 71' lang='lat' dir='ltr'><strong>dixerunt</strong></span> <span class='ocrx_word' id='word_1_637' title='bbox 2844 2490 2998 2544; x_wconf 89' lang='lat' dir='ltr'><strong>Petro</strong></span> <span class='ocrx_word' id='word_1_638' title='bbox 3023 2506 3040 2544; x_wconf 89' lang='lat'><strong><em>:</em></strong></span> <span class='ocrx_word' id='word_1_639' title='bbox 3067 2489 3193 2544; x_wconf 85' lang='lat' dir='ltr'><strong>Vere</strong></span> <span class='ocrx_word' id='word_1_640' title='bbox 3212 2502 3265 2544; x_wconf 80' lang='lat' dir='ltr'><strong>tu</strong></span> <span class='ocrx_word' id='word_1_641' title='bbox 3280 2506 3343 2544; x_wconf 79' lang='lat' dir='ltr'><strong>ea:</strong></span> <span class='ocrx_word' id='word_1_642' title='bbox 3362 2490 3465 2544; x_wconf 82' lang='lat' dir='ltr'><strong>illis</strong></span> <span class='ocrx_word' id='word_1_643' title='bbox 3485 2506 3562 2554; x_wconf 82' lang='lat' dir='ltr'><strong>es;</strong></span> 
     </span>
    </p>
   </div>
   <div class='ocr_carea' id='block_1_83' title="bbox 1977 2579 3563 2652">
    <p class='ocr_par' dir='ltr' id='par_1_83' title="bbox 1977 2579 3563 2652">
     <span class='ocr_line' id='line_1_83' title="bbox 1977 2579 3563 2652; baseline 0.001 -18"><span class='ocrx_word' id='word_1_644' title='bbox 1977 2598 2092 2634; x_wconf 88' lang='lat' dir='ltr'><strong>nam</strong></span> <span class='ocrx_word' id='word_1_645' title='bbox 2127 2582 2323 2652; x_wconf 81' lang='lat' dir='ltr'><strong>loquela</strong></span> <span class='ocrx_word' id='word_1_646' title='bbox 2348 2591 2435 2634; x_wconf 90' lang='lat' dir='ltr'><strong>tua</strong></span> <span class='ocrx_word' id='word_1_647' title='bbox 2462 2580 2786 2649; x_wconf 73' lang='lat' dir='ltr'><strong>manifestans</strong></span> <span class='ocrx_word' id='word_1_648' title='bbox 2816 2590 2863 2634; x_wconf 82' lang='lat' dir='ltr'><strong>te</strong></span> <span class='ocrx_word' id='word_1_649' title='bbox 2892 2581 3015 2652; x_wconf 80' lang='lat' dir='ltr'><strong>facit</strong></span> <span class='ocrx_word' id='word_1_650' title='bbox 3040 2581 3079 2633; x_wconf 84' lang='grc'><strong>¹.</strong></span> <span class='ocrx_word' id='word_1_651' title='bbox 3105 2582 3194 2636; x_wconf 73' lang='grc' dir='ltr'><strong>Ἠ.</strong></span> <span class='ocrx_word' id='word_1_652' title='bbox 3236 2579 3379 2635; x_wconf 85' lang='lat' dir='ltr'><strong>Tunc</strong></span> <span class='ocrx_word' id='word_1_653' title='bbox 3413 2582 3563 2651; x_wconf 67' lang='lat' dir='ltr'><strong>coepit</strong></span> 
     </span>
    </p>
   </div>
   <div class='ocr_carea' id='block_1_84' title="bbox 1975 2672 3562 2742">
    <p class='ocr_par' dir='ltr' id='par_1_84' title="bbox 1975 2672 3562 2742">
     <span class='ocr_line' id='line_1_84' title="bbox 1975 2672 3562 2742; baseline -0.001 -17"><span class='ocrx_word' id='word_1_654' title='bbox 1975 2673 2400 2726; x_wconf 82' lang='lat' dir='ltr'><strong>anatltentatizare</strong></span> <span class='ocrx_word' id='word_1_655' title='bbox 2417 2673 2652 2742; x_wconf 79' lang='lat' dir='ltr'><strong>etjurare</strong></span> <span class='ocrx_word' id='word_1_656' title='bbox 2687 2674 2823 2741; x_wconf 85' lang='lat' dir='ltr'><strong>quod</strong></span> <span class='ocrx_word' id='word_1_657' title='bbox 2844 2689 2944 2726; x_wconf 87' lang='lat' dir='ltr'><strong>non</strong></span> <span class='ocrx_word' id='word_1_658' title='bbox 2965 2672 3180 2727; x_wconf 75' lang='lat' dir='ltr'><strong>novisset</strong></span> <span class='ocrx_word' id='word_1_659' title='bbox 3196 2672 3466 2726; x_wconf 81' lang='lat' dir='ltr'><strong>hominem.</strong></span> <span class='ocrx_word' id='word_1_660' title='bbox 3495 2672 3562 2725; x_wconf 86' lang='lat' dir='ltr'><strong>Et</strong></span> 
     </span>
    </p>
   </div>
   <div class='ocr_carea' id='block_1_85' title="bbox 1973 2764 3563 2837">
    <p class='ocr_par' dir='ltr' id='par_1_85' title="bbox 1973 2764 3563 2837">
     <span class='ocr_line' id='line_1_85' title="bbox 1973 2764 3563 2837; baseline -0.001 -18"><span class='ocrx_word' id='word_1_661' title='bbox 1973 2766 2210 2820; x_wconf 70' lang='lat' dir='ltr'><strong>Continuo</strong></span> <span class='ocrx_word' id='word_1_662' title='bbox 2226 2766 2391 2837; x_wconf 85' lang='lat' dir='ltr'><strong>gallus</strong></span> <span class='ocrx_word' id='word_1_663' title='bbox 2422 2768 2660 2820; x_wconf 74' lang='lat' dir='ltr'><strong>cantabit.</strong></span> <span class='ocrx_word' id='word_1_664' title='bbox 2677 2767 2767 2821; x_wconf 84' lang='lat'><strong>75.</strong></span> <span class='ocrx_word' id='word_1_665' title='bbox 2791 2765 2853 2820; x_wconf 82' lang='lat' dir='ltr'><strong>Et</strong></span> <span class='ocrx_word' id='word_1_666' title='bbox 2869 2766 3160 2819; x_wconf 76' lang='lat' dir='ltr'><strong>recordatus</strong></span> <span class='ocrx_word' id='word_1_667' title='bbox 3176 2774 3248 2819; x_wconf 85' lang='lat' dir='ltr'><strong>est</strong></span> <span class='ocrx_word' id='word_1_668' title='bbox 3263 2764 3447 2819; x_wconf 80' lang='lat' dir='ltr'><strong>Petrus</strong></span> <span class='ocrx_word' id='word_1_669' title='bbox 3460 2782 3563 2818; x_wconf 75' lang='lat' dir='ltr'><strong>vrr-</strong></span> 
     </span>
    </p>
   </div>
   <div class='ocr_carea' id='block_1_86' title="bbox 1972 2856 3558 2927">
    <p class='ocr_par' dir='ltr' id='par_1_86' title="bbox 1972 2856 3558 2927">
     <span class='ocr_line' id='line_1_86' title="bbox 1972 2856 3558 2927; baseline 0.001 -17"><span class='ocrx_word' id='word_1_670' title='bbox 1972 2857 2020 2910; x_wconf 88' lang='lat' dir='ltr'><strong>bt</strong></span> <span class='ocrx_word' id='word_1_671' title='bbox 2034 2856 2069 2910; x_wconf 78' lang='grc' dir='ltr'><em>Ι</em></span> <span class='ocrx_word' id='word_1_672' title='bbox 2074 2874 2159 2910; x_wconf 87' lang='lat' dir='ltr'><strong>esu</strong></span> <span class='ocrx_word' id='word_1_673' title='bbox 2177 2859 2311 2927; x_wconf 88' lang='lat' dir='ltr'><strong>quod</strong></span> <span class='ocrx_word' id='word_1_674' title='bbox 2321 2858 2518 2911; x_wconf 71' lang='lat' dir='ltr'><strong>dixerat</strong></span> <span class='ocrx_word' id='word_1_675' title='bbox 2544 2898 2558 2922; x_wconf 91' lang='lat'><strong>,</strong></span> <span class='ocrx_word' id='word_1_676' title='bbox 2577 2856 2888 2927; x_wconf 88' lang='lat' dir='ltr'><strong>Priusquam</strong></span> <span class='ocrx_word' id='word_1_677' title='bbox 2903 2857 3069 2927; x_wconf 85' lang='lat' dir='ltr'><strong>gallus</strong></span> <span class='ocrx_word' id='word_1_678' title='bbox 3086 2866 3270 2923; x_wconf 83' lang='lat' dir='ltr'><strong>cantet,</strong></span> <span class='ocrx_word' id='word_1_679' title='bbox 3286 2866 3361 2911; x_wconf 87' lang='lat' dir='ltr'><strong>ter</strong></span> <span class='ocrx_word' id='word_1_680' title='bbox 3372 2872 3450 2910; x_wconf 82' lang='lat' dir='ltr'><strong>me</strong></span> <span class='ocrx_word' id='word_1_681' title='bbox 3468 2873 3558 2911; x_wconf 61' lang='lat' dir='ltr'><strong>nec</strong></span> 
     </span>
    </p>
   </div>
   <div class='ocr_carea' id='block_1_87' title="bbox 1971 2947 3558 3020">
    <p class='ocr_par' dir='ltr' id='par_1_87' title="bbox 1971 2947 3558 3020">
     <span class='ocr_line' id='line_1_87' title="bbox 1971 2947 3558 3020; baseline 0.001 -18"><span class='ocrx_word' id='word_1_682' title='bbox 1971 2950 2133 3019; x_wconf 83' lang='lat' dir='ltr'><strong>gabis.</strong></span> <span class='ocrx_word' id='word_1_683' title='bbox 2157 2948 2223 3002; x_wconf 83' lang='lat' dir='ltr'><strong>Et</strong></span> <span class='ocrx_word' id='word_1_684' title='bbox 2249 2960 2475 3020; x_wconf 88' lang='lat' dir='ltr'><strong>egressus</strong></span> <span class='ocrx_word' id='word_1_685' title='bbox 2496 2950 2656 3018; x_wconf 79' lang='lat' dir='ltr'><strong>foras,</strong></span> <span class='ocrx_word' id='word_1_686' title='bbox 2678 2950 2814 3019; x_wconf 78' lang='lat' dir='ltr'><strong>ﬂevit</strong></span> <span class='ocrx_word' id='word_1_687' title='bbox 2839 2965 3030 3002; x_wconf 88' lang='lat' dir='ltr'><strong>amare.</strong></span> <span class='ocrx_word' id='word_1_688' title='bbox 3051 2947 3096 3003; x_wconf 90' lang='grc' dir='ltr'><strong>Ο</strong></span> <span class='ocrx_word' id='word_1_689' title='bbox 3114 2964 3199 3003; x_wconf 86' lang='lat' dir='ltr'><strong>res</strong></span> <span class='ocrx_word' id='word_1_690' title='bbox 3218 2963 3383 3005; x_wconf 89' lang='lat' dir='ltr'><strong>novas</strong></span> <span class='ocrx_word' id='word_1_691' title='bbox 3398 2960 3452 3005; x_wconf 88' lang='lat' dir='ltr'><strong>et</strong></span> <span class='ocrx_word' id='word_1_692' title='bbox 3478 2951 3558 3004; x_wconf 85' lang='lat' dir='ltr'><strong>iu-</strong></span> 
     </span>
    </p>
   </div>
   <div class='ocr_carea' id='block_1_88' title="bbox 1971 3039 3552 3111">
    <p class='ocr_par' dir='ltr' id='par_1_88' title="bbox 1971 3039 3552 3111">
     <span class='ocr_line' id='line_1_88' title="bbox 1971 3039 3552 3111; baseline -0.002 -15"><span class='ocrx_word' id='word_1_693' title='bbox 1971 3041 2288 3097; x_wconf 89' lang='lat' dir='ltr'><strong>credibiles!</strong></span> <span class='ocrx_word' id='word_1_694' title='bbox 2311 3041 2444 3096; x_wconf 88' lang='lat' dir='ltr'><strong>Ctun</strong></span> <span class='ocrx_word' id='word_1_695' title='bbox 2468 3041 2861 3111; x_wconf 86' lang='lat' dir='ltr'><strong>apprehensum</strong></span> <span class='ocrx_word' id='word_1_696' title='bbox 2878 3040 3010 3095; x_wconf 82' lang='lat' dir='ltr'><strong>vidit</strong></span> <span class='ocrx_word' id='word_1_697' title='bbox 3026 3039 3331 3111; x_wconf 82' lang='lat' dir='ltr'><strong>Magistrum</strong></span> <span class='ocrx_word' id='word_1_698' title='bbox 3355 3041 3552 3106; x_wconf 86' lang='lat' dir='ltr'><strong>solum,</strong></span> 
     </span>
    </p>
   </div>
   <div class='ocr_carea' id='block_1_89' title="bbox 1973 3131 3557 3201">
    <p class='ocr_par' dir='ltr' id='par_1_89' title="bbox 1973 3131 3557 3201">
     <span class='ocr_line' id='line_1_89' title="bbox 1973 3131 3557 3201; baseline -0.001 -15"><span class='ocrx_word' id='word_1_699' title='bbox 1973 3141 2176 3187; x_wconf 84' lang='lat' dir='ltr'><strong>tantum</strong></span> <span class='ocrx_word' id='word_1_700' title='bbox 2199 3132 2417 3192; x_wconf 77' lang='lat' dir='ltr'><strong>exarsit.</strong></span> <span class='ocrx_word' id='word_1_701' title='bbox 2439 3131 2879 3201; x_wconf 88' lang='lat' dir='ltr'><strong>utstrlctogladio</strong></span> <span class='ocrx_word' id='word_1_702' title='bbox 2891 3143 3105 3184; x_wconf 86' lang='lat' dir='ltr'><strong>servum</strong></span> <span class='ocrx_word' id='word_1_703' title='bbox 3129 3132 3470 3199; x_wconf 89' lang='lat' dir='ltr'><strong>percusserit,</strong></span> <span class='ocrx_word' id='word_1_704' title='bbox 3503 3141 3557 3185; x_wconf 86' lang='lat' dir='ltr'><strong>et</strong></span> 
     </span>
    </p>
   </div>
   <div class='ocr_carea' id='block_1_90' title="bbox 1952 3220 3556 3290">
    <p class='ocr_par' dir='ltr' id='par_1_90' title="bbox 1952 3220 3556 3290">
     <span class='ocr_line' id='line_1_90' title="bbox 1952 3220 3556 3290; baseline -0.004 -13"><span class='ocrx_word' id='word_1_705' title='bbox 1952 3223 2261 3277; x_wconf 75' lang='lat' dir='ltr'><strong>auriculam</strong></span> <span class='ocrx_word' id='word_1_706' title='bbox 2286 3222 2589 3285; x_wconf 88' lang='lat' dir='ltr'><strong>absciderit;</strong></span> <span class='ocrx_word' id='word_1_707' title='bbox 2608 3236 2729 3276; x_wconf 91' lang='lat' dir='ltr'><strong>cum</strong></span> <span class='ocrx_word' id='word_1_708' title='bbox 2743 3229 2922 3275; x_wconf 83' lang='lat' dir='ltr'><strong>autem</strong></span> <span class='ocrx_word' id='word_1_709' title='bbox 2940 3220 3109 3289; x_wconf 87' lang='lat' dir='ltr'><strong>magis</strong></span> <span class='ocrx_word' id='word_1_710' title='bbox 3128 3220 3388 3290; x_wconf 83' lang='lat' dir='ltr'><strong>indignari</strong></span> <span class='ocrx_word' id='word_1_711' title='bbox 3405 3230 3457 3273; x_wconf 87' lang='lat' dir='ltr'><strong>et</strong></span> <span class='ocrx_word' id='word_1_712' title='bbox 3474 3221 3556 3273; x_wconf 83' lang='lat' dir='ltr'><strong>iu-</strong></span> 
     </span>
    </p>
   </div>
   <div class='ocr_carea' id='block_1_91' title="bbox 1969 3311 3550 3383">
    <p class='ocr_par' dir='ltr' id='par_1_91' title="bbox 1969 3311 3550 3383">
     <span class='ocr_line' id='line_1_91' title="bbox 1969 3311 3550 3383; baseline 0.001 -17"><span class='ocrx_word' id='word_1_713' title='bbox 1969 3314 2121 3368; x_wconf 88' lang='lat' dir='ltr'><strong>ccndi</strong></span> <span class='ocrx_word' id='word_1_714' title='bbox 2159 3330 2255 3383; x_wconf 90' lang='lat' dir='ltr'><strong>par</strong></span> <span class='ocrx_word' id='word_1_715' title='bbox 2278 3322 2393 3367; x_wconf 87' lang='lat' dir='ltr'><strong>erat</strong></span> <span class='ocrx_word' id='word_1_716' title='bbox 2422 3355 2435 3375; x_wconf 90' lang='lat'><strong>,</strong></span> <span class='ocrx_word' id='word_1_717' title='bbox 2467 3322 2610 3367; x_wconf 88' lang='lat' dir='ltr'><strong>tanta</strong></span> <span class='ocrx_word' id='word_1_718' title='bbox 2637 3312 2859 3367; x_wconf 86' lang='lat' dir='ltr'><strong>audiens</strong></span> <span class='ocrx_word' id='word_1_719' title='bbox 2888 3311 3128 3366; x_wconf 86' lang='lat' dir='ltr'><strong>convicia</strong></span> <span class='ocrx_word' id='word_1_720' title='bbox 3158 3353 3173 3376; x_wconf 89' lang='lat'><strong>,</strong></span> <span class='ocrx_word' id='word_1_721' title='bbox 3217 3322 3342 3367; x_wconf 88' lang='lat' dir='ltr'><strong>tunc</strong></span> <span class='ocrx_word' id='word_1_722' title='bbox 3370 3321 3550 3382; x_wconf 86' lang='lat' dir='ltr'><strong>negat.</strong></span> 
     </span>
    </p>
   </div>
   <div class='ocr_carea' id='block_1_92' title="bbox 1966 3401 3553 3473">
    <p class='ocr_par' dir='ltr' id='par_1_92' title="bbox 1966 3401 3553 3473">
     <span class='ocr_line' id='line_1_92' title="bbox 1966 3401 3553 3473; baseline 0.001 -17"><span class='ocrx_word' id='word_1_723' title='bbox 1966 3402 2128 3471; x_wconf 84' lang='lat' dir='ltr'><strong>Cujus</strong></span> <span class='ocrx_word' id='word_1_724' title='bbox 2149 3404 2288 3457; x_wconf 90' lang='lat' dir='ltr'><strong>enim</strong></span> <span class='ocrx_word' id='word_1_725' title='bbox 2317 3401 2550 3456; x_wconf 71' lang='lat' dir='ltr'><strong>lurorem</strong></span> <span class='ocrx_word' id='word_1_726' title='bbox 2578 3417 2685 3455; x_wconf 90' lang='lat' dir='ltr'><strong>non</strong></span> <span class='ocrx_word' id='word_1_727' title='bbox 2709 3401 3019 3455; x_wconf 81' lang='lat' dir='ltr'><strong>incitassent</strong></span> <span class='ocrx_word' id='word_1_728' title='bbox 3048 3414 3108 3455; x_wconf 92' lang='lat' dir='ltr'><strong>ea</strong></span> <span class='ocrx_word' id='word_1_729' title='bbox 3141 3415 3260 3471; x_wconf 72' lang='lat' dir='ltr'><strong>qua:</strong></span> <span class='ocrx_word' id='word_1_730' title='bbox 3290 3410 3400 3455; x_wconf 91' lang='lat' dir='ltr'><strong>tum</strong></span> <span class='ocrx_word' id='word_1_731' title='bbox 3424 3418 3553 3473; x_wconf 84' lang='lat' dir='ltr'><strong>age-</strong></span> 
     </span>
    </p>
   </div>
   <div class='ocr_carea' id='block_1_93' title="bbox 1968 3493 3552 3565">
    <p class='ocr_par' dir='ltr' id='par_1_93' title="bbox 1968 3493 3552 3565">
     <span class='ocr_line' id='line_1_93' title="bbox 1968 3493 3552 3565; baseline 0.001 -18"><span class='ocrx_word' id='word_1_732' title='bbox 1968 3493 2205 3549; x_wconf 87' lang='lat' dir='ltr'><strong>bantur?</strong></span> <span class='ocrx_word' id='word_1_733' title='bbox 2235 3495 2483 3549; x_wconf 85' lang='lat' dir='ltr'><strong>Altamen</strong></span> <span class='ocrx_word' id='word_1_734' title='bbox 2512 3495 2702 3548; x_wconf 90' lang='lat' dir='ltr'><strong>timore</strong></span> <span class='ocrx_word' id='word_1_735' title='bbox 2728 3494 2897 3549; x_wconf 89' lang='lat' dir='ltr'><strong>victus</strong></span> <span class='ocrx_word' id='word_1_736' title='bbox 2923 3494 3212 3565; x_wconf 82' lang='lat' dir='ltr'><strong>discipulus</strong></span> <span class='ocrx_word' id='word_1_737' title='bbox 3239 3511 3345 3550; x_wconf 91' lang='lat' dir='ltr'><strong>non</strong></span> <span class='ocrx_word' id='word_1_738' title='bbox 3390 3496 3552 3552; x_wconf 90' lang='lat' dir='ltr'><strong>modo</strong></span> 
     </span>
    </p>
   </div>
   <div class='ocr_carea' id='block_1_94' title="bbox 1966 3583 3547 3655">
    <p class='ocr_par' dir='ltr' id='par_1_94' title="bbox 1966 3583 3547 3655">
     <span class='ocr_line' id='line_1_94' title="bbox 1966 3583 3547 3655; baseline 0.003 -18"><span class='ocrx_word' id='word_1_739' title='bbox 1966 3600 2072 3638; x_wconf 88' lang='lat' dir='ltr'><strong>non</strong></span> <span class='ocrx_word' id='word_1_740' title='bbox 2104 3584 2523 3653; x_wconf 85' lang='lat' dir='ltr'><strong>indignationem</strong></span> <span class='ocrx_word' id='word_1_741' title='bbox 2549 3584 2751 3653; x_wconf 83' lang='lat' dir='ltr'><strong>profert</strong></span> <span class='ocrx_word' id='word_1_742' title='bbox 2778 3625 2792 3650; x_wconf 95' lang='lat'><strong>,</strong></span> <span class='ocrx_word' id='word_1_743' title='bbox 2824 3583 2917 3638; x_wconf 87' lang='lat' dir='ltr'><strong>sed</strong></span> <span class='ocrx_word' id='word_1_744' title='bbox 2948 3584 3108 3639; x_wconf 88' lang='lat' dir='ltr'><strong>etiam</strong></span> <span class='ocrx_word' id='word_1_745' title='bbox 3138 3594 3334 3655; x_wconf 83' lang='lat' dir='ltr'><strong>negat,</strong></span> <span class='ocrx_word' id='word_1_746' title='bbox 3358 3600 3421 3642; x_wconf 87' lang='lat' dir='ltr'><strong>ac</strong></span> <span class='ocrx_word' id='word_1_747' title='bbox 3445 3587 3547 3641; x_wconf 73' lang='grc' dir='ltr'><strong>[ηἰ-</strong></span> 
     </span>
    </p>
   </div>
   <div class='ocr_carea' id='block_1_95' title="bbox 1964 3672 3550 3743">
    <p class='ocr_par' dir='ltr' id='par_1_95' title="bbox 1964 3672 3550 3743">
     <span class='ocr_line' id='line_1_95' title="bbox 1964 3672 3550 3743; baseline 0.003 -17"><span class='ocrx_word' id='word_1_748' title='bbox 1964 3689 2100 3727; x_wconf 67' lang='lat' dir='ltr'><strong>serae</strong></span> <span class='ocrx_word' id='word_1_749' title='bbox 2154 3673 2381 3742; x_wconf 88' lang='lat' dir='ltr'><strong>vilisque</strong></span> <span class='ocrx_word' id='word_1_750' title='bbox 2432 3673 2625 3743; x_wconf 79' lang='lat' dir='ltr'><strong>puellae</strong></span> <span class='ocrx_word' id='word_1_751' title='bbox 2676 3673 2847 3727; x_wconf 87' lang='lat' dir='ltr'><strong>minas</strong></span> <span class='ocrx_word' id='word_1_752' title='bbox 2898 3690 3002 3727; x_wconf 87' lang='lat' dir='ltr'><strong>non</strong></span> <span class='ocrx_word' id='word_1_753' title='bbox 3051 3672 3199 3737; x_wconf 81' lang='lat' dir='ltr'><strong>fert;</strong></span> <span class='ocrx_word' id='word_1_754' title='bbox 3242 3677 3550 3732; x_wconf 13' lang='lat' dir='ltr'><strong>neclsemel</strong></span> 
     </span>
    </p>
   </div>
   <div class='ocr_carea' id='block_1_96' title="bbox 1964 3762 3549 3849">
    <p class='ocr_par' dir='ltr' id='par_1_96' title="bbox 1964 3762 3549 3849">
     <span class='ocr_line' id='line_1_96' title="bbox 1964 3762 3549 3849; baseline 0.002 -33"><span class='ocrx_word' id='word_1_755' title='bbox 1964 3764 2159 3828; x_wconf 91' lang='lat' dir='ltr'><strong>solum,</strong></span> <span class='ocrx_word' id='word_1_756' title='bbox 2188 3762 2281 3818; x_wconf 91' lang='lat' dir='ltr'><strong>scd</strong></span> <span class='ocrx_word' id='word_1_757' title='bbox 2309 3764 2469 3818; x_wconf 90' lang='lat' dir='ltr'><strong>etiam</strong></span> <span class='ocrx_word' id='word_1_758' title='bbox 2492 3762 2727 3817; x_wconf 87' lang='lat' dir='ltr'><strong>secundo</strong></span> <span class='ocrx_word' id='word_1_759' title='bbox 2747 3771 2797 3817; x_wconf 91' lang='lat' dir='ltr'><strong>et</strong></span> <span class='ocrx_word' id='word_1_760' title='bbox 2824 3763 2981 3817; x_wconf 85' lang='lat' dir='ltr'><strong>tertio</strong></span> <span class='ocrx_word' id='word_1_761' title='bbox 3010 3770 3168 3849; x_wconf 76' lang='lat' dir='ltr'><strong>negat</strong></span> <span class='ocrx_word' id='word_1_762' title='bbox 3190 3804 3206 3829; x_wconf 90' lang='lat'><strong>,</strong></span> <span class='ocrx_word' id='word_1_763' title='bbox 3241 3764 3399 3843; x_wconf 68' lang='lat' dir='ltr'><strong>idque</strong></span> <span class='ocrx_word' id='word_1_764' title='bbox 3424 3766 3549 3819; x_wconf 88' lang='lat' dir='ltr'><strong>bre-</strong></span> 
     </span>
    </p>
   </div>
   <div class='ocr_carea' id='block_1_97' title="bbox 1967 3852 3547 3924">
    <p class='ocr_par' dir='ltr' id='par_1_97' title="bbox 1967 3852 3547 3924">
     <span class='ocr_line' id='line_1_97' title="bbox 1967 3852 3547 3924; baseline 0.004 -21"><span class='ocrx_word' id='word_1_765' title='bbox 1967 3855 2013 3908; x_wconf 72' lang='lat' dir='ltr'><strong>vi</strong></span> <span class='ocrx_word' id='word_1_766' title='bbox 2070 3864 2308 3924; x_wconf 85' lang='lat' dir='ltr'><strong>tempore</strong></span> <span class='ocrx_word' id='word_1_767' title='bbox 2338 3871 2350 3907; x_wconf 93' lang='lat'><strong>:</strong></span> <span class='ocrx_word' id='word_1_768' title='bbox 2382 3868 2486 3908; x_wconf 89' lang='lat' dir='ltr'><strong>non</strong></span> <span class='ocrx_word' id='word_1_769' title='bbox 2517 3868 2697 3908; x_wconf 88' lang='lat' dir='ltr'><strong>coram</strong></span> <span class='ocrx_word' id='word_1_770' title='bbox 2734 3852 3005 3922; x_wconf 78' lang='lat' dir='ltr'><strong>judicihns</strong></span> <span class='ocrx_word' id='word_1_771' title='bbox 3029 3893 3045 3919; x_wconf 91' lang='lat'><strong>,</strong></span> <span class='ocrx_word' id='word_1_772' title='bbox 3079 3869 3198 3907; x_wconf 88' lang='lat' dir='ltr'><strong>nam</strong></span> <span class='ocrx_word' id='word_1_773' title='bbox 3232 3853 3363 3907; x_wconf 85' lang='lat' dir='ltr'><strong>foris</strong></span> <span class='ocrx_word' id='word_1_774' title='bbox 3392 3867 3547 3909; x_wconf 89' lang='lat' dir='ltr'><strong>erat:</strong></span> 
     </span>
    </p>
   </div>
   <div class='ocr_carea' id='block_1_98' title="bbox 1965 3945 3545 4017">
    <p class='ocr_par' dir='ltr' id='par_1_98' title="bbox 1965 3945 3545 4017">
     <span class='ocr_line' id='line_1_98' title="bbox 1965 3945 3545 4017; baseline 0 -15"><span class='ocrx_word' id='word_1_775' title='bbox 1965 3948 2138 4017; x_wconf 91' lang='lat' dir='ltr'><strong>ipsum</strong></span> <span class='ocrx_word' id='word_1_776' title='bbox 2160 3948 2301 4002; x_wconf 90' lang='lat' dir='ltr'><strong>enim</strong></span> <span class='ocrx_word' id='word_1_777' title='bbox 2330 3961 2603 4015; x_wconf 88' lang='lat' dir='ltr'><strong>egressum</strong></span> <span class='ocrx_word' id='word_1_778' title='bbox 2629 3945 2698 4000; x_wconf 88' lang='lat' dir='ltr'><strong>ad</strong></span> <span class='ocrx_word' id='word_1_779' title='bbox 2740 3945 3062 4000; x_wconf 85' lang='lat' dir='ltr'><strong>vestibulum</strong></span> <span class='ocrx_word' id='word_1_780' title='bbox 3108 3946 3503 4015; x_wconf 89' lang='lat' dir='ltr'><strong>interrogaruut</strong></span> <span class='ocrx_word' id='word_1_781' title='bbox 3529 3964 3545 4002; x_wconf 92' lang='lat'><strong>:</strong></span> 
     </span>
    </p>
   </div>
   <div class='ocr_carea' id='block_1_99' title="bbox 1964 4036 3546 4110">
    <p class='ocr_par' dir='ltr' id='par_1_99' title="bbox 1964 4036 3546 4110">
     <span class='ocr_line' id='line_1_99' title="bbox 1964 4036 3546 4110; baseline -0.001 -16"><span class='ocrx_word' id='word_1_782' title='bbox 1964 4055 2134 4110; x_wconf 91' lang='lat' dir='ltr'><strong>neque</strong></span> <span class='ocrx_word' id='word_1_783' title='bbox 2157 4039 2336 4093; x_wconf 86' lang='lat' dir='ltr'><strong>statim</strong></span> <span class='ocrx_word' id='word_1_784' title='bbox 2356 4038 2558 4109; x_wconf 91' lang='lat' dir='ltr'><strong>lapsum</strong></span> <span class='ocrx_word' id='word_1_785' title='bbox 2581 4048 2733 4092; x_wconf 78' lang='lat' dir='ltr'><strong>Suum</strong></span> <span class='ocrx_word' id='word_1_786' title='bbox 2755 4037 2937 4091; x_wconf 80' lang='lat' dir='ltr'><strong>sensit.</strong></span> <span class='ocrx_word' id='word_1_787' title='bbox 2956 4036 3106 4104; x_wconf 85' lang='lat' dir='ltr'><strong>Quod</strong></span> <span class='ocrx_word' id='word_1_788' title='bbox 3125 4046 3177 4092; x_wconf 91' lang='lat' dir='ltr'><strong>et</strong></span> <span class='ocrx_word' id='word_1_789' title='bbox 3202 4036 3374 4091; x_wconf 80' lang='lat' dir='ltr'><strong>Lucas</strong></span> <span class='ocrx_word' id='word_1_790' title='bbox 3393 4036 3546 4109; x_wconf 78' lang='lat' dir='ltr'><strong>(Cap.</strong></span> 
     </span>
    </p>
   </div>
   <div class='ocr_carea' id='block_1_100' title="bbox 1960 4125 3548 4202">
    <p class='ocr_par' dir='ltr' id='par_1_100' title="bbox 1960 4125 3548 4202">
     <span class='ocr_line' id='line_1_100' title="bbox 1960 4125 3548 4202; baseline 0 -15"><span class='ocrx_word' id='word_1_791' title='bbox 1960 4132 2051 4187; x_wconf 68' lang='lat'><strong>22.</strong></span> <span class='ocrx_word' id='word_1_792' title='bbox 2082 4133 2218 4202; x_wconf 86' lang='grc'><strong>61),</strong></span> <span class='ocrx_word' id='word_1_793' title='bbox 2263 4125 2410 4198; x_wconf 84' lang='lat' dir='ltr'><strong>dicit,</strong></span> <span class='ocrx_word' id='word_1_794' title='bbox 2451 4131 2700 4186; x_wconf 90' lang='lat' dir='ltr'><strong>nimirum</strong></span> <span class='ocrx_word' id='word_1_795' title='bbox 2736 4129 2966 4199; x_wconf 80' lang='lat' dir='ltr'><strong>respexit</strong></span> <span class='ocrx_word' id='word_1_796' title='bbox 3006 4128 3056 4183; x_wconf 90' lang='lat' dir='ltr'><strong>in</strong></span> <span class='ocrx_word' id='word_1_797' title='bbox 3106 4131 3253 4185; x_wconf 90' lang='lat' dir='ltr'><strong>illum</strong></span> <span class='ocrx_word' id='word_1_798' title='bbox 3301 4129 3548 4187; x_wconf 84' lang='lat' dir='ltr'><strong>Christus</strong></span> 
     </span>
    </p>
   </div>
   <div class='ocr_carea' id='block_1_101' title="bbox 1960 4220 3541 4293">
    <p class='ocr_par' dir='ltr' id='par_1_101' title="bbox 1960 4220 3541 4293">
     <span class='ocr_line' id='line_1_101' title="bbox 1960 4220 3541 4293; baseline 0 -16"><span class='ocrx_word' id='word_1_799' title='bbox 1960 4224 2252 4280; x_wconf 90' lang='lat' dir='ltr'><strong>ostendens</strong></span> <span class='ocrx_word' id='word_1_800' title='bbox 2280 4224 2448 4293; x_wconf 91' lang='lat' dir='ltr'><strong>ipsum</strong></span> <span class='ocrx_word' id='word_1_801' title='bbox 2480 4234 2586 4278; x_wconf 87' lang='lat' dir='ltr'><strong>non</strong></span> <span class='ocrx_word' id='word_1_802' title='bbox 2633 4220 2793 4277; x_wconf 82' lang='lat' dir='ltr'><strong>modo</strong></span> <span class='ocrx_word' id='word_1_803' title='bbox 2842 4222 3115 4291; x_wconf 85' lang='lat' dir='ltr'><strong>negavisse</strong></span> <span class='ocrx_word' id='word_1_804' title='bbox 3146 4264 3163 4290; x_wconf 94' lang='lat'><strong>,</strong></span> <span class='ocrx_word' id='word_1_805' title='bbox 3192 4222 3306 4287; x_wconf 85' lang='lat' dir='ltr'><strong>sed</strong></span> <span class='ocrx_word' id='word_1_806' title='bbox 3337 4223 3496 4278; x_wconf 86' lang='lat' dir='ltr'><strong>etiam</strong></span> <span class='ocrx_word' id='word_1_807' title='bbox 3526 4266 3541 4284; x_wconf 90' lang='lat'><strong>.</strong></span> 
     </span>
    </p>
   </div>
   <div class='ocr_carea' id='block_1_102' title="bbox 1961 4312 3545 4384">
    <p class='ocr_par' dir='ltr' id='par_1_102' title="bbox 1961 4312 3545 4384">
     <span class='ocr_line' id='line_1_102' title="bbox 1961 4312 3545 4384; baseline 0.001 -16"><span class='ocrx_word' id='word_1_808' title='bbox 1961 4322 2212 4369; x_wconf 84' lang='lat' dir='ltr'><strong>cantante</strong></span> <span class='ocrx_word' id='word_1_809' title='bbox 2235 4315 2353 4369; x_wconf 90' lang='lat' dir='ltr'><strong>licet</strong></span> <span class='ocrx_word' id='word_1_810' title='bbox 2383 4313 2523 4384; x_wconf 87' lang='lat' dir='ltr'><strong>gallo</strong></span> <span class='ocrx_word' id='word_1_811' title='bbox 2554 4355 2569 4379; x_wconf 96' lang='lat'><strong>,</strong></span> <span class='ocrx_word' id='word_1_812' title='bbox 2601 4312 2807 4382; x_wconf 90' lang='lat' dir='ltr'><strong>lapsum</strong></span> <span class='ocrx_word' id='word_1_813' title='bbox 2833 4327 2985 4366; x_wconf 91' lang='lat' dir='ltr'><strong>suum</strong></span> <span class='ocrx_word' id='word_1_814' title='bbox 3018 4328 3123 4367; x_wconf 92' lang='lat' dir='ltr'><strong>non</strong></span> <span class='ocrx_word' id='word_1_815' title='bbox 3152 4314 3420 4379; x_wconf 89' lang='lat' dir='ltr'><strong>sensisse,</strong></span> <span class='ocrx_word' id='word_1_816' title='bbox 3449 4316 3545 4370; x_wconf 84' lang='lat' dir='ltr'><strong>sed</strong></span> 
     </span>
    </p>
   </div>
   <div class='ocr_carea' id='block_1_103' title="bbox 1962 4402 3545 4474">
    <p class='ocr_par' dir='ltr' id='par_1_103' title="bbox 1962 4402 3545 4474">
     <span class='ocr_line' id='line_1_103' title="bbox 1962 4402 3545 4474; baseline 0 -14"><span class='ocrx_word' id='word_1_817' title='bbox 1962 4407 2167 4461; x_wconf 89' lang='lat' dir='ltr'><strong>monitu</strong></span> <span class='ocrx_word' id='word_1_818' title='bbox 2216 4404 2451 4471; x_wconf 77' lang='lat' dir='ltr'><strong>Magistri</strong></span> <span class='ocrx_word' id='word_1_819' title='bbox 2482 4414 2617 4473; x_wconf 87' lang='lat' dir='ltr'><strong>opus</strong></span> <span class='ocrx_word' id='word_1_820' title='bbox 2664 4402 2936 4457; x_wconf 89' lang='lat' dir='ltr'><strong>habuisse.</strong></span> <span class='ocrx_word' id='word_1_821' title='bbox 2968 4404 3232 4474; x_wconf 83' lang='lat' dir='ltr'><strong>Aspectus</strong></span> <span class='ocrx_word' id='word_1_822' title='bbox 3273 4406 3393 4472; x_wconf 89' lang='lat' dir='ltr'><strong>ejus</strong></span> <span class='ocrx_word' id='word_1_823' title='bbox 3445 4420 3545 4473; x_wconf 89' lang='lat' dir='ltr'><strong>pro</strong></span> 
     </span>
    </p>
   </div>
   <div class='ocr_carea' id='block_1_104' title="bbox 1960 4493 3544 4564">
    <p class='ocr_par' dir='ltr' id='par_1_104' title="bbox 1960 4493 3544 4564">
     <span class='ocr_line' id='line_1_104' title="bbox 1960 4493 3544 4564; baseline 0.001 -14"><span class='ocrx_word' id='word_1_824' title='bbox 1960 4512 2089 4552; x_wconf 72' lang='lat' dir='ltr'><strong>Voce</strong></span> <span class='ocrx_word' id='word_1_825' title='bbox 2120 4497 2217 4551; x_wconf 79' lang='lat' dir='ltr'><strong>fuit</strong></span> <span class='ocrx_word' id='word_1_826' title='bbox 2240 4539 2255 4561; x_wconf 92' lang='lat'><strong>,</strong></span> <span class='ocrx_word' id='word_1_827' title='bbox 2294 4497 2430 4551; x_wconf 90' lang='lat' dir='ltr'><strong>adeo</strong></span> <span class='ocrx_word' id='word_1_828' title='bbox 2467 4497 2653 4549; x_wconf 85' lang='lat' dir='ltr'><strong>timore</strong></span> <span class='ocrx_word' id='word_1_829' title='bbox 2683 4494 2960 4564; x_wconf 90' lang='lat' dir='ltr'><strong>perculsus</strong></span> <span class='ocrx_word' id='word_1_830' title='bbox 2985 4503 3119 4549; x_wconf 90' lang='lat' dir='ltr'><strong>erat.</strong></span> <span class='ocrx_word' id='word_1_831' title='bbox 3151 4493 3358 4550; x_wconf 82' lang='lat' dir='ltr'><strong>Marcus</strong></span> <span class='ocrx_word' id='word_1_832' title='bbox 3387 4494 3544 4564; x_wconf 84' lang='lat' dir='ltr'><strong>(Cap.</strong></span> 
     </span>
    </p>
   </div>
   <div class='ocr_carea' id='block_1_105' title="bbox 1965 4584 3547 4656">
    <p class='ocr_par' dir='ltr' id='par_1_105' title="bbox 1965 4584 3547 4656">
     <span class='ocr_line' id='line_1_105' title="bbox 1965 4584 3547 4656; baseline -0.003 -12"><span class='ocrx_word' id='word_1_833' title='bbox 1965 4588 2047 4644; x_wconf 75' lang='lat' dir='ltr'><strong>M.</strong></span> <span class='ocrx_word' id='word_1_834' title='bbox 2081 4584 2281 4656; x_wconf 73' lang='lat'><strong>68-72)</strong></span> <span class='ocrx_word' id='word_1_835' title='bbox 2308 4603 2437 4643; x_wconf 88' lang='lat' dir='ltr'><strong>vero</strong></span> <span class='ocrx_word' id='word_1_836' title='bbox 2467 4588 2541 4641; x_wconf 90' lang='lat' dir='ltr'><strong>ait</strong></span> <span class='ocrx_word' id='word_1_837' title='bbox 2566 4628 2583 4651; x_wconf 90' lang='lat'><strong>,</strong></span> <span class='ocrx_word' id='word_1_838' title='bbox 2628 4595 2905 4655; x_wconf 87' lang='lat' dir='ltr'><strong>postquam</strong></span> <span class='ocrx_word' id='word_1_839' title='bbox 2933 4585 3100 4640; x_wconf 89' lang='lat' dir='ltr'><strong>semel</strong></span> <span class='ocrx_word' id='word_1_840' title='bbox 3129 4594 3412 4655; x_wconf 86' lang='lat' dir='ltr'><strong>negasset,</strong></span> <span class='ocrx_word' id='word_1_841' title='bbox 3434 4587 3547 4656; x_wconf 84' lang='lat' dir='ltr'><strong>gal-</strong></span> 
     </span>
    </p>
   </div>
   <div class='ocr_carea' id='block_1_106' title="bbox 1965 4680 3541 4748">
    <p class='ocr_par' dir='ltr' id='par_1_106' title="bbox 1965 4680 3541 4748">
     <span class='ocr_line' id='line_1_106' title="bbox 1965 4680 3541 4748; baseline -0.003 -13"><span class='ocrx_word' id='word_1_842' title='bbox 1965 4683 2067 4736; x_wconf 87' lang='lat' dir='ltr'><strong>lum</strong></span> <span class='ocrx_word' id='word_1_843' title='bbox 2122 4681 2455 4746; x_wconf 89' lang='lat' dir='ltr'><strong>cantavisse,</strong></span> <span class='ocrx_word' id='word_1_844' title='bbox 2510 4687 2789 4748; x_wconf 87' lang='lat' dir='ltr'><strong>postquam</strong></span> <span class='ocrx_word' id='word_1_845' title='bbox 2856 4680 3013 4732; x_wconf 90' lang='lat' dir='ltr'><strong>tertio</strong></span> <span class='ocrx_word' id='word_1_846' title='bbox 3091 4687 3375 4748; x_wconf 76' lang='lat' dir='ltr'><strong>negasset,</strong></span> <span class='ocrx_word' id='word_1_847' title='bbox 3430 4688 3541 4731; x_wconf 92' lang='lat' dir='ltr'><strong>tum</strong></span> 
     </span>
    </p>
   </div>
   <div class='ocr_carea' id='block_1_107' title="bbox 1961 4770 3547 4842">
    <p class='ocr_par' dir='ltr' id='par_1_107' title="bbox 1961 4770 3547 4842">
     <span class='ocr_line' id='line_1_107' title="bbox 1961 4770 3547 4842; baseline -0.002 -14"><span class='ocrx_word' id='word_1_848' title='bbox 1961 4773 2198 4838; x_wconf 75' lang='lat' dir='ltr'><strong>secundo</strong></span> <span class='ocrx_word' id='word_1_849' title='bbox 2219 4772 2516 4827; x_wconf 84' lang='lat' dir='ltr'><strong>cautavisse</strong></span> <span class='ocrx_word' id='word_1_850' title='bbox 2537 4772 2756 4842; x_wconf 87' lang='lat' dir='ltr'><strong>gallum,</strong></span> <span class='ocrx_word' id='word_1_851' title='bbox 2780 4772 3078 4825; x_wconf 87' lang='lat' dir='ltr'><strong>accuratius</strong></span> <span class='ocrx_word' id='word_1_852' title='bbox 3096 4785 3382 4825; x_wconf 85' lang='lat' dir='ltr'><strong>recensens</strong></span> <span class='ocrx_word' id='word_1_853' title='bbox 3400 4770 3547 4825; x_wconf 76' lang='lat' dir='ltr'><strong>infir-</strong></span> 
     </span>
    </p>
   </div>
   <div class='ocr_carea' id='block_1_108' title="bbox 1962 4862 3546 4934">
    <p class='ocr_par' dir='ltr' id='par_1_108' title="bbox 1962 4862 3546 4934">
     <span class='ocr_line' id='line_1_108' title="bbox 1962 4862 3546 4934; baseline -0.002 -14"><span class='ocrx_word' id='word_1_854' title='bbox 1962 4867 2195 4920; x_wconf 88' lang='lat' dir='ltr'><strong>mitatem</strong></span> <span class='ocrx_word' id='word_1_855' title='bbox 2227 4864 2471 4933; x_wconf 89' lang='lat' dir='ltr'><strong>discipuli</strong></span> <span class='ocrx_word' id='word_1_856' title='bbox 2503 4904 2518 4929; x_wconf 94' lang='lat'><strong>,</strong></span> <span class='ocrx_word' id='word_1_857' title='bbox 2573 4863 2659 4933; x_wconf 91' lang='lat' dir='ltr'><strong>qui</strong></span> <span class='ocrx_word' id='word_1_858' title='bbox 2697 4864 2845 4934; x_wconf 88' lang='lat' dir='ltr'><strong>quasi</strong></span> <span class='ocrx_word' id='word_1_859' title='bbox 2885 4872 3125 4917; x_wconf 89' lang='lat' dir='ltr'><strong>mortuus</strong></span> <span class='ocrx_word' id='word_1_860' title='bbox 3167 4871 3282 4918; x_wconf 90' lang='lat' dir='ltr'><strong>erat</strong></span> <span class='ocrx_word' id='word_1_861' title='bbox 3307 4862 3498 4918; x_wconf 89' lang='lat' dir='ltr'><strong>timore</strong></span> <span class='ocrx_word' id='word_1_862' title='bbox 3530 4881 3546 4917; x_wconf 89' lang='lat'><strong>:</strong></span> 
     </span>
    </p>
   </div>
   <div class='ocr_carea' id='block_1_109' title="bbox 1960 4953 3542 5023">
    <p class='ocr_par' dir='ltr' id='par_1_109' title="bbox 1960 4953 3542 5023">
     <span class='ocr_line' id='line_1_109' title="bbox 1960 4953 3542 5023; baseline -0.001 -14"><span class='ocrx_word' id='word_1_863' title='bbox 1960 4964 2013 5009; x_wconf 91' lang='lat' dir='ltr'><strong>et</strong></span> <span class='ocrx_word' id='word_1_864' title='bbox 2045 4954 2145 5010; x_wconf 92' lang='lat' dir='ltr'><strong>hoc</strong></span> <span class='ocrx_word' id='word_1_865' title='bbox 2170 4954 2380 5009; x_wconf 84' lang='lat' dir='ltr'><strong>Marcus</strong></span> <span class='ocrx_word' id='word_1_866' title='bbox 2411 4970 2440 5008; x_wconf 90' lang='lat' dir='ltr'><strong>a</strong></span> <span class='ocrx_word' id='word_1_867' title='bbox 2466 4955 2723 5023; x_wconf 87' lang='lat' dir='ltr'><strong>magistro</strong></span> <span class='ocrx_word' id='word_1_868' title='bbox 2753 4968 2851 5009; x_wconf 91' lang='lat' dir='ltr'><strong>suo</strong></span> <span class='ocrx_word' id='word_1_869' title='bbox 2872 4954 3056 5009; x_wconf 89' lang='lat' dir='ltr'><strong>didicit</strong></span> <span class='ocrx_word' id='word_1_870' title='bbox 3081 4995 3096 5019; x_wconf 93' lang='lat'><strong>,</strong></span> <span class='ocrx_word' id='word_1_871' title='bbox 3129 4964 3245 5007; x_wconf 85' lang='lat' dir='ltr'><strong>erat</strong></span> <span class='ocrx_word' id='word_1_872' title='bbox 3272 4954 3414 5009; x_wconf 89' lang='lat' dir='ltr'><strong>enim</strong></span> <span class='ocrx_word' id='word_1_873' title='bbox 3441 4953 3542 5008; x_wconf 82' lang='lat' dir='ltr'><strong>Pe-</strong></span> 
     </span>
    </p>
   </div>
   <div class='ocr_carea' id='block_1_110' title="bbox 1962 5044 3542 5115">
    <p class='ocr_par' dir='ltr' id='par_1_110' title="bbox 1962 5044 3542 5115">
     <span class='ocr_line' id='line_1_110' title="bbox 1962 5044 3542 5115; baseline 0 -16"><span class='ocrx_word' id='word_1_874' title='bbox 1962 5046 2025 5099; x_wconf 92' lang='lat' dir='ltr'><strong>tri</strong></span> <span class='ocrx_word' id='word_1_875' title='bbox 2053 5045 2369 5115; x_wconf 86' lang='lat' dir='ltr'><strong>discipulus.</strong></span> <span class='ocrx_word' id='word_1_876' title='bbox 2394 5046 2512 5111; x_wconf 88' lang='lat' dir='ltr'><strong>Quo</strong></span> <span class='ocrx_word' id='word_1_877' title='bbox 2538 5045 2706 5112; x_wconf 84' lang='lat' dir='ltr'><strong>magis</strong></span> <span class='ocrx_word' id='word_1_878' title='bbox 2732 5044 3079 5098; x_wconf 89' lang='lat' dir='ltr'><strong>admirandus</strong></span> <span class='ocrx_word' id='word_1_879' title='bbox 3101 5054 3182 5098; x_wconf 88' lang='lat' dir='ltr'><strong>est</strong></span> <span class='ocrx_word' id='word_1_880' title='bbox 3209 5084 3225 5109; x_wconf 95' lang='lat'><strong>,</strong></span> <span class='ocrx_word' id='word_1_881' title='bbox 3258 5044 3401 5115; x_wconf 91' lang='lat' dir='ltr'><strong>quod</strong></span> <span class='ocrx_word' id='word_1_882' title='bbox 3434 5060 3542 5099; x_wconf 89' lang='lat' dir='ltr'><strong>nou</strong></span> 
     </span>
    </p>
   </div>
   <div class='ocr_carea' id='block_1_111' title="bbox 1962 5132 3542 5205">
    <p class='ocr_par' dir='ltr' id='par_1_111' title="bbox 1962 5132 3542 5205">
     <span class='ocr_line' id='line_1_111' title="bbox 1962 5132 3542 5205; baseline -0.001 -16"><span class='ocrx_word' id='word_1_883' title='bbox 1962 5136 2120 5189; x_wconf 84' lang='lat' dir='ltr'><strong>modo</strong></span> <span class='ocrx_word' id='word_1_884' title='bbox 2153 5136 2391 5205; x_wconf 85' lang='lat' dir='ltr'><strong>magistri</strong></span> <span class='ocrx_word' id='word_1_885' title='bbox 2420 5134 2621 5204; x_wconf 89' lang='lat' dir='ltr'><strong>lapsum</strong></span> <span class='ocrx_word' id='word_1_886' title='bbox 2651 5150 2755 5191; x_wconf 89' lang='lat' dir='ltr'><strong>non</strong></span> <span class='ocrx_word' id='word_1_887' title='bbox 2786 5134 3066 5199; x_wconf 85' lang='lat' dir='ltr'><strong>celaverit,</strong></span> <span class='ocrx_word' id='word_1_888' title='bbox 3090 5132 3185 5188; x_wconf 89' lang='lat' dir='ltr'><strong>sed</strong></span> <span class='ocrx_word' id='word_1_889' title='bbox 3202 5133 3353 5204; x_wconf 73' lang='lat' dir='ltr'><strong>quod</strong></span> <span class='ocrx_word' id='word_1_890' title='bbox 3381 5135 3542 5190; x_wconf 84' lang='lat' dir='ltr'><strong>etiam</strong></span> 
     </span>
    </p>
   </div>
   <div class='ocr_carea' id='block_1_112' title="bbox 1958 5225 3543 5297">
    <p class='ocr_par' dir='ltr' id='par_1_112' title="bbox 1958 5225 3543 5297">
     <span class='ocr_line' id='line_1_112' title="bbox 1958 5225 3543 5297; baseline -0.003 -15"><span class='ocrx_word' id='word_1_891' title='bbox 1958 5229 2151 5282; x_wconf 85' lang='lat' dir='ltr'><strong>clarius</strong></span> <span class='ocrx_word' id='word_1_892' title='bbox 2180 5243 2337 5297; x_wconf 89' lang='lat' dir='ltr'><strong>quam</strong></span> <span class='ocrx_word' id='word_1_893' title='bbox 2359 5226 2450 5281; x_wconf 88' lang='lat' dir='ltr'><strong>alii</strong></span> <span class='ocrx_word' id='word_1_894' title='bbox 2476 5227 2774 5280; x_wconf 86' lang='lat' dir='ltr'><strong>narraverit</strong></span> <span class='ocrx_word' id='word_1_895' title='bbox 2798 5266 2813 5292; x_wconf 95' lang='lat'><strong>,</strong></span> <span class='ocrx_word' id='word_1_896' title='bbox 2846 5239 2912 5280; x_wconf 88' lang='lat' dir='ltr'><strong>eo</strong></span> <span class='ocrx_word' id='word_1_897' title='bbox 2939 5226 3056 5295; x_wconf 92' lang='lat' dir='ltr'><strong>ipso</strong></span> <span class='ocrx_word' id='word_1_898' title='bbox 3077 5225 3216 5295; x_wconf 87' lang='lat' dir='ltr'><strong>quod</strong></span> <span class='ocrx_word' id='word_1_899' title='bbox 3247 5225 3543 5296; x_wconf 89' lang='lat' dir='ltr'><strong>discipulus</strong></span> 
     </span>
    </p>
   </div>
   <div class='ocr_carea' id='block_1_113' title="bbox 1959 5328 2124 5373">
    <p class='ocr_par' dir='ltr' id='par_1_113' title="bbox 1959 5328 2124 5373">
     <span class='ocr_line' id='line_1_113' title="bbox 1959 5328 2124 5373; baseline -0.006 0"><span class='ocrx_word' id='word_1_900' title='bbox 1959 5328 2124 5373; x_wconf 87' lang='lat' dir='ltr'><strong>esset.</strong></span> 
     </span>
    </p>
   </div>
   <div class='ocr_carea' id='block_1_114' title="bbox 2028 5407 3537 5479">
    <p class='ocr_par' dir='ltr' id='par_1_114' title="bbox 2028 5407 3537 5479">
     <span class='ocr_line' id='line_1_114' title="bbox 2028 5407 3537 5479; baseline 0 -16"><span class='ocrx_word' id='word_1_901' title='bbox 2028 5411 2081 5463; x_wconf 72' lang='grc'><strong>2.</strong></span> <span class='ocrx_word' id='word_1_902' title='bbox 2124 5409 2400 5475; x_wconf 86' lang='lat' dir='ltr'><strong>Quomodo</strong></span> <span class='ocrx_word' id='word_1_903' title='bbox 2437 5409 2593 5478; x_wconf 83' lang='lat' dir='ltr'><strong>igitur</strong></span> <span class='ocrx_word' id='word_1_904' title='bbox 2636 5424 2820 5463; x_wconf 86' lang='lat' dir='ltr'><strong>verum</strong></span> <span class='ocrx_word' id='word_1_905' title='bbox 2850 5409 2946 5462; x_wconf 89' lang='lat' dir='ltr'><strong>erit</strong></span> <span class='ocrx_word' id='word_1_906' title='bbox 2988 5408 3038 5461; x_wconf 87' lang='lat' dir='ltr'><strong>id</strong></span> <span class='ocrx_word' id='word_1_907' title='bbox 3082 5408 3222 5479; x_wconf 87' lang='lat' dir='ltr'><strong>quod</strong></span> <span class='ocrx_word' id='word_1_908' title='bbox 3258 5407 3537 5464; x_wconf 69' lang='lat' dir='ltr'><strong>Matthmus</strong></span> 
     </span>
    </p>
   </div>
   <div class='ocr_carea' id='block_1_115' title="bbox 1960 5498 3538 5568">
    <p class='ocr_par' dir='ltr' id='par_1_115' title="bbox 1960 5498 3538 5568">
     <span class='ocr_line' id='line_1_115' title="bbox 1960 5498 3538 5568; baseline -0.002 -13"><span class='ocrx_word' id='word_1_909' title='bbox 1960 5509 2161 5566; x_wconf 88' lang='lat' dir='ltr'><strong>narrat,</strong></span> <span class='ocrx_word' id='word_1_910' title='bbox 2205 5498 2471 5553; x_wconf 88' lang='lat' dir='ltr'><strong>Christum</strong></span> <span class='ocrx_word' id='word_1_911' title='bbox 2520 5499 2741 5563; x_wconf 75' lang='lat' dir='ltr'><strong>dixiSse,</strong></span> <span class='ocrx_word' id='word_1_912' title='bbox 2789 5498 2945 5552; x_wconf 82' lang='lat' dir='ltr'><strong>Amen</strong></span> <span class='ocrx_word' id='word_1_913' title='bbox 2983 5500 3096 5552; x_wconf 83' lang='lat' dir='ltr'><strong>dico</strong></span> <span class='ocrx_word' id='word_1_914' title='bbox 3133 5499 3240 5560; x_wconf 89' lang='lat' dir='ltr'><strong>tibi.</strong></span> <span class='ocrx_word' id='word_1_915' title='bbox 3270 5508 3538 5568; x_wconf 83' lang='lat' dir='ltr'><strong>antequam</strong></span> 
     </span>
    </p>
   </div>
   <div class='ocr_carea' id='block_1_116' title="bbox 2024 5626 3529 5693">
    <p class='ocr_par' dir='ltr' id='par_1_116' title="bbox 2024 5626 3529 5693">
     <span class='ocr_line' id='line_1_116' title="bbox 2024 5626 3529 5693; baseline -0.001 -13"><span class='ocrx_word' id='word_1_916' title='bbox 2024 5633 2039 5664; x_wconf 77' lang='grc'>⁸</span> <span class='ocrx_word' id='word_1_917' title='bbox 2079 5638 2204 5689; x_wconf 69' lang='lat' dir='ltr'><strong>tunc,</strong></span> <span class='ocrx_word' id='word_1_918' title='bbox 2229 5643 2340 5693; x_wconf 83' lang='lat' dir='ltr'><strong>nant</strong></span> <span class='ocrx_word' id='word_1_919' title='bbox 2377 5628 2573 5693; x_wconf 71' lang='lat' dir='ltr'><strong>loquela</strong></span> <span class='ocrx_word' id='word_1_920' title='bbox 2596 5635 2678 5679; x_wconf 86' lang='lat' dir='ltr'><strong>tua</strong></span> <span class='ocrx_word' id='word_1_921' title='bbox 2700 5627 3005 5693; x_wconf 73' lang='lat' dir='ltr'><strong>immifestmn</strong></span> <span class='ocrx_word' id='word_1_922' title='bbox 3044 5635 3088 5693; x_wconf 75' lang='lat' dir='ltr'><strong>te</strong></span> <span class='ocrx_word' id='word_1_923' title='bbox 3120 5626 3255 5693; x_wconf 69' lang='lat' dir='ltr'><strong>facit,</strong></span> <span class='ocrx_word' id='word_1_924' title='bbox 3278 5628 3529 5693; x_wconf 77' lang='lat' dir='ltr'><strong>desunttn</strong></span> 
     </span>
    </p>
   </div>
   <div class='ocr_carea' id='block_1_117' title="bbox 1952 5689 3540 5755">
    <p class='ocr_par' dir='ltr' id='par_1_117' title="bbox 1952 5689 3540 5755">
     <span class='ocr_line' id='line_1_117' title="bbox 1952 5689 3540 5755; baseline -0.003 -13"><span class='ocrx_word' id='word_1_925' title='bbox 1952 5692 2158 5755; x_wconf 74' lang='lat' dir='ltr'><strong>Savil.et</strong></span> <span class='ocrx_word' id='word_1_926' title='bbox 2179 5691 2365 5752; x_wconf 50' lang='lat' dir='ltr'><strong>Morel,</strong></span> <span class='ocrx_word' id='word_1_927' title='bbox 2387 5689 2475 5740; x_wconf 78' lang='lat' dir='ltr'><strong>sed</strong></span> <span class='ocrx_word' id='word_1_928' title='bbox 2501 5691 2740 5740; x_wconf 73' lang='lat' dir='ltr'><strong>trahentur</strong></span> <span class='ocrx_word' id='word_1_929' title='bbox 2765 5690 2813 5739; x_wconf 91' lang='lat' dir='ltr'><strong>iu</strong></span> <span class='ocrx_word' id='word_1_930' title='bbox 2833 5689 2935 5739; x_wconf 71' lang='lat' dir='ltr'><strong>luss.</strong></span> <span class='ocrx_word' id='word_1_931' title='bbox 2955 5689 3178 5753; x_wconf 80' lang='lat' dir='ltr'><strong>plurimis</strong></span> <span class='ocrx_word' id='word_1_932' title='bbox 3216 5697 3365 5755; x_wconf 82' lang='lat' dir='ltr'><strong>atque</strong></span> <span class='ocrx_word' id='word_1_933' title='bbox 3390 5690 3440 5741; x_wconf 88' lang='lat' dir='ltr'><strong>lu</strong></span> <span class='ocrx_word' id='word_1_934' title='bbox 3462 5692 3540 5745; x_wconf 84' lang='lat' dir='ltr'><strong>hi.</strong></span> 
     </span>
    </p>
   </div>
   <div class='ocr_carea' id='block_1_118' title="bbox 1958 5753 2288 5806">
    <p class='ocr_par' dir='ltr' id='par_1_118' title="bbox 1958 5753 2288 5806">
     <span class='ocr_line' id='line_1_118' title="bbox 1958 5753 2288 5806; baseline -0.006 -1"><span class='ocrx_word' id='word_1_935' title='bbox 1958 5756 2066 5806; x_wconf 68' lang='lat' dir='ltr'><strong>bilis</strong></span> <span class='ocrx_word' id='word_1_936' title='bbox 2089 5753 2288 5804; x_wconf 59' lang='lat' dir='ltr'><strong>Grecis.</strong></span> 
     </span>
    </p>
   </div>
   <div class='ocr_carea' id='block_1_119' title="bbox 3149 5843 3223 5906">
    <p class='ocr_par' dir='ltr' id='par_1_119' title="bbox 3149 5843 3223 5906">
     <span class='ocr_line' id='line_1_119' title="bbox 3149 5843 3223 5906; baseline 0.014 -1"><span class='ocrx_word' id='word_1_937' title='bbox 3149 5843 3223 5906; x_wconf 81' lang='lat' dir='ltr'><strong>i9</strong></span> 
     </span>
    </p>
   </div>
  </div>
