4068 6214
542 348 642 400 739
1207 342 1262 396 S.
1304 341 1379 396 30
1398 339 1583 396 \NNiS
1619 334 2120 396 CHllYSOSTOMl.
2162 332 2482 390 ARCHIEP.
2518 331 3053 391 CONSTANTINOP.

537 462 704 529 gallus
739 465 903 511 cantet
926 498 940 522 ,
967 466 1040 509 ter
1066 471 1145 509 me
1172 456 1415 524 negabis?
1442 469 1561 508 cum
1596 453 1803 507 Marcus
1828 451 1971 505 dicat
1997 458 2118 518 post

539 548 750 603 tertiam
782 547 1115 616 negationem
1145 545 1340 615 gallum
1383 543 1620 598 secundo
1648 543 1987 598 cantavisse‘!
2009 539 2115 595 Sed

543 640 657 692 ha-c
678 636 964 691 admodum
1013 652 1135 689 vera
1167 643 1221 690 et
1250 650 1484 690 consona
1512 644 1656 688 sunt.
1686 634 1819 699 Quia
1844 632 1986 687 enim
2012 631 2120 684 siu-

534 730 673 800 gulis
699 730 901 784 vicibus
926 729 1061 783 solet
1089 729 1258 799 gallus
1288 740 1368 781 ter
1393 737 1688 799 quaterque
1712 735 1947 788 cantare,
1978 724 2118 778 Mar-

537 836 631 877 cus
662 820 713 875 id
735 820 883 887 dicit,
917 830 973 874 ut
1013 819 1247 874 declaret
1282 833 1387 872 non
1418 832 1603 872 vocem
1654 817 1796 871 illam
1829 820 1998 885 ipsum
2030 830 2119 867 re-
2164 866 2171 873 ,

542 910 777 975 tiuuisse,
815 920 869 965 et
892 910 959 964 ad
1000 920 1233 965 mentem
1281 923 1580 964 revocasse.
1624 907 1805 978 Itaque
1837 916 2121 974 utrumque

541 1018 722 1058 verum
770 1012 875 1059 est.
919 1002 1232 1072 Priusquam
1277 1002 1419 1057 enim
1469 1001 1640 1071 gallus
1680 1000 1907 1069 primam
1948 996 2118 1050 vicem

537 1098 897 1167 explevisset,
927 1104 1011 1151 ter
1041 1097 1270 1165 negavit.
1300 1095 1471 1162 Atque
1495 1108 1527 1146 a
1555 1092 1766 1145 Christo
1803 1090 1868 1143 de
1903 1096 2122 1158 peccato

537 1188 793 1251 monitus,
819 1202 924 1242 non
952 1200 1114 1241 ausus
1139 1194 1220 1239 est
1256 1184 1426 1254 palam
1455 1183 1603 1246 flere,
1630 1198 1697 1236 ne
1729 1196 1823 1250 per
1853 1181 2117 1250 lacrymas

537 1289 877 1334 accusaretur
926 1296 940 1332 :
986 1278 1080 1332 sed
1112 1277 1359 1347 Egressus
1408 1279 1545 1346 foras
1573 1274 1709 1345 ﬂevit
1742 1288 1933 1328 amare.
1964 1270 2117 1341 (Cap.

540 1366 631 1421 97.
675 1367 727 1422 l.
868 1369 1171 1422 Adveniente
1194 1377 1360 1421 autem
1385 1367 1466 1421 die
1494 1366 1687 1419 ducunt
1729 1364 1907 1419 .Iesum
1934 1380 1965 1417 a
1998 1361 2119 1418 Cai-

538 1461 642 1529 pha
675 1459 743 1513 ad
782 1458 1034 1513 Pilatum.
1065 1458 1195 1526 Quia
1226 1458 1366 1512 enim
1390 1457 1536 1511 illum
1568 1454 1813 1511 occidere
1851 1454 2118 1519 volebant,

540 1566 639 1604 nec
677 1559 921 1620 poterant
960 1549 1029 1602 ob
1063 1547 1277 1608 festum,
1332 1548 1396 1600 ad
1454 1545 1732 1616 praesidem
1779 1543 1998 1599 ducunt.
2044 1543 2120 1597 Tu

538 1656 667 1694 vero
697 1640 822 1693 mihi
849 1639 1156 1694 consideres
1179 1637 1449 1708 quomodo
1492 1651 1579 1691 res
1609 1635 1951 1707 processerit,
1985 1644 2044 1689 ut
2066 1634 2117 1688 in

541 1729 676 1783 festo
704 1744 793 1784 res
820 1730 968 1783 lleret
1001 1747 1013 1783 :
1058 1730 1135 1783 sic
1172 1730 1314 1783 enim
1364 1742 1597 1793 superne
1623 1726 1895 1782 definitum
1928 1726 2116 1780 fuerat.

538 1820 592 1874 2.
621 1820 764 1874 Tunc
786 1821 954 1874 videns
968 1820 999 1872 J
1008 1820 1153 1885 udas,
1180 1819 1265 1888 qui
1286 1819 1559 1874 tradiderat
1580 1834 1713 1881 eum,
1732 1817 1867 1887 quod
1886 1817 2120 1871 condem-

539 1926 688 1970 natus
705 1923 828 1968 esset
852 1955 865 1978 ,
894 1915 1184 1984 ptenitentia
1211 1914 1393 1967 ductus
1419 1914 1585 1967 retulit
1608 1912 1815 1983 triginta
1837 1921 2117 1983 argenteos.

540 2007 651 2062 lloc
682 2006 838 2075 hujus
858 2017 912 2061 et
951 2007 1160 2060 illorum
1182 2006 1387 2061 crimen
1418 2013 1575 2075 auget
1601 2023 1615 2059 :
1641 2004 1817 2073 hujus,
1842 2019 1948 2059 non
1979 2004 2120 2072 quod

541 2098 846 2166 paenitentia
876 2097 1064 2151 ductus
1094 2098 1202 2163 sit,
1255 2096 1349 2151 sed
1390 2095 1532 2165 quod
1578 2094 1795 2157 tardius.
1838 2103 1894 2149 et
1938 2110 1996 2149 se
2024 2109 2121 2148 suo

534 2189 734 2258 judicio
759 2188 1126 2253 damnaverit;
1152 2204 1209 2241 se
1229 2188 1371 2242 enim
1398 2186 1679 2240 tradidisse
1706 2184 1980 2240 confessus
2000 2196 2077 2239 est
2104 2202 2117 2243 ;

538 2281 746 2334 illorum
794 2294 941 2343 vero,
985 2279 1123 2349 quod
1166 2294 1287 2333 cum
1317 2288 1538 2348 possent
1567 2277 1933 2348 paenitentiam
1963 2291 2121 2343 agerc

536 2383 590 2427 et
619 2373 830 2437 mutari,
870 2389 972 2426 non
1019 2373 1357 2442 resipuerint.
1407 2370 1685 2441 Perpende
1708 2380 1884 2425 autem
1909 2369 2121 2439 quando

543 2468 855 2537 paenitentia
878 2468 1121 2522 ducatur.
1141 2468 1272 2521 Cum
1298 2466 1589 2536 perfectum
1622 2464 2004 2533 impletumque
2030 2464 2123 2516 fuit

537 2566 832 2627 peccatum.
865 2557 1009 2611 Talis
1038 2572 1230 2626 nempe
1251 2556 1495 2611 diabolus
1524 2564 1607 2609 est
1636 2573 1649 2609 :
1676 2569 1769 2608 eos
1795 2554 1881 2617 qui
1909 2569 2014 2607 non
2045 2554 2123 2606 vi-

539 2648 707 2717 gilant
737 2663 841 2703 non
873 2647 1003 2702 sinit
1044 2658 1323 2716 peccatum
1373 2647 1658 2716 respicere,
1701 2660 1768 2699 ne
1795 2646 1957 2698 semel
1983 2643 2122 2712 capti

536 2738 903 2805 paenitentiam
952 2746 1130 2806 agant.
1187 2736 1287 2789 Tot
1340 2735 1465 2789 Jesu
1518 2734 1713 2789 Christi
1757 2732 1937 2788 verbis
1991 2733 2119 2787 nihil

537 2826 706 2881 flexus
733 2836 814 2880 est
846 2842 859 2877 :
891 2840 1014 2879 cum
1046 2840 1171 2879 vero
1200 2825 1377 2880 scelus
1415 2826 1526 2894 jam
1558 2833 1919 2894 perpetratum
1949 2824 2122 2893 perfe-

538 2925 790 2984 ctumque
840 2914 958 2978 fuit,
1007 2925 1131 2967 tunc
1188 2914 1498 2982 poenitentia
1548 2913 1737 2967 ductus
1762 2922 1843 2967 est
1871 2913 1987 2967 sine
2015 2912 2119 2967 ulla

540 3007 783 3059 utilitate.
812 3004 941 3057 Nam
967 3004 1105 3073 quod
1132 3005 1365 3073 seipsum
1389 3005 1740 3066 damnaverit,
1764 3004 1904 3073 quod
1926 3019 2119 3075 argen-

537 3106 654 3150 teos
705 3095 1009 3163 projeccrit,
1058 3109 1158 3149 nec
1192 3093 1407 3149 Judzeos
1455 3096 1715 3148 reveritus
1767 3096 1947 3161 fuerit,
2005 3094 2120 3149 hrcc

536 3201 715 3241 umuta
743 3185 1005 3240 laudanda
1035 3185 1300 3251 fuissent;
1332 3184 1475 3255 quod
1501 3199 1628 3240 vero
1671 3200 1731 3239 se
1758 3187 2120 3256 strangulave-

538 3278 627 3343 rit,
652 3276 847 3330 nullam
879 3286 1052 3344 potest
1082 3276 1295 3331 veniam
1325 3274 1629 3341 admittere,
1655 3275 1980 3346 malignique
2008 3277 2120 3332 dte-

538 3367 711 3421 munis
740 3376 823 3420 est
844 3383 995 3435 opus.
1028 3367 1308 3436 Przeripuit
1334 3367 1475 3422 enim
1502 3383 1623 3422 eum
1642 3381 1674 3422 a
1698 3369 2027 3435 pmnitentia,
2063 3379 2120 3424 ut

541 3458 748 3512 nullum
768 3473 834 3511 ex
864 3458 952 3511 illa
977 3458 1289 3525 [manentia
1308 3456 1535 3511 fructmn
1560 3459 1816 3528 consequi
1838 3469 2037 3530 posset,
2063 3470 2116 3514 et

537 3547 843 3615 turpissima
872 3546 1224 3617 omnibusque
1250 3556 1373 3601 nota
1406 3557 1577 3602 morte
1601 3548 1815 3602 sustulit
1839 3589 1855 3614 ,
1888 3549 2118 3605 suadens

537 3638 608 3691 illi
645 3646 704 3691 ut
739 3637 973 3706 seipsum
1022 3637 1373 3692 interimeret.
1402 3636 1480 3691 Tu
1512 3653 1637 3693 vero
1662 3639 1792 3692 mihi
1839 3641 2114 3694 veritatem

535 3729 842 3786 Consideres
894 3729 1051 3784 velim
1098 3729 1329 3799 undique
1386 3729 1695 3801 fulgentem.
1746 3732 1904 3785 etiam
1946 3746 2009 3785 ex
2055 3730 2118 3785 iis

535 3822 717 3885 rebus,
774 3835 906 3889 quas
955 3820 1251 3875 adversarii
1295 3820 1493 3875 faciunt
1540 3821 1624 3875 vel
1654 3820 1942 3890 patiuntur.
1984 3820 2115 3875 Nam

534 3911 646 3981 ipsa
669 3927 812 3965 mors
843 3910 1149 3980 proditoris,
1174 3912 1238 3966 iis
1254 3912 1343 3982 qui
1370 3912 1644 3967 Christum
1674 3911 1995 3966 damnarunt
2020 3927 2113 3965 ora

534 4004 807 4069 obstruit",
837 4017 1011 4071 neque
1058 4002 1162 4057 illis
1193 4002 1434 4057 umbram
1486 4001 1811 4056 defensionis
1842 4002 2111 4072 relinquit.

533 4093 673 4160 Quid
697 4095 839 4148 enim
865 4093 1044 4148 dicere
1072 4102 1293 4162 possunt
1320 4092 1416 4159 illi,
1443 4091 1658 4161 quando
1693 4093 1851 4147 talem
1876 4093 2115 4160 proditor

534 4186 817 4239 adversum
849 4199 911 4238 se
935 4183 1217 4254 protulisse
1241 4184 1566 4238 sententiam
1592 4184 1879 4238 narratur?
1902 4184 2008 4239 Sed
2045 4184 2112 4238 il-

535 4280 709 4332 lorum
752 4277 911 4333 verba
954 4276 1252 4332 videamus.
1300 4277 1634 4348 Principibus
1663 4278 2001 4333 sacerdotum
2030 4292 2116 4331 ar-

537 4380 759 4442 genteos
784 4371 1002 4435 retulit,
1030 4381 1081 4426 et
1112 4371 1225 4426 ait:
1258 4371 1313 4426 οι.
1346 4368 1559 4425 Peccavi
1588 4370 1791 4424 tradens
1816 4371 2114 4441 sanguinem

535 4464 744 4532 iustum.
777 4462 841 4515 At
866 4463 943 4516 illi
988 4458 1222 4516 dixerunt
1270 4478 1288 4515 .'
1321 4460 1456 4527 Quid
1494 4466 1562 4514 ad
1606 4460 1742 4515 nos?
1785 4458 1866 4514 Tu
1908 4460 2113 4513 videris.

534 4555 589 4609 5.
617 4553 685 4607 Et
706 4554 941 4624 profectis
961 4558 1211 4624 argenteis
1241 4554 1293 4607 in
1315 4553 1521 4620 templo,
1558 4552 1780 4618 recessit,
1804 4562 1850 4605 et
1875 4550 2047 4605 abiens
2066 4568 2118 4606 se

535 4645 817 4712 suspendit.
847 4642 977 4696 Nam
1024 4644 1364 4698 conscientiae
1403 4643 1649 4697 stimulos
1676 4658 1781 4697 non
1822 4642 1957 4695 tulit.
1984 4641 2117 4695 Per-

538 4735 709 4805 pende
733 4745 908 4790 antcm
933 4735 1060 4789 mihi
1084 4735 1295 4790 Judzeos
1323 4736 1450 4791 illud
1474 4738 1646 4807 ipsum
1678 4737 1951 4790 facientes.
1984 4735 2114 4789 Natu

536 4842 656 4881 cum
687 4826 755 4881 ab
787 4828 850 4882 iis
877 4844 995 4896 quae
1026 4828 1167 4896 passi
1211 4836 1366 4881 erant
1389 4828 1660 4883 emendari
1706 4826 1984 4893 deberent,
2010 4843 2116 4881 non

541 4919 687 4986 prius
721 4918 946 4987 gradum
989 4918 1225 4982 sistunt,
1253 4934 1408 4987 quam
1458 4928 1731 4987 peccatum
1770 4918 2114 4987 perfecerint.

541 5008 744 5062 Etenim
794 5008 949 5076 hujus
997 5019 1289 5077 peccatum,
1340 5009 1480 5077 quod
1542 5008 1768 5078 proditio
1819 5018 1957 5073 erat,
2008 5010 2118 5076 jam

538 5107 898 5167 perpetratum
924 5100 1122 5165 fuerat;
1170 5099 1380 5154 illorum
1418 5115 1546 5155 vero
1579 5110 1852 5170 peccatum
1882 5100 2114 5153 nondum

536 5188 859 5258 completum
887 5190 1170 5247 erat.Cum
1196 5200 1373 5245 autem
1401 5191 1476 5245 illi
1508 5193 1680 5246 scelus
1707 5191 2043 5260 perfecerunt
2066 5200 2121 5246 et

537 5280 915 5335 crucihxerunt
944 5298 1085 5347 eum,
1120 5290 1244 5337 tunc
1282 5292 1337 5338 et
1382 5283 1483 5353 ipsi
1522 5284 1802 5338 turbantur
1822 5326 1837 5349 ,
1866 5301 2006 5341 nunc
2034 5286 2120 5339 di-

536 5382 720 5427 centes
764 5391 776 5425 :
827 5371 953 5427 Noli
1000 5375 1214 5429 scribere
1259 5376 1389 5428 hunc
1442 5392 1549 5429 esse
1611 5392 1777 5447 regem
1820 5375 2121 5432 Iudaeorum

542 5462 720 5529 (Joan.
756 5461 845 5518 l9.
891 5463 953 5518 2|
986 5464 1024 5534 ).
1060 5465 1214 5535 Atqui
1242 5465 1364 5535 quid
1394 5465 1588 5520 timetis
1612 5507 1627 5529 ,
1660 5466 1783 5536 quid
1813 5468 2116 5533 turbamini,

538 5563 746 5607 mortuo
777 5554 888 5623 jam
923 5570 1145 5625 corpore
1192 5556 1244 5610 in
1294 5570 1455 5611 cruce
1484 5557 1790 5626 pendente?
1813 5556 1966 5613 Nunc
1994 5575 2121 5614 vero

544 5642 850 5698 custodiunt
882 5645 1011 5700 illud
1055 5655 1109 5699 et
1157 5646 1381 5701 dicunt:
1436 5645 1521 5700 Ne
1570 5650 1701 5717 forte
1737 5647 1971 5718 [urentur
2004 5667 2119 5705 eum

540 5733 775 5803 discipuli
825 5738 966 5807 ejus;
1004 5749 1050 5793 et
1092 5739 1281 5809 papula
1320 5738 1510 5805 dicant,
1539 5739 1707 5809 ipsum
1748 5744 2118 5809 resurreaisse;

3713 338 3815 397 7‘30

2231 456 2279 501 et
2304 445 2397 500 erit
2418 446 2715 500 novissimus
2738 464 2880 501 error
2910 449 3054 518 peior
3094 447 3260 517 priore
3299 448 3525 517 (Matth.
3558 450 3651 505 27.
3684 452 3756 506 65
3773 454 3814 521 ).

2227 540 2295 593 At
2314 548 2461 593 certe
2490 540 2535 593 si
2564 539 2614 593 id
2646 539 2897 605 dixerint,
2931 542 3031 594 nisi
3065 556 3149 595 res
3178 556 3300 595 vera
3331 541 3509 604 fuerit,
3539 542 3697 600 facile
3724 562 3815 599 re-

2226 632 2518 701 darguitur.
2565 631 2671 686 Sed
2714 632 2983 702 quomodo
3026 632 3341 689 furabantur
3391 636 3480 704 qui
3528 636 3617 690 illo
3664 652 3819 692 cont-

2229 722 2492 789 prehenso
2530 738 2597 777 ne
2626 733 2771 779 stare
2797 723 3011 793 quidem
3041 727 3154 779 ausi
3208 736 3355 791 sunt,
3401 727 3616 797 quando
3659 743 3821 800 cory-

2228 812 2411 879 phrcus
2443 821 2523 867 ter
2547 814 2694 868 illum
2719 816 2950 883 negavit,
2993 816 3183 885 puella:
3206 818 3676 874 comminationem
3709 836 3816 875 nou

2228 903 2448 958 ferens?
2474 903 2602 968 Sed,
2632 915 2688 959 ιιι
2712 904 2844 969 dixi,
2873 905 3088 961 demum
3107 907 3481 964 turbabantur.
3503 909 3655 975 Quod
3672 913 3817 965 enim

2225 994 2423 1047 scirent
2446 1010 2556 1048 rem
2581 1009 2701 1051 esse
2728 1006 3024 1065 peccatum,
3051 1004 3199 1066 patet
3227 1014 3293 1052 ex
3321 999 3384 1054 iis
3403 1016 3523 1070 qua:
3545 1000 3816 1068 dicebant,

2228 1081 2306 1135 Tu
2332 1083 2536 1136 videris.

2299 1173 2476 1228 Araris
2515 1174 2682 1230 ludas
2723 1178 2776 1230 in
2800 1178 3083 1249 exemplum
3113 1178 3440 1250 preponitur.
3472 1211 3544 1223 --
3571 1183 3772 1238 Audite
3800 1227 3815 1248 ,

2228 1266 2390 1328 avari,
2416 1266 2644 1335 cogitate
2669 1284 2786 1337 qua:
2809 1268 2896 1323 ille
2922 1284 3109 1338 passus
3133 1271 3238 1336 sit;
3270 1272 3540 1341 quomodo
3566 1276 3821 1343 pecunias

2228 1357 2505 1422 amiserit,
2532 1368 2586 1412 et
2615 1358 2796 1414 scelus
2822 1363 3210 1430 perpetraverit
3234 1378 3248 1425 ;
3281 1364 3552 1431 quomodo
3577 1366 3821 1419 avaritia:

2228 1444 2451 1499 fructum
2476 1463 2581 1501 non
2612 1448 2792 1502 tulerit
2815 1489 2831 1512 ,
2874 1458 2927 1503 et
2956 1451 3188 1505 animam
3217 1451 3527 1521 perdiderit.
3561 1453 3711 1509 Talis
3737 1464 3823 1509 est

2228 1538 2469 1592 avaritiae
2501 1540 2740 1610 tyrannis
2772 1557 2785 1593 :
2811 1556 2911 1595 nec
2933 1551 3156 1612 argento
3178 1543 3369 1597 fruitur
3395 1585 3411 1610 ,
3443 1560 3541 1599 nec
3563 1547 3820 1614 prtesenti

2227 1632 2330 1685 vita
2352 1673 2365 1697 ,
2399 1649 2497 1688 nec
2523 1632 2699 1689 futura
2737 1652 2750 1689 :
2783 1635 2880 1690 sed
2920 1637 3099 1691 omnia
3143 1636 3425 1692 confertim
3453 1638 3670 1704 amisit,
3699 1654 3819 1691 ma-

2228 1724 2437 1795 lamque
2468 1736 2654 1780 nactus
2682 1725 2819 1797 apud
2843 1728 2963 1782 illos
2996 1726 3211 1795 famam,
3232 1729 3420 1799 laqueo
3436 1730 3610 1799 gulam
3640 1728 3816 1799 fregit.

2227 1814 2367 1881 Sed,
2398 1825 2456 1870 ut
2483 1816 2589 1871 dixi
2618 1859 2633 1883 ,
2668 1827 2786 1886 post
2812 1834 2923 1872 rem
2956 1828 3224 1889 peractam
3250 1861 3265 1885 ,
3293 1818 3505 1887 quidam
3538 1836 3651 1874 rem
3676 1822 3822 1888 aspi-

2227 1908 2392 1963 ciunt.
2419 1907 2551 1962 Vide
2576 1910 2734 1977 igitur
2760 1920 2815 1964 et
2840 1910 2958 1965 illos
2981 1953 2996 1976 ,
3031 1920 3232 1965 tantum
3255 1910 3459 1964 facinus
3499 1911 3645 1965 clare
3686 1926 3816 1964 sen-

2230 2004 2328 2058 tire
2356 2004 2619 2071 nolentes,
2670 2005 2763 2059 sed
2809 2006 3067 2071 dicentes,
3118 2004 3195 2059 Tu
3219 2005 3421 2060 uideris.
3449 2004 3577 2072 Qua:
3609 2018 3697 2059 res
3727 2019 3822 2058 eo-

2226 2109 2345 2147 rum
2375 2095 2587 2165 culpam
2634 2106 2792 2167 auget
2824 2115 2836 2150 :
2863 2112 2985 2150 nam
3032 2096 3146 2151 lucc
3184 2097 3343 2151 verba
3372 2108 3493 2150 sunt
3524 2099 3821 2150 testifican-

2230 2185 2358 2239 tium
2403 2186 2605 2242 facinus
2657 2203 2777 2243 esse
2842 2188 3209 2251 horrendum,
3259 2189 3350 2243 sed
3395 2188 3560 2242 animi
3630 2188 3824 2243 morbo

2226 2274 2536 2342 ebriorum,
2568 2276 2657 2346 qui
2708 2277 2965 2331 nollenta
3012 2288 3259 2346 suscepto
3300 2277 3535 2331 satanico
3583 2277 3823 2332 facinore

2227 2366 2500 2423 absistere
2526 2410 2540 2432 ,
2571 2367 2665 2422 sed
2715 2368 2851 2423 ﬁcta:
2899 2370 3208 2440 ignorantia:
3249 2368 3510 2423 velamine
3553 2384 3617 2424 se
3657 2370 3823 2423 stulte

2227 2456 2517 2524 operirent.
2550 2456 2683 2512 Nam
2712 2459 2754 2513 si
2797 2470 2917 2529 post
2961 2474 3171 2513 crucem
3208 2459 3318 2514 lucc
3347 2459 3635 2524 dixissent,
3670 2472 3819 2528 post-

2227 2562 2384 2615 quam
2412 2545 2785 2617 Chrismsjam
2811 2559 3056 2604 mortuus
3096 2558 3230 2615 erat,
3265 2565 3330 2603 ne
3356 2558 3486 2603 tunc
3515 2550 3737 2619 quidem
3770 2550 3821 2604 id

2227 2636 2612 2693 rationabiliter
2632 2638 2733 2693 dici
2757 2648 3001 2708 poterat;
3031 2639 3156 2695 licet
3187 2640 3235 2694 id
3263 2655 3367 2694 non
3396 2640 3534 2695 adeo
3555 2641 3822 2696 damnan-

2226 2726 2351 2780 dum
2376 2727 2563 2784 fuisset
2590 2747 2603 2783 :
2622 2745 2761 2785 nunc
2787 2739 2961 2786 autem
2984 2730 3109 2786 dum
3130 2731 3303 2785 adhuc
3328 2731 3415 2785 ille
3431 2731 3574 2796 apud
3600 2747 3697 2786 vos
3716 2742 3816 2797 est,

2227 2826 2282 2871 et
2306 2817 2450 2871 illum
2472 2820 2689 2888 potestis
2713 2820 3001 2887 dimittere,
3026 2821 3293 2891 quomodo
3320 2820 3420 2875 hoc
3444 2822 3631 2876 dicere
3653 2822 3821 2877 aude.

2230 2906 2333 2959 tis?
2358 2906 2483 2961 llaec
2508 2910 2703 2979 quippe
2732 2910 2975 2965 defensio
3019 2912 3246 2966 maxima
3276 2920 3358 2965 est
3387 2915 3685 2966 accusatio.
3711 2912 3823 2967 Cur

2194 3056 2195 3059 η
2227 3008 2281 3052 et
2318 3015 2422 3069 qua
2467 3000 2535 3055 de
2569 3003 2767 3055 causa?
2795 3001 2928 3071 Quia
2974 3003 3024 3056 in
3078 3002 3403 3072 proditorem
3436 3012 3609 3057 totum
3643 3005 3817 3058 scelus

2227 3091 2446 3159 rejicitis
2470 3133 2486 3157 ,
2528 3093 2653 3147 illud
2680 3093 2918 3148 dicentes
2939 3136 2955 3161 ,
2998 3092 3077 3147 Tu
3109 3094 3292 3148 videris
3315 3136 3329 3159 ,
3377 3110 3498 3148 cum
3542 3096 3768 3163 possitis
3789 3112 3817 3149 a

2225 3181 2425 3239 Christi
2470 3200 2599 3239 nece
2641 3186 2938 3251 desistere,
2979 3186 3233 3256 illumque
3274 3186 3547 3241 dimittere
3576 3202 3598 3241 :
3632 3203 3819 3242 verum

2225 3286 2531 3344 susceptum
2578 3275 2754 3331 scelus
2786 3276 3056 3345 perfecero
3081 3317 3095 3340 ,
3128 3276 3415 3346 proditioni
3468 3291 3688 3331 crucem
3721 3278 3821 3331 ad-

2224 3363 2434 3418 dentes.
2466 3364 2601 3433 Quid
2632 3371 2773 3420 enim
2816 3366 3126 3436 impedivit,
3153 3382 3273 3420 cum
3298 3368 3395 3436 ipsi
3420 3366 3667 3423 dicerent
3691 3411 3706 3433 ,
3740 3367 3820 3421 Tn

2225 3455 2428 3518 videris.
2459 3458 2745 3526 quominus
2783 3457 3101 3512 desisterent
3141 3473 3169 3510 a
3198 3457 3475 3513 facinore?
3504 3458 3659 3515 Nunc
3688 3476 3819 3516 vero

2224 3548 2550 3602 contrarium
2583 3548 2803 3612 faciunt,
2834 3565 3019 3604 necem
3049 3548 3306 3619 adjiciunt
3338 3592 3352 3613 ,
3380 3566 3442 3603 ac
3468 3563 3580 3605 tum
3613 3554 3817 3617 verbis.

2228 3649 2337 3694 tum
2368 3639 2542 3703 factis,
2588 3656 2646 3695 se
2691 3642 3078 3697 inevitabilibus
3124 3643 3277 3696 malis
3334 3642 3633 3697 involvunt.
3683 3643 3817 3699 Nam

2227 3742 2408 3799 posma
2432 3771 2447 3797 ,
2483 3733 2821 3801 permittente
2852 3731 3022 3787 Pilato
3052 3774 3066 3795 ,
3114 3732 3374 3787 latronem
3400 3735 3704 3788 maluerunt
3732 3736 3815 3789 di—

2227 3823 2383 3890 mitti,
2407 3839 2565 3894 quam
2595 3824 2802 3888 Jesum,
2835 3834 2890 3879 et
2919 3824 3177 3879 latronem
3220 3824 3435 3894 quidem
3458 3866 3472 3886 ,
3498 3826 3814 3882 innumero-

2226 3934 2341 3972 rum
2363 3918 2627 3973 scelerum
2657 3918 2981 3981 convictum,
3007 3917 3345 3972 innocentem
3372 3919 3809 3983 declaraveram,

2224 4009 2491 4063 Christum
2521 4016 2697 4062 autem
2722 4049 2738 4070 ,
2767 4008 2857 4077 qui
2888 4007 3033 4076 ipsos
3065 4006 3195 4061 nihil
3222 4006 3453 4063 lmserat.
3483 4009 3594 4062 imo
3620 4010 3713 4079 qui
3741 4019 3816 4064 tot

2226 4103 2368 4171 ipsos
2392 4102 2662 4157 beneficiis
2698 4100 2966 4166 affecerat,
2991 4099 3317 4154 occiderunt.

2294 4192 2346 4245 5.
2424 4190 2688 4258 Principes
2761 4191 3077 4243 sacerdotum
3142 4207 3174 4241 ιι
3229 4190 3435 4258 propria
3502 4191 3815 4243 conscientia

2224 4282 2468 4337 damnati.
2527 4281 2859 4351 Eleemosyna
2912 4297 2976 4335 es
3033 4281 3227 4349 rapinis
3297 4284 3432 4352 facta
3482 4280 3814 4350 reprobatur.

2229 4372 2465 4427 Ecclesia:
2492 4372 2817 4426 Antiochena:
2857 4373 2986 4425 bona
3035 4382 3081 4425 ct
3130 4372 3436 4441 pradia.—
3491 4372 3633 4438 Quid
3682 4387 3814 4442 ergo

2224 4462 2427 4519 Judas?
2461 4462 2528 4517 Ut
2565 4462 2695 4516 vidit
2722 4478 2781 4517 se
2811 4462 3065 4517 inutiliter
3104 4462 3343 4517 laborare
3363 4502 3380 4527 ,
3410 4462 3640 4531 illosque
3666 4463 3813 4517 nolle

2228 4557 2482 4625 recipere.
2518 4554 3055 4626 projecitargenteos,
3081 4552 3147 4607 Et
3186 4556 3355 4609 abiens
3392 4553 3575 4624 laqueo
3616 4571 3807 4610 seus-
3877 4544 3895 4559 ’

2226 4648 2419 4715 pendit.
2473 4645 2527 4700 6.
2577 4645 2842 4713 Principes
2866 4654 3029 4698 autem
3054 4644 3370 4698 sacerdotum
3395 4686 3411 4711 ,
3439 4660 3557 4698 cum
3578 4646 3809 4717 accepis-

2225 4750 2333 4791 sent
2363 4746 2645 4807 argenteos,
2675 4737 2912 4790 dixerunt
2945 4752 2963 4789 :
2990 4735 3112 4789 Non
3140 4736 3253 4791 licet
3274 4754 3357 4790 eos
3399 4738 3595 4790 mittere
3622 4737 3674 4790 in
3698 4754 3810 4791 cor-

2228 4829 2425 4889 bottam,
2459 4828 2576 4897 quia
2600 4826 2812 4896 pretium
2838 4827 3099 4896 sanguinis
3120 4836 3211 4881 est.
3246 4827 3297 4881 7.
3329 4826 3395 4879 Et
3414 4827 3629 4880 consilio
3654 4829 3810 4892 inito,

2227 4927 2451 4971 emerunt
2478 4932 2540 4969 ea:
2582 4915 2654 4970 eis
2685 4932 2864 4985 agrum
2913 4916 3056 4986 ﬁguli
3085 4916 3138 4967 in
3178 4916 3487 4984 sepulturam
3514 4919 3811 4987 peregrino-

2227 5024 2357 5060 rum.
2388 5007 2441 5060 8.
2468 5005 2595 5060 ldeo
2618 5015 2819 5060 vocatus
2845 5016 2916 5060 est
2942 5023 3062 5076 ager
3084 5005 3171 5060 ille
3198 5023 3319 5077 ager
3360 5008 3625 5077 sanguinis
3649 5025 3813 5076 usque

2227 5100 2295 5152 ad
2323 5099 2620 5152 hodiernum
2642 5098 2794 5152 diem.
2825 5098 2879 5153 9.
2915 5096 3057 5151 Tunc
3080 5099 3342 5169 impletum
3362 5108 3435 5152 est
3457 5100 3594 5169 quod
3617 5100 3811 5154 dictant

2227 5202 2301 5246 est
2330 5208 2417 5261 per
2434 5189 2471 5243 J
2475 5191 2709 5244 eremiam
2735 5190 3029 5260 prophetam
3049 5190 3291 5244 dicentem
3323 5205 3344 5243 :
3378 5189 3465 5246 10.
3494 5189 3563 5243 Et
3604 5206 3815 5259 occepso

2227 5295 2344 5338 runt
2388 5285 2592 5356 triginta
2618 5297 2911 5355 argenteos,
2943 5287 3159 5355 pretium
3201 5287 3468 5356 appretiati
3499 5284 3687 5353 (lacn.
3724 5289 3811 5343 il.

2234 5378 2356 5446 1‘2),
2382 5377 2401 5430 Ι
2423 5378 2468 5431 l.
2501 5386 2547 5429 et
2572 5376 2815 5429 dederunt
2844 5392 2929 5430 eos
2948 5376 3003 5429 in
3032 5392 3211 5446 agrum
3252 5376 3416 5446 ﬁguli.
3449 5378 3581 5430 sicut
3622 5379 3817 5431 consti-

2230 5470 2321 5521 tuit
2349 5468 2472 5520 mihi
2517 5464 2785 5522 Dominus.
2819 5467 3010 5521 Viden’
3035 5482 3219 5521 rursus
3252 5481 3346 5521 eos
3372 5482 3401 5519 a
3444 5468 3660 5537 propria
3685 5482 3817 5522 oon-

2230 5560 2451 5616 scientia
2486 5558 2930 5626 damnari?Quia
2978 5558 3123 5614 enim
3174 5558 3435 5621 sciebant,
3478 5573 3537 5613 se
3583 5558 3819 5615 hominis

2227 5652 2426 5709 ca‘dcm
2468 5652 2763 5712 coemisse.
2822 5668 2926 5706 non
2964 5651 3211 5722 jeccrunt
3254 5652 3307 5705 in
3343 5650 3668 5719 corbonam,
3722 5652 3815 5709 sed

2231 5750 2474 5798 emerunt
2500 5757 2684 5813 agrum
2729 5742 2875 5813 figuli
2918 5743 2971 5797 in
3000 5741 3330 5813 sepulturam
3380 5743 3817 5813 peregrinorum.
