4094 6216
556 260 620 319 τῦ
633 262 670 320 Γ.

558 376 668 432 Hoc
695 389 824 429 vero
849 370 1288 430 et-testimonium
1319 377 1501 424 contra
1542 367 1686 429 illos,
1727 374 1781 418 et
1810 358 2138 434 proditionis

555 474 924 536 argumentum
969 463 1087 519 fuit.
1130 460 1332 515 Nomen
1379 459 1575 529 quippe
1618 456 1718 510 loci
1747 454 1946 510 clarius
1979 464 2138 522 quam

557 559 680 613 tuba
709 557 920 612 cmdem.
938 555 1004 608 ab
1032 553 1136 608 illis
1159 559 1512 622 perpetratum
1541 547 1788 601 omnibus
1815 543 2133 614 proclamat.

556 649 738 718 Neque
764 648 1078 716 simpliciter
1114 644 1215 698 hoc
1246 641 1462 706 faciunt,
1492 639 1585 693 sed
1623 638 1752 692 inito
1785 634 2010 688 consilto
2034 667 2055 697 -,
2086 639 2142 685 et

557 741 641 795 sic
661 741 854 808 ubique
884 746 1080 808 agunt,
1112 746 1167 790 ut
1215 734 1392 788 nullus
1431 733 1500 786 ab
1531 732 1631 784 hoc
1662 728 1864 783 scelere
1892 727 1961 781 sit
1986 726 2135 779 inno-

556 848 707 897 cens,
735 831 827 886 sed
859 843 1046 885 Omnes
1069 827 1232 882 noxii.
1260 825 1386 880 Πειιο
1404 838 1529 878 vero
1552 836 1709 891 supra
1735 819 1889 873 allata
1916 816 2139 886 prOphe-

558 929 628 981 tia
655 917 1209 996 prmntmtiat...Viden’.
1245 915 1534 987 quomodo.
1556 930 1659 968 non
1688 911 1916 982 apostoli
1955 907 2135 974 modo,

555 1017 648 1070 sed
677 1017 834 1071 etiam
867 1013 1138 1085 propheta:
1157 1008 1437 1080 Opprobria
1471 1008 1555 1060 illa
1584 1019 1831 1060 accurate
1883 1010 2125 1066 narrent,

554 1119 606 1163 ct
653 1109 887 1176 undique
935 1104 1233 1174 passionem
1283 1099 1595 1170 pra‘di'cent,
1643 1105 1698 1151 et
1745 1092 2139 1165 praenuntient?

559 1201 667 1253 Iloc
695 1214 800 1251 non
827 1197 1180 1266 intelligentes
1199 1192 1366 1248 Judaei
1394 1188 1655 1258 inemptis
1681 1187 1983 1257 perstitere.
2003 1184 2134 1238 Nam

553 1292 596 1343 si
632 1289 682 1343 in
714 1288 1002 1342 corbonam
1052 1284 1444 1353 coniecissent,
1478 1295 1566 1335 res
1594 1294 1700 1333 non
1731 1279 1809 1332 sic
1855 1275 2135 1331 manifesta

554 1381 775 1444 fuisset;
809 1378 909 1448 ipsi
933 1392 1064 1432 vero
1095 1389 1280 1446 agrum
1319 1382 1560 1428 ementes
1586 1368 1931 1437 sequentibus
1969 1382 2136 1437 gene-

554 1473 848 1527 rationibus
880 1479 1053 1525 totum
1092 1467 1478 1538 patefecerunt.
1527 1463 1723 1518 Audite
1770 1469 2029 1531 quotquot
2071 1475 2138 1515 ex

551 1561 788 1616 cazdibus
826 1559 1078 1614 videmini
1114 1555 1371 1614 beneﬁcia
1417 1564 1674 1624 perstare
1697 1593 1712 1618 ,
1741 1562 1794 1607 et
1839 1553 2134 1606 animarum

552 1656 827 1710 hominum
850 1655 1080 1724 pretium
1109 1650 1370 1720 accipitis.
1419 1646 1654 1703 Judaica:
1676 1653 1801 1700 sunt
1824 1641 2132 1714 hujusmodi

547 1749 926 1818 eleemosynze,
957 1747 1065 1799 imo
1103 1744 1280 1814 potius
1305 1740 1578 1796 satanicar.
1622 1738 1759 1792 Sunt
1796 1737 1939 1791 enim
1966 1776 1980 1800 ,
2013 1742 2137 1788 sunt

550 1841 832 1909 hodieque,
865 1839 954 1909 qui
994 1836 1220 1906 direptis
1249 1834 1654 1888 innumerorum
1685 1828 1840 1883 bonis
1864 1867 1878 1892 ,
1911 1841 1971 1882 se
1996 1835 2135 1880 t0tos

548 1941 831 1988 cxcusatos
859 1938 1088 2000 putant,
1121 1929 1166 1982 si
1200 1925 1286 1980 vel
1314 1924 1499 1979 decem
1543 1923 1628 1977 vel
1675 1929 1888 1975 centum
1937 1932 2133 1972 aureos

550 2034 792 2096 erogent.
825 2024 900 2078 De
943 2023 1136 2093 quibus
1163 2019 1420 2089 propheta
1442 2016 1568 2071 dicit
1597 2031 1611 2068 :
1660 2012 1972 2084 Operiebatis
2000 2014 2015 2044 ι
2051 2011 2132 2064 la-

545 2119 734 2190 crymis
761 2117 924 2171 altare
946 2132 1111 2169 meum
1140 2112 1294 2185 (Mal.
1337 2111 1394 2166 2.
1427 2108 1556 2180 15).
1586 2107 1701 2163 Non
1751 2108 1862 2161 vult
1889 2105 2132 2160 Christus

543 2229 612 2266 ex
659 2212 842 2281 rapina
887 2207 1114 2272 nutriri,
1147 2222 1252 2260 non
1301 2200 1604 2273 hujusmodi
1655 2199 1828 2266 cibum
1880 2195 2124 2251 admittit.

545 2302 678 2370 ρτιιιι
707 2301 992 2357 Dominum
1018 2296 1339 2355 contumelia
1370 2292 1559 2356 aflicis,
1587 2291 1706 2344 dum
1741 2288 2010 2342 immunda
2055 2287 2127 2340 illi

540 2395 745 2449 oil'crs?
792 2393 978 2448 Melius
1022 2400 1164 2446 esset
1207 2389 1344 2443 fame
1393 2385 1754 2440 tabescentem
1785 2381 2122 2448 relinquere,

540 2501 701 2554 quam
734 2484 925 2537 talibus
963 2496 1180 2552 pascere
1221 2479 1398 2533 cibis:
1434 2474 1564 2530 illud
1611 2473 1846 2528 crudelis
1893 2470 2127 2524 hominis

538 2582 681 2630 e-set
703 2615 717 2637 ,
748 2573 850 2627 hoc
879 2587 1003 2627 vero
1032 2581 1086 2625 et
1110 2569 1342 2624 crudelis
1391 2576 1446 2621 et
1490 2562 1882 2620 contumeliosi.
1940 2560 2127 2615 Melius

541 2675 626 2720 est
653 2665 783 2719 nihil
812 2663 963 2730 dare,
987 2679 1146 2734 quam
1167 2663 1342 2716 aliena
1370 2660 1490 2714 aliis
1519 2660 1666 2714 dare.
1690 2657 1784 2711 Dic
1806 2656 1947 2710 enim
1970 2653 2121 2720 mihi,

540 2760 585 2813 si
635 2759 772 2814 duos
808 2758 1052 2813 homines
1081 2756 1290 2811 videres
1317 2768 1542 2824 quorum
1572 2752 1709 2805 alius
1738 2749 1911 2804 nudus
1951 2757 2117 2814 esset,

540 2851 676 2905 alius
703 2850 1024 2905 vestimento
1055 2849 1271 2902 indutus
1295 2888 1310 2913 ,
1347 2854 1402 2901 et
1454 2845 1600 2898 illum
1629 2843 1715 2912 qui
1745 2842 1956 2895 indutus
1981 2847 2122 2894 esset

535 2956 760 2996 exueres
784 2983 799 3007 ,
833 2948 891 2995 ut
915 2938 1118 2994 nudum
1149 2938 1390 3008 operircs
1410 2976 1424 3000 ,
1471 2949 1648 2988 annon
1676 2933 1854 3000 inique
1891 2932 2120 3002 ageres?

535 3031 760 3086 Maxime
789 3039 957 3086 certe.
985 3027 1135 3096 Quod
1167 3027 1212 3082 si
1239 3043 1349 3082 rem
1380 3034 1540 3080 totam
1560 3039 1716 3093 quant
1744 3022 1962 3092 rapuisti
1984 3021 2117 3076 dans

531 3123 707 3188 alteri,
736 3123 912 3192 inique
956 3122 1072 3190 agis
1097 3161 1111 3184 ,
1144 3134 1244 3174 nec
1283 3117 1379 3172 das
1417 3116 1815 3185 eleemosynam
1844 3129 1861 3167 :
1902 3113 2115 3182 quando

535 3215 806 3268 minimam
837 3225 1042 3282 partem
1081 3211 1176 3265 das
1205 3210 1340 3278 rapti
1391 3207 1608 3278 peculii,
1639 3215 1693 3259 et
1719 3204 1847 3258 illud
1877 3205 2115 3259 elccmo-

530 3321 719 3377 synam
750 3318 934 3369 vocas,
966 3318 1100 3373 quas
1133 3317 1317 3371 poenas
1365 3313 1471 3353 non
1499 3296 1689 3352 dabis?
1712 3293 1843 3352 Nam
1874 3295 1918 3350 si
1940 3295 1996 3361 ii,
2022 3293 2113 3363 qui

531 3395 715 3450 mutila
739 3394 986 3448 animalia
1015 3391 1329 3452 offerebant,
1357 3390 1410 3442 in
1437 3387 1637 3442 crimen
1658 3384 2007 3450 vocabantur,
2033 3392 2110 3446 tu,

527 3487 616 3556 qui
650 3487 832 3556 pejora
873 3484 1003 3539 facis
1025 3525 1040 3549 ,
1070 3497 1228 3553 quam
1257 3481 1466 3537 veniam
1493 3475 1873 3546 consequeris?
1899 3474 2109 3530 Etenim

527 3579 570 3632 si
602 3578 648 3635 ei
684 3577 772 3630 cui
819 3575 1040 3629 abstulit
1083 3573 1169 3626 fur
1197 3571 1439 3626 restituat
1468 3567 1519 3622 id
1552 3576 1754 3622 tantum
1783 3565 1920 3636 quod
1964 3564 2110 3618 abri-

527 3671 660 3741 puit,
690 3670 874 3738 inique
901 3666 1042 3737 agit,
1084 3675 1137 3720 et
1167 3678 1335 3733 usque
1387 3661 1522 3716 adeo
1551 3668 1609 3713 nt
1636 3659 1913 3729 quadrupli
1961 3657 2110 3712 addi-

526 3762 668 3818 tione
693 3760 777 3814 vix
808 3769 1083 3830 peccatum
1107 3757 1237 3820 luat,
1266 3764 1318 3809 et
1359 3753 1472 3807 lucc
1502 3753 1552 3806 in
1585 3752 1750 3807 veteri
1797 3751 1912 3819 lege
1965 3767 1978 3804 :
2019 3749 2108 3818 qui

525 3868 628 3914 non
659 3852 829 3906 solum
853 3849 1073 3913 furatur,
1105 3847 1196 3902 sed
1225 3845 1384 3901 etiam
1409 3844 1670 3898 violenter
1699 3843 1907 3912 abripit,
1934 3856 2108 3911 neque

524 3944 596 3998 illi
625 3943 856 3998 restituit
902 3956 932 3996 a
973 3955 1080 4010 qtto
1115 3938 1380 4005 abripuit,
1410 3935 1504 3989 sed
1533 3934 1681 3988 alteri
1707 3974 1721 3999 ,
1755 3949 1815 3986 ac
1845 3949 1950 3986 nun
1978 3946 2106 4002 qna-

521 4035 766 4105 drnplum
793 4076 807 4100 ,
839 4033 948 4088 imo
989 4047 1056 4086 ne
1081 4030 1357 4084 dimidium
1384 4027 1595 4098 quidem
1620 4067 1633 4089 ,
1670 4041 1768 4080 nec
1799 4025 1903 4094 iam
1943 4025 1992 4078 in
2020 4039 2107 4078 ve-

525 4129 644 4192 teri,
679 4125 772 4180 sed
803 4126 852 4178 in
896 4138 1030 4178 nova
1057 4123 1193 4190 lege,
1220 4120 1393 4191 cogita
1423 4128 1674 4187 quantum
1727 4118 1899 4188 ignem
1935 4119 1984 4170 in
2016 4133 2104 4171 ca-

524 4227 613 4286 put
640 4194 1088 4285 sutnncongcrat.
1114 4213 1264 4282 Quod
1293 4213 1335 4266 si
1380 4211 1611 4265 nondum
1637 4225 1818 4280 paruas
1839 4209 1950 4273 dct,
1983 4209 2102 4264 ideo

523 4312 671 4374 illum
719 4309 923 4378 lugeas,
955 4305 1096 4376 quod
1139 4305 1237 4359 sibi
1271 4304 1526 4371 maiorem
1554 4303 1646 4356 irae
1678 4301 1985 4356 thesaurum
2017 4310 2100 4354 at-

523 4399 839 4466 trahat,nisi
867 4395 1232 4466 ptenitcntiam
1253 4403 1391 4464 agat.
1425 4393 1560 4459 Quid
1589 4393 1722 4447 enim
1748 4393 2048 4447 existimatis
2082 4434 2098 4460 ,

522 4493 710 4562 inquit,
742 4489 1018 4549 illossolos
1047 4497 1332 4556 peccatores
1373 4487 1528 4556 fuisse
1548 4528 1562 4552 ,
1599 4502 1752 4556 super
1778 4502 1902 4555 quos
1944 4487 2101 4540 turris

520 4581 742 4641 cecidit?
772 4579 823 4634 Ν
830 4597 916 4644 on,
941 4578 1053 4632 dico
1079 4577 1234 4639 vobis,
1279 4575 1364 4629 sed
1387 4576 1483 4628 nisi
1513 4575 1851 4643 paenitentiam
1879 4576 2097 4646 eger-itis,

521 4683 566 4727 et
608 4687 693 4727 vos
733 4669 884 4725 simul
932 4667 1151 4740 pet-ibitis
1184 4664 1347 4736 (Luc.
1404 4665 1572 4720 13.4.
1606 4665 1694 4735 ὅ).
1726 4664 2098 4719 Paenitentiam

520 4779 737 4835 agamus
767 4761 927 4836 igitur
947 4800 961 4824 ,
1011 4767 1067 4815 et
1095 4775 1125 4814 a
1157 4758 1340 4826 rapina
1370 4772 1553 4826 puram
1583 4755 1978 4827 eleemosynam
2006 4757 2101 4813 de-

522 4872 684 4921 mus,
717 4854 1039 4922 largiterque
1087 4866 1388 4921 erogcmus.
1442 4851 1680 4921 Cogitate
1722 4850 1936 4905 Judzcns
1974 4853 2098 4905 olim

518 4959 641 5004 octo
669 4949 812 5004 mille
839 4948 1049 5001 Levitas
1069 4945 1285 5008 aluisse,
1318 4953 1370 4998 ct
1398 4959 1519 4999 cum
1550 4943 1752 4999 Levitis
1778 4985 1793 5007 ,
1831 4944 2016 4998 viduas
2048 4953 2101 4998 et

519 5041 766 5111 pupillos,
802 5054 864 5093 ac
892 5045 1149 5108 praeterea
1179 5036 1487 5090 ministeriis
1536 5035 1655 5090 aliis
1689 5035 1969 5102 obnoxios,
2002 5035 2100 5088 mi-

520 5135 644 5188 litia:
666 5147 876 5202 quoque
905 5146 1125 5198 operam
1164 5129 1377 5183 dedisse
1409 5147 1421 5179 :
1447 5143 1588 5183 nunc
1618 5143 1746 5181 vero
1772 5143 1927 5196 agros
1951 5169 1964 5188 ,
2013 5127 2082 5180 do

518 5241 655 5285 nios.
676 5225 967 5279 locationes
995 5223 1208 5284 mdium,
1239 5221 1480 5276 vehicula
1503 5263 1518 5285 ,
1545 5222 1826 5286 muliones,
1850 5222 2020 5276 mulos
2046 5232 2098 5276 et

525 5318 693 5372 multa
749 5317 853 5370 alia
901 5314 1201 5381 hujusmodi
1247 5313 1482 5384 possidet
1505 5313 1742 5368 Ecclesia
1771 5318 1839 5366 ob
1869 5323 2095 5368 vestram

518 5409 911 5463 crudelitatem.
945 5407 1229 5475 Oporterct
1279 5419 1445 5474 penes
1474 5420 1571 5457 vos
1600 5420 1721 5459 esse
1743 5405 1884 5459 lmuc
1914 5406 2098 5460 Eccle-

520 5505 616 5565 si.c
673 5499 982 5552 thesaurum
1009 5538 1024 5563 ,
1057 5505 1112 5552 et
1141 5508 1453 5566 proventum
1487 5497 1601 5563 ejus
1641 5512 1704 5552 ex
1735 5509 1910 5551 vestro
1935 5499 2094 5552 animi

585 5632 598 5662 '
626 5631 699 5679 sic
738 5630 787 5678 le
825 5628 1003 5679 eadunt
1051 5637 1144 5685 est,
1179 5631 1318 5690 juxta
1340 5635 1463 5678 Evan
1503 5629 1650 5678 clium
1675 5630 1936 5691 Graecum,-
1959 5632 2096 5694 juxta

585 5705 637 5740 ru
660 5643 822 5740 Moror.
850 5699 901 5740 et
923 5693 1151 5740 quosdam
1174 5698 1277 5740 Mss.
1305 5644 1567 5740 legendzum
1593 5698 1746 5740 esset.
1778 5693 2067 5740 oncri.bant.

527 5705 637 5751 vero
660 5690 821 5742 Morel.
850 5699 901 5743 et
923 5693 1151 5756 quosdam
1174 5698 1277 5741 Mss.
1305 5690 1567 5754 legendum
1593 5698 1746 5754 esset,
1778 5690 2067 5756 operiliaut.

1425 253 1496 311 IN
1533 246 1939 310 ΜΑΤΤΠᾸΕυΜ·
1977 243 2204 301 HOMIL.

2248 244 2483 302 LXXXV
2495 291 2508 304 .
2549 251 2621 301 al.
2664 247 2948 306 LX‘XX‘W‘.
3729 259 3834 314 76‘!

2250 361 2424 412 studio
2457 361 2728 430 pendere:
2761 380 2900 419 nunc
2925 373 3100 420 autem
3136 367 3241 422 duo
3312 368 3704 429 absurda-hinc
3741 388 3831 427 na-

2247 461 2499 515 scuntur;
2536 467 2654 506 nam
2684 461 2739 508 et
2765 469 2858 509 vos
2885 456 3001 509 sine
3029 456 3203 512 fructu
3233 461 3483 528 manetis,
3507 472 3562 517 et
3584 463 3835 519 sacerdo-

2248 549 2327 595 tcs
2358 542 2445 596 Dei
2465 545 2562 599 sibi
2582 531 2686 598 non
2706 549 3060 614 competentia
3089 559 3340 606 tractant.
3365 552 3552 607 Annon
3576 564 3828 622 poterant

2243 635 2605 702 apostolorum
2632 646 2870 708 tempore
2889 639 3074 694 domus
3099 651 3148 695 et
3167 643 3280 713 agri
3296 660 3510 700 manere
3532 643 3550 697 ἶ
3569 644 3675 698 Cur
3697 661 3824 716 ergo

2247 727 2333 781 illa
2367 729 2663 784 vendebant
2691 771 2706 794 ,
2737 742 2788 786 et
2814 733 3044 802 pretium
3068 734 3494 791 distribuebant?
3533 737 3663 805 Quia
3697 739 3820 791 illud
3887 745 3899 756 ‘

2245 820 2436 873 melius
2465 830 2600 874 erat.

2314 912 2365 964 4.
2395 911 2498 965 Sed
2531 927 2668 965 nunc
2694 922 2869 981 patres
2902 925 3109 970 vestros
3140 917 3296 972 timor
3333 918 3550 982 inva~it,
3586 935 3650 973 nc
3677 919 3828 975 vobis

2244 1001 2442 1059 furiosa
2471 1021 2648 1058 rerum
2676 1007 3008 1060 smcularium
3038 1009 3325 1078 cupiditate
3354 1012 3543 1081 captis,
3568 1012 3826 1082 eulligcn-

2243 1095 2507 1163 tibusquc,
2543 1111 2640 1150 nec
2668 1099 3069 1165 spargentibns,
3112 1101 3426 1169 viduarum,
3452 1105 3773 1174 pupillorum
3805 1105 3820 1136 ί

2242 1187 2582 1254 εῑκνὶινςὶιιιιιιι
2614 1187 2764 1241 chori
2805 1187 2947 1244 fame
2977 1201 3196 1259 pereant
3227 1208 3242 1245 :
3273 1193 3393 1246 ἰαί-ὁ
3436 1195 3548 1248 hzec
3577 1195 3646 1248 ita
3673 1210 3820 1248 coin-

2242 1290 2440 1345 ponere
2467 1278 2633 1331 coacti
2663 1287 2804 1332 sunt.
2836 1278 3018 1349 Neque
3044 1281 3186 1336 enim
3231 1282 3481 1338 Volehant
3518 1284 3820 1354 hujusmodi

2240 1368 2470 1424 dedecus
2498 1369 2780 1426 admittere
2808 1412 2822 1434 ,
2850 1371 2942 1426 sed
2966 1371 3257 1442 cupiebant
3306 1375 3594 1429 voluntatis
3625 1389 3817 1429 VCSU‘J}

2242 1460 2569 1528 propositum
2603 1460 2730 1530 ipsis
2779 1471 3091 1530 proventum
3139 1479 3260 1519 esse
3284 1505 3300 1530 ,
3333 1473 3389 1520 ct
3419 1465 3541 1520 inde
3589 1465 3815 1520 ltuctum

2239 1549 2550 1620 decerpere,
2604 1551 2844 1607 dum-illi
2891 1554 3132 1622 precibus
3164 1564 3365 1610 tantum
3423 1556 3815 1613 incumberent.

2239 1640 2391 1695 Nunc
2416 1651 2594 1697 autem
2625 1643 2744 1697 illos
2769 1645 3020 1714 cocgistis
3051 1655 3148 1710 ,ιιι
3173 1661 3266 1700 eos
3298 1651 3385 1716 qui
3418 1663 3504 1701 res
3535 1648 3821 1703 saeculares

2238 1741 2292 1788 et
2319 1733 2604 1787 familiares
2637 1745 2861 1789 tractant
2910 1737 3469 1802 itnitarentur;-unde-
3499 1739 3678 1794 omnia
3727 1756 3819 1795 sus

2237 1825 2410 1896 deque
2439 1841 2590 1881 versa
2613 1836 2754 1881 sunt.
2785 1827 2916 1882 Nam
2948 1843 3067 1883 cum
3090 1838 3268 1883 et'vos
3299 1839 3371 1884 et'
3400 1844 3497 1884 nos
3521 1831 3707 1885 iisdem
3740 1834 3817 1886 si-

2237 1931 2358 1971 mus
2406 1919 2636 1988 negotiis
2685 1918 2909 1986 intenti,
2939 1919 3058 1989 quis
3102 1920 3267 1973 Deum
3301 1920 3566 1990 placabit?
3597 1921 3720 1976 ideo
3751 1938 3813 1974 os

2237 2023 2341 2061 non
2369 2008 2627 2064 audemus
2652 2012 2882 2078 aperire,
2915 2011 3036 2080 quia
3083 2012 3317 2067 Ecclesia
3362 2011 3492 2066 nihil
3519 2028 3548 2066 a
3591 2014 3816 2068 sarcula-

2237 2100 2380 2154 ribus
2429 2101 2731 2156 hominibus
2757 2102 2954 2158 differt.
3013 2103 3127 2158 Non
3159 2103 3382 2159 audistis
3411 2105 3681 2174 apostolos
3701 2146 3717 2171 ,
3751 2121 3820 2160 ne

2234 2193 2444 2262 quidem
2478 2196 2729 2264 pecunias
2766 2197 2882 2249 sine
2917 2196 3100 2251 labore
3143 2197 3396 2252 collectas
3424 2197 3818 2253 distribuendas

2233 2287 2571 2357 suscepisse"
2598 2287 2747 2342 Nune
2773 2298 2951 2356 autem
2980 2289 3238 2357 episcopi,
3267 2298 3564 2351 curatores,
3596 2305 3814 2344 meone-

2233 2392 2349 2432 mos
2377 2388 2431 2432 ct
2455 2393 2723 2447 caupones
2743 2379 3044 2449 hujusmodi
3069 2379 3424 2436 sollicitudine
3447 2389 3700 2450 superant
3728 2389 3818 2435 :et

2230 2485 2349 2525 cum
2369 2479 2642 2539 oporteret
2658 2471 2775 2525 illos
2789 2472 3085 2526 animarum
3103 2481 3394 2526 vestrarum
3413 2487 3592 2526 curam
3606 2487 3810 2542 gerere,

2229 2560 2415 2615 eadem
2440 2577 2560 2630 quae
2587 2571 2901 2631 exceptores
2923 2605 2937 2626 ,
2966 2573 3281 2633 qumstores,
3313 2563 3584 2618 rationarii
3616 2572 3673 2618 et
3713 2579 3811 2634 pe-

2229 2653 2450 2707 cuniarii
2478 2669 2665 2710 curare
2703 2664 2968 2725 coguntur
3001 2673 3013 2710 :
3043 2656 3111 2712 de
3152 2657 3234 2712 his
3263 2657 3500 2728 quotidie
3544 2666 3666 2710 sunt
3705 2658 3813 2711 sol-

2227 2745 2377 2800 liciti.
2436 2745 2561 2801 Haec
2609 2762 2717 2801 non
2769 2747 2963 2802 frustra
3019 2749 3280 2819 deploro,
3317 2750 3412 2806 sed
3464 2761 3520 2804 ut
3566 2751 3808 2821 qua-dam

2224 2827 2527 2892 emendatio
2577 2847 2632 2892 et
2677 2840 2898 2893 mutatio
2958 2848 3252 2910 sequatur,
3312 2851 3371 2896 ut
3423 2858 3520 2897 nos
3559 2845 3646 2913 qui
3707 2844 3805 2898 bac

2221 2931 2368 3000 gravi
2395 2931 2652 2984 servitute
2692 2931 3015 3000 premimur,
3045 2933 3467 2989 misericordiam
3512 2949 3808 3003 consequa-

2223 3039 2343 3078 mur
2363 3066 2378 3091 ,
2407 3034 2464 3078 ut
2489 3039 2583 3078 vos
2607 3023 2725 3079 sitis
2743 3023 2997 3080 Ecclesia:
3023 3034 3079 3080 et
3109 3035 3399 3096 proventus
3419 3035 3472 3080 ct
3500 3025 3801 3080 thesaurus.

2221 3117 2313 3172 Sin
2342 3118 2520 3171 nolitis
2544 3119 2587 3184 ',
2616 3131 2742 3172 ecce
2778 3132 3042 3187 pauperes
3069 3133 3250 3171 coram
3281 3119 3429 3171 vobis
3453 3127 3576 3172 sunt
3607 3135 3620 3171 :
3644 3128 3798 3188 quot-

2218 3219 2347 3280 quot
2371 3210 2684 3278 poterimus,
2709 3209 2946 3272 alemus;
2981 3224 3116 3279 quos
3164 3226 3268 3264 non
3303 3211 3615 3279 poterimus,
3645 3211 3798 3267 vobis

2216 3302 2438 3356 alcndos
2463 3302 2826 3369 relinquemus
2849 3342 2865 3367 ,
2896 3316 2964 3355 ne
2995 3302 3046 3354 in
3093 3302 3179 3356 die
3202 3301 3478 3357 tremenda
3510 3303 3669 3357 verba
3700 3303 3787 3357 illa

2215 3395 2462 3460 audiatis,
2496 3393 3001 3450 immisericordibus
3026 3404 3078 3450 et
3111 3395 3414 3474 inhumanis
3439 3395 3578 3450 dicta
3611 3415 3623 3450 :
3655 3395 3797 3451 Esu-

2213 3487 2424 3542 rieutem
2450 3504 2530 3541 me
2549 3488 2761 3554 uidistis,
2784 3497 2954 3543 etnon
2982 3490 3199 3543 aluistis.
3229 3489 3355 3544 Hinc
3377 3499 3523 3544 certe
3554 3489 3798 3544 inhumao

2215 3578 2351 3631 nitas
2381 3586 2434 3632 ct
2465 3592 2556 3632 vos
2578 3585 2632 3632 et
2653 3593 2750 3634 nos
2779 3579 3030 3634 ridiculos
3049 3580 3233 3644 efficit,
3263 3581 3384 3650 quia
3412 3581 3673 3646 oratione,
3699 3580 3796 3635 do-

2213 3669 2404 3734 ctrina,
2434 3669 2745 3740 caeterisque
2770 3671 2968 3724 sanctis
2991 3671 3262 3725 exercitiis
3293 3672 3513 3733 relictis,
3545 3672 3634 3726 alii
3657 3673 3789 3738 vini,

2212 3759 2299 3813 alii
2331 3759 2605 3826 frumenti,
2652 3760 2741 3814 alii
2785 3759 3010 3814 aliarum
3049 3776 3225 3815 rerum
3275 3762 3642 3817 venditoribus
3689 3763 3796 3818 liti-

2209 3850 2384 3919 gando
2411 3851 2699 3904 miscemur
2727 3851 2872 3904 omni
2923 3861 3180 3920 tempore.
3223 3851 3358 3906 llinc
3387 3852 3540 3919 rixae,
3572 3863 3791 3908 conten-

2213 3942 2402 4009 tiones,
2449 3951 2504 3998 et
2552 3942 2855 4013 quotidiana
2881 3945 3160 4003 convicia;
3194 3943 3519 4014 singulisque
3544 3946 3792 4000 sacerdo-

2211 4034 2349 4088 tibus
2374 4035 2588 4089 nomina
2631 4034 2872 4105 quaedam
2911 4035 3424 4109 imponunturhqtnc
3462 4037 3791 4092 secularibus

2207 4126 2408 4180 aedibus
2439 4127 2606 4197 magis
2632 4134 3030 4201 competercnt;
3058 4141 3177 4185 eum
3208 4137 3483 4197 Oporterct
3530 4128 3651 4183 aliis
3691 4145 3791 4183 no-

2207 4219 2436 4272 minibus
2457 4219 2653 4284 vocari,
2689 4235 2808 4288 quae
2848 4228 3148 4276 statuerunt
3170 4222 3417 4290 apostoli,
3446 4220 3513 4277 ab
3534 4222 3789 4278 alimento

2207 4310 2528 4380 pauperibus
2544 4311 2688 4375 dato,
2707 4327 2734 4363 a
2758 4312 3049 4380 patrocinio
3072 4313 3211 4367 laesis
3231 4329 3509 4382 concesso,
3523 4315 3590 4369 ab
3609 4315 3788 4384 ltoSpi-

2206 4402 2428 4463 talitate,
2457 4419 2485 4456 a
2523 4402 2760 4475 pra-stilo
2781 4405 3050 4472 oppressis
3078 4406 3278 4460 aux'tlio
3303 4446 3318 4472 ,
3352 4422 3381 4460 a
3409 4421 3532 4461 cura
3560 4409 3789 4478 pupillo-

2204 4509 2343 4559 rum,
2376 4510 2406 4549 a
2457 4494 2767 4551 defensione
2792 4496 3087 4560 viduarum,
3117 4512 3146 4550 a
3187 4500 3516 4567 protectiune
3561 4501 3782 4572 virgini-

2207 4591 2302 4645 bus
2331 4589 2473 4654 data,
2506 4599 2559 4644 et
2582 4589 2694 4645 bare
2715 4591 3009 4646 ministeria
3030 4592 3398 4648 sacerdotibus
3427 4594 3580 4660 tradi,
3608 4597 3784 4665 potius

2202 4695 2358 4750 quam
2379 4695 2625 4750 agrorum
2648 4680 2966 4752 aediumque.
2983 4681 3106 4737 Haec
3129 4682 3268 4736 enim
3291 4682 3542 4738 Ecclesiae
3564 4693 3687 4738 sunt
3710 4686 3785 4739 ci-

2204 4773 2358 4828 melia
2384 4791 2396 4827 :
2422 4772 2475 4827 bi
2500 4773 2732 4829 thesauri
2755 4773 2853 4844 ipsi
2880 4783 3264 4844 competentes,
3285 4791 3403 4845 quae
3433 4776 3654 4831 multam
3679 4791 3783 4830 no-

2205 4867 2283 4921 bis
2313 4866 2640 4933 facilitatem,
2659 4867 2915 4938 vobisque
2947 4867 3244 4932 utilitatem,
3274 4869 3380 4922 imo
3406 4867 3566 4922 etiam
3608 4866 3782 4922 facili-

2204 4972 2362 5016 tatem
2388 4971 2663 5031 prtestent.
2684 4961 2816 5018 Nam
2844 4978 2935 5032 per
2963 4963 3294 5032 Deigratiatn
3319 4974 3445 5033 puto
3473 4980 3564 5020 eos
3581 4965 3670 5036 qui
3698 4965 3786 5022 hic

2201 5064 2595 5126 congregantur
2624 5056 2690 5110 ad
2718 5066 2931 5111 centum
2959 5057 3103 5112 mille
3134 5058 3436 5128 pertingere
3461 5074 3476 5122 ;
3509 5065 3564 5111 ct
3593 5058 3638 5112 si
3668 5059 3786 5112 sin-

2201 5149 2306 5216 εειΙί
2330 5150 2551 5220 singulis
2576 5150 2892 5219 pauperibus
2915 5150 3149 5220 singulos
3184 5166 3345 5218 panes
3367 5151 3574 5211 darent,
3594 5166 3786 5215 omnes

2205 5242 2253 5292 in
2279 5258 2454 5296 rerum
2482 5241 2803 5297 abundantia
2851 5251 3030 5297 eSScnt
3059 5262 3072 5297 :
3097 5243 3141 5297 si
3173 5244 3368 5314 singuli
3397 5261 3557 5298 unttm
3590 5244 3785 5300 darent

2201 5335 2437 5397 obolum,
2469 5349 2535 5389 ne
2579 5349 2716 5390 unus
2761 5334 2974 5402 quidem
3028 5349 3230 5404 panper
3265 5345 3430 5402 eSset,
3481 5351 3655 5406 neque
3708 5345 3783 5390 tot

2203 5429 2418 5483 dicteria
2447 5437 2502 5482 ct
2532 5428 2721 5496 probra
2752 5428 3140 5492 sustineremus
3185 5429 3254 5482 ob
3283 5430 3778 5498 prasdiorttmsolli-

2202 5519 2510 5574 citudinetn.
2532 5519 2662 5573 Nam
2691 5519 2834 5583 illud,
2867 5517 3035 5572 Vende
3051 5521 3278 5574 universa
3301 5536 3414 5591 qua:
3439 5521 3607 5590 fugies,
3633 5530 3680 5576 et
3711 5521 3796 5583 da,

2268 5637 2284 5700 ιγ
2318 5634 2442 5689 Vox.
2469 5631 2947 5700 piipiliotjtim,_decst_
2975 5634 3020 5682 in
3047 5635 3208 5700 \torcl.

2274 5699 2289 5726 *
2326 5703 2451 5758 tta'c,
2469 5691 2558 5749 'siit
2582 5691 2960 5762 nolitisﬂestm‘t
2977 5710 3027 5747 ιιι
3051 5697 3214 5750 Morel.
