4094 6216
322 189 426 244 763

324 303 651 374 pauperibus,
693 310 737 355 et
764 300 893 367 veni,
927 316 1129 370 sequere
1156 316 1233 352 me
1254 297 1466 367 (Matth.
1491 298 1577 353 19.
1601 297 1716 367 21),
1746 297 1907 351 etiam

320 394 387 448 ad
445 392 702 448 Ecclesia:
760 390 1017 461 praesides
1062 391 1129 445 de
1174 390 1427 445 Ecclesiae
1482 389 1910 460 possessionibus

322 494 623 554 opportune
663 482 892 537 dicatur.
927 482 1048 536 Alio
1084 480 1228 536 enim
1262 481 1421 534 modo
1463 497 1569 535 non
1621 495 1909 550 possumus

326 586 382 626 ιιι
410 580 624 643 Oportet
652 573 825 643 sequi,
855 570 957 626 nisi
991 571 1136 625 omni
1163 568 1518 624 sollicitudine
1562 570 1827 625 crassiore
1855 578 1912 624 et

327 664 516 717 viliore
565 663 733 717 simus
781 662 956 717 vacui.
1009 660 1161 715 Nunc
1223 673 1401 715 autem
1460 660 1552 715 ftei
1606 660 1913 715 sacerdotes

326 754 629 818 vindemite,
676 754 879 819 messi,
921 752 1213 807 venditioni
1242 762 1296 806 et
1334 753 1591 822 emptioni
1645 752 1911 807 fructuum

327 847 457 903 dant
483 863 741 917 operam;
772 858 827 902 et
848 847 938 900 alii
959 847 1176 915 quidem
1210 846 1419 901 umbrae
1444 848 1742 902 servientes
1769 888 1784 913 ,
1817 847 1913 902 ho-

331 956 447 995 rum
473 942 711 994 omnium
738 941 1001 995 immunes
1045 952 1218 1007 erant,
1249 943 1349 996 etsi
1378 941 1641 1011 corporali
1670 942 1913 999 ministe-

333 1034 417 1089 rio
446 1033 681 1101 deputati
708 1050 721 1099 ;
749 1049 845 1088 nos
872 1044 1049 1088 autem
1082 1034 1169 1103 qui
1196 1032 1265 1088 ad
1292 1033 1403 1103 ipsa
1433 1033 1725 1104 penetralia
1752 1034 1915 1090 caelo-

330 1141 450 1180 rum
464 1139 776 1192 evocantur,
799 1126 921 1182 etin
946 1140 1075 1182 vera
1096 1136 1279 1180 sancta
1297 1135 1604 1181 sanctorum
1632 1127 1913 1189 intramus.

332 1226 689 1271 mercatorum
743 1225 798 1272 et
844 1230 1146 1285 cauponum
1191 1231 1349 1271 curas
1391 1217 1728 1287 suscipimus.
1780 1218 1919 1273 Hinc

332 1308 624 1377 Scriptum
662 1307 951 1362 admodum
979 1307 1336 1378 negliguntur,
1370 1309 1704 1377 precationes
1731 1312 1915 1379 segni-

1070 186 1125 239 S.
1153 182 1430 240 JOANNIS
1468 175 1930 239 CllRYSOSTOMI
1970 177 2279 234 AllClllEP.
2321 177 2851 235 CONSTANTINO‘P.

3496 179 3602 233 τιτι

2018 306 2099 350 ter
2122 297 2495 365 persolvuntur
2522 338 2536 363 ,
2567 299 2777 367 aliaque
2806 300 2986 353 omnia
3016 304 3450 352 contemnuntur.
3482 294 3600 350 Non

2016 389 2157 443 enim
2188 388 2305 443 fieri
2346 399 2551 459 potest,
2599 400 2653 444 ut
2680 390 2745 445 ad
2778 390 2892 445 haec
2921 390 3079 445 ambo
3105 405 3226 445 cum
3272 389 3451 445 studio
3474 389 3603 444 dili-

2015 479 2157 549 genti
2183 478 2511 534 scindantur.
2543 480 2721 547 Quare
2745 483 2975 537 obsecro
3018 492 3071 537 et
3100 496 3215 547 oro,
3249 491 3306 536 ιιι
3332 482 3484 536 multi
3514 498 3605 535 no.

2017 572 2099 627 bis
2124 572 2354 643 undique
2379 574 2553 628 fontes
2582 574 2897 640 scaturiant,
2948 583 3110 645 utque
3132 588 3257 629 area
3302 582 3481 629 vestra
3505 584 3560 628 et
3580 575 3600 605 ⁸

2020 663 2251 718 torcular
2278 672 2515 719 vestrum
2541 665 2611 719 sit
2654 665 2805 718 nobis
2833 665 2884 717 in
2936 665 3230 718 stimulum.
3276 664 3351 731 Ita
3378 666 3520 719 enim
3547 674 3603 719 et

2019 768 2280 823 pauperes
2309 754 2513 809 facilius
2537 754 2770 817 alentur,
2797 754 2941 809 Deus
2963 754 3371 825 gloriﬁcabitur,
3402 769 3603 822 vosjue

2019 844 2087 899 ad
2113 845 2312 915 majora
2336 844 2680 900 humanitatis
2701 861 2865 915 opera
2894 847 3185 916 progressi.
3206 856 3334 901 teter
3346 846 3430 900 nis
3455 845 3602 900 frue-

2022 938 2149 992 mini
2178 940 2367 994 bonis:
2406 955 2525 1006 qua:
2557 953 2654 992 nos
2698 952 2885 993 omnes
2912 940 3126 1007 assequi
3158 940 3454 1009 contingat,
3480 953 3604 1008 gra-
3700 990 3706 995 .

2023 1032 2091 1085 tia
2122 1040 2175 1084 et
2195 1027 2519 1099 benignitate
2540 1029 2748 1084 Domini
2775 1029 2943 1084 nostri
2981 1028 3108 1085 .lesu
3136 1029 3359 1095 Christi,
3390 1030 3475 1084 cui
3501 1029 3606 1098 glo-

2022 1124 2098 1177 ria
2126 1123 2178 1176 in
2209 1121 2402 1177 saecula
2434 1122 2777 1176 saeculorum.
2800 1122 2997 1175 Amen.

2087 1296 2103 1325 ⁸
2141 1292 2274 1353 Haec,
2297 1305 2415 1343 area
2436 1298 2593 1343 vestra
2613 1277 2681 1354 et,
2701 1292 2885 1343 desunt
2905 1294 2954 1342 in
2974 1293 3141 1344 Morel.

1365 1514 1711 1576 HOMILIA
1754 1516 2108 1577 LXXXVI.
2152 1516 2241 1577 al.
2282 1515 2670 1576 LXXXVII.

333 1657 467 1715 Car.
508 1659 597 1715 9.7.
627 1674 679 1713 v.
717 1659 801 1713 11.
841 1656 992 1711 Jesus
1044 1666 1214 1711 autem
1260 1659 1394 1711 stetit
1445 1668 1562 1711 ante
1613 1659 1875 1729 praesidem
1902 1700 1917 1724 ,

404 1761 448 1803 et
476 1750 797 1820 interrogavit
822 1765 934 1803 eum
962 1764 1165 1819 praeses,
1196 1750 1403 1804 dicens:
1433 1749 1509 1803 Tu
1536 1767 1585 1803 es
1612 1767 1701 1804 rea:
1718 1749 1924 1805 Judteo-

403 1841 558 1893 rum?
582 1838 734 1893 Jesus
760 1849 927 1893 autem
956 1840 1083 1893 dixit
1111 1855 1128 1894 :
1151 1839 1231 1893 Tu
1260 1840 1406 1895 dicis.
1438 1840 1524 1895 12.
1557 1840 1622 1895 Et
1647 1857 1758 1894 cum
1780 1857 1922 1894 accu-

404 1941 601 1985 saretur
620 1949 651 1985 a
674 1932 985 2003 principibus
1009 1930 1325 1986 sacerdotum
1355 1942 1401 1986 et
1420 1932 1699 1987 senioribus
1722 1933 1917 2003 pepuli,

408 2022 539 2075 nihil
567 2024 844 2091 respondit.

406 2114 463 2166 1.
499 2111 798 2167 Judceorum
823 2122 1177 2168 accusatorum
1213 2112 1399 2167 Christi
1430 2115 1564 2168 mala
1593 2114 1738 2183 ﬁdes.
1771 2113 1924 2170 Chri-

336 2213 441 2259 stus
464 2220 561 2273 quo
578 2221 724 2259 sensu
747 2222 799 2259 se
824 2222 987 2277 regem
1014 2205 1419 2261 dicit.—Viden’
1437 2207 1523 2261 hic
1547 2208 1771 2277 primum
1798 2223 1923 2262 exa-

340 2295 528 2348 minari
578 2295 702 2349 illud
736 2296 877 2365 quod
922 2295 1090 2351 Judaei
1144 2295 1573 2367 frequentissime
1603 2300 1923 2354 versabant?

337 2385 468 2453 Quia
498 2387 641 2440 enim
672 2387 922 2442 videbant
950 2387 1177 2441 Pilatum
1245 2386 1387 2444 nihil
1453 2388 1645 2458 legalia
1711 2404 1922 2458 curare,

336 2477 403 2531 ad
431 2478 639 2547 publica
658 2480 881 2535 crimina
902 2488 1199 2536 vertuntur.
1221 2481 1312 2536 Sic
1337 2490 1389 2536 et
1408 2496 1533 2550 erga
1553 2482 1824 2551 apostolos
1841 2482 1923 2539 fa-

338 2567 569 2636 ciebant,
586 2568 699 2623 hznc
725 2585 937 2640 semper
951 2570 1283 2640 objicientes,
1310 2572 1453 2640 ipsos
1474 2587 1665 2641 nempe
1688 2573 1923 2627 circum-

338 2658 418 2713 ire
470 2659 819 2728 pmdicantes
862 2676 1042 2730 regem
1091 2661 1373 2730 quemdam
1428 2660 1632 2729 Jesum,
1678 2664 1827 2733 quasi
1858 2664 1926 2720 de

339 2748 481 2804 nudo
505 2749 718 2805 homine
736 2751 849 2805 haec
872 2751 1128 2815 dicereut,
1143 2760 1197 2806 et
1213 2752 1279 2806 ad
1305 2753 1661 2822 suspicionem
1685 2756 1924 2827 tyranni-

338 2842 421 2897 dis
448 2842 779 2897 induceutes.
812 2843 962 2898 Unde
989 2844 1160 2913 palam
1191 2853 1309 2910 est,
1341 2845 1651 2902 scissionem
1695 2848 1920 2916 tunicas,

338 2944 393 2990 ct
428 2944 700 3003 stuporem
732 2935 995 3005 pontiﬁcis
1019 2937 1263 2991 simulata
1307 2936 1488 2994 fuisse.
1517 2938 1704 2995 Omnia
1731 2942 1926 3012 quippe

339 3028 625 3083 movebant
667 3038 721 3083 et
769 3028 1092 3095 versabant,
1127 3037 1182 3083 ut
1228 3039 1452 3085 mortem
1504 3031 1601 3098 ipsi
1645 3030 1923 3087 inferrent.

338 3120 452 3175 lloc
488 3120 662 3190 itaque
689 3120 887 3175 Pilatus
916 3131 1040 3176 tunc
1065 3121 1430 3192 interrogavit.
1462 3123 1595 3192 Quid
1622 3140 1749 3194 ergo
1774 3126 1928 3180 Citri-

339 3212 493 3266 stus?
526 3211 601 3265 Tu
639 3213 833 3267 dixisti.
877 3213 1166 3269 Confessus
1203 3225 1285 3269 est
1323 3230 1385 3271 se
1423 3232 1598 3286 regem
1638 3232 1756 3273 esse
1780 3259 1794 3282 ,
1831 3218 1925 3273 scd

339 3303 609 3358 emlestem
640 3319 819 3372 regem
851 3305 869 3335 ¹
900 3320 912 3357 :
941 3304 1081 3373 quod
1125 3306 1249 3360 alibi
1280 3306 1475 3359 clarius
1505 3307 1672 3361 Pilato
1703 3323 1924 3377 respon-

341 3395 476 3447 dens
496 3394 666 3447 dixit:
688 3393 919 3463 Regnum
938 3412 1102 3449 meum
1124 3413 1222 3449 non
1246 3398 1400 3450 estde
1423 3397 1516 3451 hoc
1538 3399 1724 3453 mundo
1745 3398 1923 3468 (Joan.

341 3487 430 3540 18.
460 3485 577 3555 36),
600 3494 658 3539 ut
685 3502 855 3557 neque
878 3486 949 3550 hi,
980 3503 1152 3558 neque
1180 3488 1251 3541 illi
1288 3489 1412 3543 talia
1445 3500 1762 3547 accusantes
1782 3535 1796 3559 ,
1829 3494 1927 3546 ali-

341 3591 498 3645 qutun
531 3577 924 3631 excusationem
958 3577 1249 3643 baberent;
1279 3579 1635 3651 invictamque
1668 3582 1924 3637 rationem

339 3665 497 3720 aﬂ'ert
520 3682 532 3719 :
559 3665 620 3721 Si
643 3682 705 3720 ea:
734 3666 827 3720 hoc
853 3667 1041 3721 mundo
1065 3684 1242 3735 essent,
1273 3670 1372 3722 mei
1395 3670 1565 3740 utique
1593 3672 1923 3742 decertarent,

339 3777 403 3816 ue
430 3761 672 3817 traderer.
708 3760 904 3815 Idcirco
935 3771 991 3816 ut
1028 3761 1165 3817 hanc
1192 3764 1546 3832 suspicionem
1584 3776 1925 3834 removeret,

338 3863 392 3907 et
435 3854 688 3908 tributum
737 3854 935 3920 solvit,
977 3866 1031 3909 et
1072 3856 1207 3911 alios
1246 3857 1453 3911 solvere
1486 3856 1674 3927 jussit;
1715 3867 1769 3912 et
1807 3875 1926 3913 cum

342 3944 541 3999 vellent
582 3960 701 3999 eum
746 3961 923 4015 regem
956 3944 1130 4000 facere
1155 3987 1169 4009 ,
1209 3946 1425 4015 aufugit.
1460 3944 1565 3999 Cur
1600 3956 1811 4014 autem,
1843 3948 1926 4003 in.

336 4036 510 4106 quies,
539 4036 653 4091 haec
679 4053 784 4090 non
813 4037 863 4090 in
892 4037 1123 4091 medium
1152 4038 1389 4107 protulit,
1415 4052 1533 4090 cum
1557 4036 1622 4091 de
1646 4039 1926 4108 tyrannide

337 4127 713 4182 accusaretur?
756 4125 887 4193 Quia
935 4140 1055 4179 cum
1098 4134 1376 4180 sexcentos
1422 4126 1681 4182 baberent
1726 4145 1793 4183 ex
1833 4146 1924 4185 re-

336 4216 438 4272 bus
464 4216 594 4286 ipsis
612 4219 631 4247 ³
661 4216 1143 4271 demonstrationes
1171 4216 1238 4270 de
1268 4225 1547 4285 potestate,
1576 4218 1643 4275 de
1672 4236 1922 4276 mansue-

339 4306 562 4372 tudine,
611 4307 679 4362 de
726 4307 1025 4373 modestia,
1074 4307 1301 4362 libentes
1348 4309 1734 4374 czecutiebant,
1786 4311 1924 4365 mala

336 4399 779 4454 machinabantur
798 4440 817 4466 ,
843 4409 897 4455 et
922 4410 1227 4469 corruptum
1258 4409 1371 4456 erat
1395 4402 1673 4470 judicium.
1706 4402 1831 4459 ideo
1855 4404 1922 4458 ad

336 4489 467 4543 nihil
513 4491 797 4560 rcSpoudet
822 4533 837 4556 ,
870 4490 963 4546 sed
1005 4501 1183 4557 tacet,
1214 4501 1268 4547 et
1296 4492 1607 4549 brevissime
1637 4495 1922 4563 aliquando

336 4580 600 4650 loquitur,
630 4597 696 4636 ne
726 4597 791 4636 ex
824 4592 1078 4660 perpetuq
1105 4583 1316 4638 silentio
1340 4587 1654 4655 arrogantia:
1683 4586 1782 4640 sibi
1810 4588 1923 4641 exi-

336 4673 693 4726 stimationem
723 4681 969 4741 pareret,
996 4689 1189 4743 nempe
1215 4689 1334 4728 cum
1360 4674 1623 4744 adjuravit
1647 4676 1878 4745 pontifex
1901 4719 1917 4744 ,

333 4777 457 4817 cum
503 4763 849 4833 interrogavit
893 4778 1124 4833 praeses;
1169 4765 1234 4817 ad
1265 4764 1471 4834 objecta
1500 4781 1626 4820 vero
1655 4767 1874 4821 crimina
1899 4812 1913 4835 ,

332 4854 457 4923 quia
496 4869 554 4909 se
588 4855 804 4909 minime
844 4869 1220 4924 persuasurum
1249 4871 1367 4910 esse
1397 4857 1635 4921 sciebat,
1668 4859 1799 4911 nihil
1830 4875 1918 4913 re-

333 4947 569 5016 spondit.
598 4947 747 5015 Quod
775 4956 827 5002 et
853 4947 1108 5017 propheta
1132 4947 1361 5018 idipsum
1390 4948 1750 5018 praenuntians
1771 4949 1914 5005 dice-

332 5040 423 5095 bat
467 5056 481 5093 :
527 5039 592 5093 In
631 5041 909 5094 humilitate
951 5042 1061 5112 ejus
1098 5040 1353 5109 judicium
1393 5042 1501 5103 eius
1545 5040 1796 5095 sublatum
1845 5052 1917 5095 est

333 5131 499 5203 (Isai.
526 5133 614 5188 55.
644 5132 737 5202 8).
768 5132 845 5187 De
873 5132 956 5187 his
980 5132 1273 5187 mirabatur
1298 5145 1497 5203 prreses
1527 5150 1539 5185 :
1567 5132 1917 5189 admiratione

334 5223 529 5294 quippe
555 5223 774 5292 dignum
803 5234 916 5282 erat
940 5265 956 5288 ,
986 5231 1185 5278 tantam
1216 5222 1529 5277 modestiam
1556 5230 1610 5278 et
1638 5223 1913 5277 taciturni-

335 5320 496 5369 tatem
544 5312 796 5368 exhibere
840 5328 960 5368 eum
1005 5313 1095 5383 qui
1141 5314 1417 5368 innumera
1461 5311 1642 5367 dicere
1687 5322 1912 5382 poterat.

338 5405 517 5478 Neque
556 5406 698 5461 enim
731 5404 872 5475 quod
908 5404 1106 5476 aliquid
1150 5406 1203 5459 in
1234 5419 1300 5459 eo
1328 5403 1451 5459 mali
1482 5410 1729 5475 putarent
1756 5418 1875 5459 esse
1899 5443 1915 5471 ,

361 5542 384 5607 ’_
400 5540 494 5607 ᾼιὶἰ
518 5541 719 5607 habent,
742 5546 788 5607 et
801 5552 959 5603 regem
981 5539 1235 5607 ctelestem,
1250 5537 1379 5601 quod
1394 5539 1624 5607 majorem
1642 5540 1735 5607 vim
1747 5539 1916 5589 habet.

367 5605 392 5635 ⁸
406 5602 462 5652 in
484 5602 646 5651 Morel.
673 5598 873 5665 legitur;
889 5616 915 5654 e
934 5600 1208 5666 Scripturis,
1222 5598 1331 5665 pro,
1356 5612 1422 5651 ea:
1434 5598 1573 5651 rebus
1596 5598 1730 5663 ipsis.

2028 1659 2174 1714 illum
2206 1660 2526 1715 accusabant
2545 1702 2560 1723 ,
2589 1660 2684 1716 sed
2714 1661 2878 1715 livore
2904 1667 3104 1716 tantum
3135 1670 3189 1719 et
3219 1661 3412 1716 invidia
3441 1662 3605 1718 ducti.

2026 1749 2157 1805 Nam
2185 1766 2305 1804 cum
2337 1750 2498 1805 falsos
2526 1760 2688 1807 testes
2716 1751 3038 1806 induxerunt
3058 1793 3074 1819 ,
3101 1766 3197 1806 cur
3222 1767 3342 1807 cum
3369 1752 3501 1807 nihil
3525 1751 3608 1805 di-

2019 1833 2251 1896 cendum
2302 1841 2600 1909 haberent,
2647 1841 2820 1897 adhuc
2866 1842 3164 1898 accusando
3222 1842 3614 1912 perstiterunt?

2028 1947 2124 1985 cur
2160 1931 2346 1987 Judam
2380 1933 2736 2002 eXSpirantem
2774 1932 3015 1988 videntes
3037 1975 3052 1998 ,
3084 1942 3137 1989 et
3167 1933 3391 1987 Pilatum
3424 1949 3617 1988 manus

2030 2024 2291 2079 lavantem
2311 2066 2325 2089 ,
2359 2040 2464 2079 non
2494 2026 2794 2094 compuncti
2821 2025 2984 2079 sunt?
3008 2024 3139 2080 Nam
3171 2025 3335 2078 multa
3363 2025 3453 2079 illo
3480 2032 3613 2078 tent-

2031 2131 2159 2187 pore
2199 2115 2321 2171 fecit
2345 2157 2360 2182 ,
2402 2131 2521 2186 qua:
2559 2115 2626 2170 ad
2672 2115 3089 2185 resipisceudum
3130 2115 3476 2179 inducerent;
3516 2113 3614 2168 sed

2029 2206 2280 2260 meliores
2306 2220 2412 2260 non
2439 2204 2613 2260 effecti
2640 2216 2782 2261 sunt.
2809 2206 2943 2274 Quid
2971 2221 3098 2275 ergo
3125 2205 3345 2260 Pilatus.
3372 2207 3458 2260 15.
3490 2204 3613 2259 Non

2029 2300 2178 2355 audis
2197 2310 2386 2369 quanta
2404 2300 2488 2353 isti
2506 2300 2743 2354 adversus
2764 2310 2811 2353 te
2830 2301 3162 2370 testiﬁcantur
3178 2300 3204 2353 ?
3223 2298 3446 2354 Volebat
3467 2299 3611 2354 enim

2029 2392 2177 2447 illum
2204 2407 2264 2449 se
2287 2391 2661 2448 defendentem
2696 2392 2928 2447 liberare
2953 2433 2968 2457 ,
3001 2392 3223 2463 ideoque
3252 2392 3329 2445 sic
3356 2391 3613 2461 loqueba-

2032 2490 2149 2549 tur;
2197 2498 2318 2538 cum
2362 2493 2544 2538 autem
2579 2483 2707 2537 nihil
2744 2483 3132 2552 responderet,
3162 2483 3305 2538 aliud
3339 2482 3614 2551 quidpiam

2030 2573 2381 2627 machinatur.
2414 2573 2691 2639 Quodnam
2720 2574 2891 2629 illud?
2926 2574 3039 2629 Mos
3062 2584 3177 2628 erat
3200 2572 3471 2628 dimittere
3510 2575 3613 2628 illis

2032 2679 2192 2718 unum
2225 2679 2290 2719 ex
2321 2666 2492 2719 noxiis
2512 2707 2527 2730 ,
2559 2674 2612 2720 ct
2638 2664 2735 2719 hac
2761 2667 2841 2719 via
2874 2665 3021 2719 illum
3048 2666 3257 2734 eripere
3284 2665 3523 2719 tentavit.
3555 2663 3613 2720 Si

2032 2769 2135 2807 non
2165 2756 2354 2820 vultis,
2387 2756 2589 2825 inquit,
2624 2766 2680 2810 ut
2708 2760 2969 2811 insontem
2998 2758 3291 2821 dimittere,
3324 2766 3379 2811 ut
3404 2766 3619 2812 sontem

2031 2848 2217 2899 saltem
2258 2846 2310 2899 in
2342 2848 2677 2902 solemnitate
2707 2848 2916 2902 solvite.
2953 2848 3136 2903 Viden’
3173 2849 3441 2903 inversum
3469 2849 3614 2903 ordi-

2033 2937 2193 2990 nem?
2219 2937 2275 2991 In
2303 2952 2452 2993 more
2478 2948 2595 2991 erat
2621 2949 2677 2992 ut
2700 2954 2793 3007 pro
2820 2939 3083 2994 damnatis
3111 2940 3338 3010 pepulus
3366 2948 3570 3009 peteret
3597 2981 3617 3005 ,

2033 3042 2231 3095 praeses
2258 3043 2384 3082 vero
2407 3028 2727 3084 concederet
2755 3047 2768 3083 :
2798 3045 2937 3085 nunc
2962 3045 3123 3101 porro
3147 3031 3472 3084 contrarium
3499 3031 3615 3084 eﬂi-

2030 3117 2208 3183 citur;
2240 3133 2441 3188 praeses
2480 3119 2532 3173 id
2560 3133 2591 3173 a
2621 3121 2821 3189 populo
2851 3122 2977 3189 petit
3002 3161 3017 3186 ,
3054 3136 3230 3190 neque
3255 3122 3333 3176 sic
3362 3121 3437 3174 illi
3467 3121 3614 3175 miti~

2029 3218 2259 3278 gantur,
2310 3211 2417 3263 imo
2462 3210 2629 3280 magis
2676 3209 2981 3277 ferociunt,
3029 3226 3322 3281 vocemque
3365 3210 3615 3265 emittunt

2032 3300 2243 3355 invidiae
2283 3302 2469 3355 morbo
2506 3301 2767 3357 furentes.
2812 3302 2994 3373 Neque
3029 3304 3171 3358 enim
3213 3304 3412 3374 aliquid
3457 3319 3613 3358 accu-

2030 3391 2199 3447 sando
2233 3393 2468 3462 objicere
2497 3402 2773 3463 poterant,
2801 3396 3007 3450 etiamsi
3037 3396 3122 3450 ille
3151 3406 3349 3451 taceret
3369 3439 3381 3454 .
3412 3397 3505 3452 sed
3537 3396 3615 3452 sie

2032 3490 2207 3536 tamen
2233 3482 2660 3551 eonfutabantnr,
2689 3500 2755 3540 eo
2781 3485 2920 3556 quod
2955 3497 3058 3539 tam
3089 3485 3252 3541 multa
3284 3497 3465 3541 essent
3493 3503 3617 3557 quae

2029 3570 2177 3627 illum
2201 3572 2399 3641 justum
2427 3588 2548 3629 esse
2572 3574 2903 3630 declararent
2933 3594 2947 3630 :
2979 3587 3157 3631 tacens
3185 3578 3425 3633 vincebat
3455 3577 3575 3631 illus
3594 3618 3611 3640 ,

2032 3662 2308 3718 innumera
2332 3664 2569 3719 dicentes
2594 3676 2647 3720 et
2670 3668 2924 3721 furentes.
2958 3666 3044 3722 19.
3073 3667 3292 3723 Sedente
3313 3680 3479 3722 autem
3500 3670 3617 3738 ipso

2032 3769 2125 3822 pro
2156 3754 2415 3821 tribunali,
2444 3757 2576 3809 mis-it
2604 3758 2671 3809 ad
2693 3775 2803 3811 eum
2831 3774 2959 3811 uxor
2981 3760 3089 3826 ejus
3114 3760 3282 3813 dicens
3306 3776 3323 3814 :
3347 3759 3495 3814 Nihil
3523 3762 3615 3815 tibi

2032 3854 2078 3896 et
2115 3846 2256 3915 justo
2286 3846 2401 3899 huic
2439 3862 2457 3900 :
2486 3849 2643 3901 multa
2671 3850 2804 3901 enim
2830 3866 2981 3918 passa
3007 3865 3120 3904 sum
3148 3850 3298 3905 hodie
3334 3868 3425 3921 per
3451 3854 3611 3907 visunt

2032 3947 2235 4008 propter
2258 3940 2444 4009 ipsum.
2476 3938 2636 3993 Vides
2664 3956 2846 3993 rursus
2874 3954 2985 3995 rem
3008 3957 3127 4011 qua:
3149 3944 3410 4012 potuisset
3434 3942 3553 3998 illos
3578 3958 3609 3997 a

2031 4031 2302 4099 pr0posito
2331 4045 2603 4086 revocare.
2655 4031 2783 4085 Post
2817 4031 3327 4089 demonstrationem
3365 4034 3507 4088 enim
3541 4049 3609 4088 ex

2029 4137 2206 4176 rerum
2245 4124 2573 4191 experientia
2614 4133 2816 4193 partam
2842 4165 2858 4191 ,
2891 4141 2994 4178 non
3028 4127 3172 4195 parvi
3213 4131 3466 4180 momenti
3494 4138 3610 4181 erat

2027 4216 2292 4267 somnium
2335 4214 2485 4268 illud.
2528 4214 2596 4267 Et
2629 4230 2726 4269 cur
2762 4230 2866 4269 non
2906 4216 3019 4286 ipse
3060 4216 3259 4271 Pilatus
3297 4216 3469 4271 vidit?
3514 4217 3609 4272 Vel

2026 4308 2146 4376 quia
2175 4307 2261 4359 illa
2291 4306 2500 4377 dignior
2526 4316 2640 4362 crat
2666 4324 2680 4367 ;
2706 4308 2787 4362 vel
2816 4309 2938 4377 quia
2963 4309 3006 4362 si
3036 4309 3146 4379 ipse
3168 4310 3407 4376 vidisset,
3430 4311 3607 4366 credi-

2027 4409 2135 4452 tum
2166 4399 2263 4469 ipsi
2295 4415 2400 4453 non
2429 4398 2634 4467 fuisset,
2656 4410 2746 4455 aut
2768 4416 2873 4455 non
2900 4409 2957 4455 ut
2976 4402 3147 4457 visum
3171 4402 3338 4457 fuerat
3359 4403 3605 4458 dixisset.

2025 4491 2227 4546 Idcirco
2250 4492 2553 4560 providctur
2573 4501 2629 4544 ιιι
2653 4507 2792 4545 uxor
2811 4492 3005 4557 videat,
3029 4508 3135 4563 quo
3156 4508 3242 4548 res
3264 4494 3333 4548 sit
3353 4495 3605 4550 omnibus

2024 4593 2168 4637 nota.
2201 4582 2310 4637 Nec
2338 4582 2495 4638 modo
2533 4583 2708 4648 videt,
2755 4583 2849 4637 sed
2888 4585 3047 4640 etiam
3091 4586 3253 4639 multa
3296 4587 3515 4655 patitur.
3547 4598 3605 4643 ut

2022 4675 2175 4729 uxori
2196 4674 2486 4730 condolens
2515 4675 2628 4743 ipse
2655 4674 2853 4730 tardior
2877 4675 2941 4729 ad
2968 4675 3166 4731 caedem
3188 4678 3415 4732 veniret.
3445 4679 3605 4734 Tem-

2024 4784 2121 4838 pus
2149 4784 2276 4822 vero
2304 4783 2406 4823 ιιοιι
2438 4784 2621 4837 parum
2653 4768 2717 4822 ad
2750 4769 2799 4823 id
2828 4768 3168 4835 conferebat;
3201 4786 3322 4825 nam
3370 4772 3455 4827 illa
3487 4772 3600 4844 ipsa

2023 4870 2176 4915 nocte
2200 4860 2420 4914 viderat.
2452 4860 2642 4914 Verum
2669 4875 2772 4913 non
2797 4869 2909 4914 tuto
2931 4868 3139 4929 poterat
3157 4861 3454 4930 dimittere,
3478 4865 3599 4935 quia

2020 4947 2291 5011 dixerant,
2322 4944 2559 5012 Seipsum
2586 4960 2747 5013 regem
2777 4946 2917 5014 facit.
2944 4945 3229 5013 Oportebat
3256 4961 3383 5017 ergo
3411 4949 3600 5016 proba-

2020 5041 2193 5095 tiones
2222 5047 2276 5094 et
2302 5046 2630 5108 argumenta.
2657 5046 2814 5106 atque
2843 5036 3101 5092 affectatae
3127 5038 3420 5109 tyrannidis
3448 5040 3597 5111 signa

2019 5146 2289 5200 qumrere;
2337 5140 2459 5199 puta
2480 5169 2496 5194 ,
2524 5145 2649 5182 num
2680 5130 2968 5183 exercitum
3002 5129 3442 5198 conscripsisset,
3471 5146 3596 5186 num

2022 5224 2271 5295 pecunias
2313 5222 2614 5292 collegisset
2645 5223 2660 5252 ¹
2687 5262 2703 5286 ,
2736 5237 2859 5276 num
2899 5236 3049 5276 arma
3096 5222 3381 5277 fabricatus
3417 5234 3595 5289 esset,

2021 5333 2144 5371 num
2174 5316 2296 5387 quid
2326 5315 2501 5370 simile
2527 5322 2804 5370 tentasset.
2838 5313 2931 5369 llle
2956 5328 3085 5370 vero
3112 5314 3228 5369 sine
3252 5330 3411 5368 causa
3439 5314 3506 5369 ab
3534 5316 3596 5369 iis

2019 5424 2079 5466 8e
2101 5408 2292 5465 attrahi
2325 5407 2554 5479 patitur;
2584 5407 2811 5477 ideoque
2836 5421 2945 5462 non
2966 5407 3121 5477 culpa
3145 5417 3419 5475 expertem
3448 5406 3592 5461 illum

2017 5518 2136 5559 esse
2176 5499 2435 5571 significat
2470 5498 2711 5554 Christus
2751 5497 2979 5554 dicens:
3009 5498 3110 5562 Qui
3146 5513 3224 5552 me
3263 5496 3472 5551 tradidit
3509 5498 3605 5554 tibi

2086 5600 2106 5631 ι
2135 5602 2264 5656 κως,
2288 5605 2402 5644 num
2424 5590 2650 5654 pecunias
2673 5589 2956 5655 collegisset,
2977 5588 3157 5640 desunt
3179 5591 3227 5638 in
3253 5585 3415 5638 Morel.
