4068 6214
437 262 541 319 765

436 376 603 443 majus
644 382 899 445 peccatum
933 371 1075 425 habet
1102 374 1119 441 (
1151 362 1315 424 ,Ιοαηζ
1336 368 1421 425 18.
1457 370 1525 424 56
1556 368 1595 435 ).
1639 368 1757 423 Prm
1796 366 2017 421 mollitie

437 468 597 536 igitur
618 465 798 528 cessit,
821 474 875 520 et
897 463 1206 517 verberibus
1230 462 1378 516 illum
1405 460 1632 531 excepit.
1664 459 1835 514 Mollis
1862 459 2021 531 igitur

434 570 488 614 et
516 561 661 614 iners
687 566 803 613 erat
831 576 841 611 :
872 556 1136 627 principes
1162 563 1337 610 autem
1366 554 1702 608 sacerdotum
1728 548 1942 621 maligni
1969 558 2021 627 et

434 652 657 708 versuti.
691 649 821 719 Quia
850 650 991 703 enim
1024 648 1113 703 ille
1142 645 1357 701 modmn
1386 644 1798 712 excogitaverat,
1830 626 2022 710 nempe

434 743 790 798 solemnitatis
817 742 1008 811 legem,
1031 756 1148 809 qua).
1167 739 1388 808 jubebat
1410 739 1715 790 damnatum
1739 735 2019 804 quemdam

435 836 651 899 dimitti,
683 834 808 905 quid
840 835 925 889 hic
954 832 1362 887 machinantur?
1391 828 1575 883 Turba:
1603 836 1901 891 suaserunt,
1937 827 2019 880 in-

436 928 570 997 quit,
599 934 654 979 ut
683 924 967 979 Barabbam
994 932 1233 994 peterent.
1838 926 1851 933 ’

506 1018 563 1072 9..
593 1015 782 1072 Viden’
808 1024 1001 1086 quanta
1031 1015 1118 1068 illc.
1143 1011 1469 1082 providentia
1495 1018 1646 1065 curet
1670 1009 1792 1063 illos
1813 1023 1841 1061 a
1867 1008 2021 1077 culpa

438 1109 687 1175 liberare,
717 1117 771 1163 et
797 1116 999 1177 quanto
1030 1106 1103 1160 illi
1130 1105 1307 1160 studio
1334 1108 1595 1172 sataga'nt,
1617 1111 1673 1156 ut
1711 1117 1804 1156 nec
1836 1100 2020 1155 umbra

438 1202 545 1256 illis
578 1199 936 1255 excusationis
962 1196 1331 1267 relinquatur?
1358 1195 1494 1263 Quid
1531 1193 1671 1249 enim
1706 1192 2022 1262 oportebat?

437 1308 503 1345 an
528 1290 637 1360 jam
668 1289 1000 1353 convictum,
1028 1302 1094 1341 an
1125 1302 1246 1342 eum
1269 1328 1283 1350 ,
1314 1286 1382 1340 de
1407 1299 1511 1354 quo
1540 1282 1908 1348 dubitabatur,
1938 1282 2017 1336 di-

438 1380 692 1435 mittere?
722 1379 850 1434 Nam
879 1380 923 1433 si
958 1394 1022 1433 ex
1050 1378 1292 1432 sontibus
1320 1377 1587 1431 dimittere
1612 1391 1773 1429 unum
1803 1384 2022 1444 oporte-

439 1473 529 1528 bat
553 1515 566 1536 ,
599 1472 766 1526 multo
796 1470 963 1541 magis
989 1471 1033 1524 si
1064 1470 1355 1538 cujnspiam
1383 1468 1537 1538 Culpa
1569 1481 1674 1521 non
1702 1476 1824 1520 nota
1856 1474 2019 1521 esset.

438 1566 618 1637 Neque
642 1568 783 1621 enim
808 1565 936 1633 ipsis
957 1563 1252 1618 manifestis
1274 1562 1555 1617 homicidis
1576 1560 1726 1630 pejor
1747 1560 1848 1613 illis
1868 1559 2024 1613 Jesus

440 1656 715 1712 videbatur
755 1671 894 1711 esse.
942 1654 1145 1710 Idcirco
1190 1668 1293 1708 non
1339 1653 1509 1707 solum
1541 1651 1705 1718 dixit,
1748 1650 2025 1704 Ilabebant

440 1750 719 1814 latronem,
746 1749 860 1812 sed,
885 1747 1145 1818 Insignem
1172 1747 1453 1810 latronem,
1479 1743 1712 1814 nequitia
1734 1742 2019 1809 celebrem,

437 1842 526 1911 qui
558 1840 701 1894 mille
730 1839 906 1894 cmch
947 1846 1362 1907 perpetraverat.
1408 1837 1652 1889 Attamen
1696 1834 1843 1888 illum
1879 1833 2023 1888 orbis

436 1931 707 1988 Servaturi
739 1932 1109 2001 pr:rtulerunt,
1140 1944 1310 1997 neque
1336 1942 1545 1982 sacrum
1574 1935 1783 1995 tempus
1811 1922 2022 1979 reveriti

437 2033 562 2079 sunt
585 2066 599 2086 ,
630 2040 735 2077 non
781 2021 1123 2075 hmnauitatis
1161 2020 1304 2090 leges
1328 2060 1342 2083 ,
1388 2032 1487 2073 nec
1512 2017 1780 2087 quidpiam
1811 2015 2019 2071 simile:

437 2118 530 2172 ε.νά
560 2118 677 2171 illos
703 2115 893 2169 invidia
918 2114 1237 2168 exemcavit:
1264 2127 1361 2167 nec
1386 2127 1478 2164 sua
1505 2111 1737 2165 contenti
1767 2110 2021 2179 nequitia,

440 2210 689 2279 populum
722 2209 882 2263 etiam
915 2214 1295 2274 corrmnpunt,
1327 2212 1381 2257 ut
1408 2203 1477 2258 ob
1507 2201 1643 2256 hanc
1671 2203 1829 2257 etiam
1868 2201 2021 2281 falla-

436 2306 571 2357 ciam
602 2311 869 2355 extremas
914 2292 1062 2353 luant
1092 2288 1299 2368 poenas.
1342 2296 1471 2352 Cum
1503 2310 1630 2365 ergo
1661 2296 1804 2349 illum
1839 2295 2022 2365 petiis-

438 2404 587 2458 scnt,
620 2396 692 2447 ait
727 2412 739 2447 :
779 2392 870 2447 9.2.
916 2391 1051 2459 Quid
1079 2407 1196 2462 ergo
1226 2390 1409 2459 faciam
1438 2389 1502 2442 de
1527 2388 1650 2442 Jesu
1674 2429 1688 2453 ,
1729 2388 1812 2458 qui
1843 2389 2025 2441 dicitur

438 2486 671 2541 Christus
700 2485 758 2539 ’?
804 2486 914 2539 lloc
954 2494 1106 2554 pacto
1135 2498 1343 2537 rursum
1378 2483 1497 2537 illos
1527 2480 1740 2536 ﬂectere
1772 2481 2020 2548 volebat,

439 2579 489 2632 id
532 2595 715 2632 eormn
759 2577 980 2631 arbitrio
1011 2575 1320 2644 permittens
1346 2614 1358 2636 ,
1391 2582 1447 2627 ut
1476 2588 1584 2642 pra:
1616 2571 1817 2640 pudore
1841 2570 2022 2626 Jesum

438 2680 722 2738 peterent,
765 2679 815 2723 et
856 2684 921 2724 ex
960 2683 1145 2723 eorum
1186 2666 1499 2720 liberalitate
1539 2674 1704 2718 totum
1750 2664 2018 2733 penderet.

437 2761 568 2814 Nam
594 2762 636 2816 si
664 2759 904 2825 dixisset,
929 2758 1042 2814 NOu
1072 2758 1328 2827 peccavit.
1352 2756 1795 2812 contentiosiores
1816 2756 2023 2811 elI'ecis-

436 2855 519 2899 set
547 2864 561 2899 :
593 2854 649 2899 ut
676 2855 852 2899 autem
882 2860 946 2899 ex
977 2843 1301 2897 humanitate
1344 2852 1652 2897 servaretur
1676 2883 1690 2907 ,
1734 2841 2023 2911 probabilis

437 2950 557 2990 esse
585 2936 769 3006 petitio
800 2934 1098 2991 videbatur.
1130 2933 1205 2989 llli
1235 2948 1360 2988 vero
1388 2933 1458 2989 ita
1487 2932 1736 2987 dixerunt
1765 2950 1778 2987 :
1808 2932 2025 3001 Cruci/i-

436 3048 499 3102 ge
521 3072 536 3098 ,
565 3030 802 3102 cruciﬁge
830 3045 961 3083 eum.
992 3027 1083 3084 25.
1114 3025 1217 3081 Ille
1240 3041 1355 3080 vero
1384 3025 1511 3080 dixit
1538 3040 1557 3079 :
1581 3024 1718 3092 Quid
1746 3025 1875 3079 enim
1900 3024 2025 3080 mali

438 3121 595 3191 frcit?
623 3121 687 3174 At
716 3120 799 3175 illi
827 3119 985 3174 multo
1014 3119 1173 3191 magis
1201 3107 1515 3181 clamabant,
1545 3114 1902 3186 Cruciﬁgatur.
1929 3115 2019 3171 24.

447 3212 637 3267 Videas
685 3221 853 3267 autem
891 3210 1093 3267 Pilatus
1116 3225 1168 3265 se
1193 3209 1324 3263 nihil
1346 3207 1590 3279 pro/icere
1612 3248 1627 3271 ,
1661 3206 1780 3259 lavit
1808 3222 1985 3258 manus
2004 3246 2020 3272 ,

437 3306 649 3359 dicens:
674 3301 923 3358 Inaoceus
956 3318 1045 3373 ego
1071 3318 1201 3355 smn.
1234 3300 1341 3354 Cur
1366 3312 1492 3368 ergo
1522 3297 1668 3351 illmn
1699 3295 1900 3350 tradis?
1929 3311 2024 3350 cur

441 3416 544 3451 non
576 3396 838 3465 eripuisti,
865 3396 1001 3450 sicut
1028 3393 1246 3449 Paulum
1275 3389 1552 3445 tribunus?
1580 3388 1677 3457 Qui
1705 3388 1866 3442 etiam
1896 3388 2024 3441 scie-

438 3482 529 3537 bat
557 3495 614 3535 se
643 3490 850 3551 gratum
901 3478 1015 3533 fore
1038 3476 1272 3540 ludar-is;
1306 3474 1498 3530 seditio
1522 3474 1717 3543 quippe
1745 3471 2026 3525 tumultus-

437 3587 543 3640 que
585 3578 802 3641 propter
846 3570 1017 3639 ipsum
1062 3567 1234 3622 factus
1277 3574 1359 3621 est
1385 3583 1397 3618 :
1426 3573 1661 3623 attamen
1694 3552 1888 3617 restitit
1932 3560 2024 3615 ille

441 3663 665 3717 fortiter.
707 3663 776 3715 At
816 3676 921 3715 non
961 3659 1038 3714 sic
1080 3660 1179 3713 iste
1204 3676 1218 3712 :
1246 3656 1339 3711 sed
1384 3656 1568 3726 ignave
1606 3654 1941 3722 molliterque
1965 3667 2024 3707 se

440 3748 603 3816 geSsit
633 3764 644 3799 :
673 3760 734 3799 ac
760 3744 914 3799 simul
941 3759 1129 3799 omnes
1153 3741 1385 3811 corrupti
1415 3741 1645 3795 fuerunt.
1676 3736 1856 3807 Neque
1880 3736 2021 3789 enim

443 3838 528 3893 hic
555 3838 715 3908 plebi,
745 3852 917 3906 neque
943 3833 1222 3889 multitudo
1247 3832 1443 3887 Judzeis
1472 3830 1664 3885 restitit
1684 3831 1740 3893 ’ς
1776 3827 2024 3897 nullaque

444 3932 547 3985 illis
573 3930 844 3987 excusatio
873 3936 1169 3998 supererat.
1200 3925 1331 3980 Nam
1364 3923 1687 3992 Supervacue
1714 3918 2020 3985 clamabant,

446 4023 546 4077 hec
573 4032 673 4087 est,
708 4019 873 4090 magis
900 4034 960 4074 ac
990 4018 1159 4089 magis
1183 4015 1503 4079 clamabant,
1533 4011 1893 4082 Cruciﬁgatur.
1920 4007 2025 4064 Ne-

450 4126 553 4177 que
573 4106 715 4163 enim
738 4108 913 4163 solum
935 4106 1185 4161 occidere
1206 4102 1479 4162 volebant,
1494 4097 1588 4153 sed
1608 4096 1764 4167 quasi
1786 4110 1884 4166 pro
1907 4110 2018 4151 sce-

452 4199 839 4266 lere,ctjudice
856 4204 1187 4267 repugnante
1205 4192 1389 4250 eadem
1407 4188 1695 4245 clamando
1717 4200 2027 4258 persevera-

456 4297 603 4348 bant.
624 4292 813 4347 Videu'
838 4299 1041 4361 quanta
1067 4288 1191 4343 fecit
1220 4288 1471 4341 Christus
1504 4294 1561 4337 ut
1595 4282 1716 4335 illos
1740 4280 1803 4334 ad
1828 4276 2023 4348 rcsipié

454 4387 713 4443 sceudmn
734 4382 1210 4439 induceret?Sicut
1226 4379 1367 4433 enim
1380 4376 1573 4430 Judam
1594 4389 1733 4442 saepe
1746 4372 1997 4440 repressit
2011 4408 2026 4435 ,

458 4483 534 4534 sic
552 4487 605 4534 et
621 4482 830 4541 istos,et
850 4477 900 4528 in
916 4482 1030 4528 toto
1045 4471 1346 4541 evangelio,
1360 4478 1412 4521 et
1426 4456 1746 4537 ipsojudicii
1762 4473 2025 4531 tempore.

460 4572 595 4626 Nam
614 4570 831 4640 quando
854 4566 1136 4637 przcsidem
1154 4572 1208 4617 et
1223 4562 1461 4630 judicent
1486 4557 1739 4611 videbant
1759 4555 2028 4608 lavantem

462 4650 729 4715 manusct
748 4660 1014 4713 dicentem
1033 4697 1048 4721 ,
1088 4647 1347 4708 Innocens
1377 4666 1494 4705 sum
1525 4665 1556 4701 a
1578 4646 1832 4715 sanguine
1852 4642 2029 4712 hujus,

460 4752 747 4822 compungi
770 4749 1054 4821 oportebat
1071 4753 1125 4801 et
1146 4744 1323 4799 verbis
1350 4750 1404 4797 et
1429 4740 1624 4806 rebus;
1662 4744 1719 4790 ut
1743 4744 1795 4790 et
1814 4733 2033 4804 quando

461 4844 655 4901 Iudam
679 4844 926 4897 viderunt
945 4841 1140 4908 laqueo
1166 4838 1581 4905 suspensum,et
1601 4831 1776 4899 ipsum
1797 4825 2033 4880 Pilatum

464 4945 765 5008 rogantem,
788 4944 844 4988 ut
867 4933 1030 4987 alium
1055 4946 1153 5000 pro
1175 4930 1267 4983 illo
1290 4927 1621 4995 acciperent.
1643 4920 1778 4974 Nam
1796 4935 1918 4973 eum
1942 4933 2024 4972 ac-

454 5024 751 5083 cusatori-t
764 5025 1006 5094 proditor
1024 5022 1096 5075 sei
1109 5024 1261 5091 psum
1281 5012 1783 5083 condcmnet,etqui
1805 5011 1906 5065 fert
1920 5026 2039 5065 sen-

468 5120 688 5177 tentiam
720 5118 933 5188 culpam
956 5132 985 5170 a
1014 5132 1073 5170 se
1103 5112 1418 5175 amoliatur,
1443 5123 1505 5161 ac
1527 5108 1701 5161 visum
1726 5103 1831 5156 tale
1849 5100 2033 5153 eadem

468 5220 624 5267 nocte
643 5218 918 5279 appareat,
938 5216 990 5261 et
1008 5206 1163 5277 quasi
1183 5204 1600 5258 condenmatum
1623 5198 1800 5267 ipsum
1822 5193 2035 5247 Pilatus

516 5342 535 5370 ι
571 5335 686 5396 Alli,
709 5335 827 5400 quid
849 5347 965 5400 ergo
985 5332 1162 5397 faciam
1184 5334 1246 5400 de
1267 5330 1473 5383 Christo.

514 5402 534 5431 ι
554 5389 875 5447 ιιεεοόιίιυὶηο
891 5389 1060 5448 (ξι-’.ἐξω
1083 5396 1240 5445 textui
1265 5393 1607 5446 eonsouaut.in
1632 5405 1726 5455 quo
1747 5390 1927 5455 legitur
1950 5398 2032 5455 οὖτα

452 5474 495 5511 ηδ
516 5472 649 5518 πλῆθος
668 5472 755 5522 φὺς
775 5472 859 5517 τοὺς
882 5466 1079 5522 'twsqtm;
1101 5460 1249 5522 (tm).
1276 5455 1519 5515 Quomodo
1542 5451 1702 5522 autem
1731 5452 1882 5522 potuit
1906 5451 2030 5522 mpl-

453 5512 610 5572 titndo
631 5512 901 5575 indteoru'm
922 5512 1378 5576 Judmi's‘resistere,
1405 5524 1457 5566 ct
1476 5516 1592 5579 quid
1618 5523 1695 5565 est
1716 5512 2031 5579 aliudmnlti-

454 5581 1064 5652 tudo..tud:eorum,qt_tam
1090 5581 1232 5652 tuin
1282 5580 1404 5652 ipsi?
1450 5576 1694 5641 tuierpres
1735 5576 1881 5652 vertit
1905 5587 2029 5634 ,ncc

454 5618 713 5695 ἷᾶἑὶἱῦᾶἦᾶἓ
721 5618 1064 5700 ἓέἔέἆοῦὂῖιὲξ
1074 5618 1379 5701 tegimus;
1389 5618 1495 5703 ’,εξ
1503 5618 2030 5701 ζζὲζὶᾷιςξεὲἆόιίιέίὲὲ

454 5713 559 5756 ηδ.
584 5716 635 5757 et
672 5706 789 5756 will
813 5707 1013 5765 habent,
1035 5716 1120 5767 πρὸς
1145 5716 1226 5762 τοὺς
1251 5703 1447 5761 ionicis-4;.

1273 257 1337 314 IN
1373 255 1778 313 IlIAT'I'IiASUM
1822 252 2051 309 IIOMIL.
2093 254 2377 311 LXXXVI.
2419 257 2488 310 al.
2532 255 2841 313 LXXXVII.

3606 259 3710 311 Ἱύϐ

2134 378 2308 435 petat,
2343 385 2499 437 quam
2533 378 2779 438 poterunt
2808 368 3204 424 excusationem
3235 369 3475 425 habere?
3501 371 3632 426 Nam
3661 372 3706 426 si

2128 459 2377 512 nolebant
2407 476 2527 512 eum
2562 460 2895 513 innocentem
2924 476 3043 514 esse
3067 502 3082 524 ,
3114 469 3259 515 certe
3300 476 3404 516 non
3448 462 3707 519 latronem

2129 550 2225 619 ipsi
2250 551 2480 619 prteponi
2507 551 2821 620 oportebat;
2854 552 3130 616 latronem,
3157 553 3389 621 inquam,
3413 553 3707 624 insignem,

2127 659 2283 711 quem
2327 643 2483 697 talem
2524 659 2641 698 esse
2682 644 2733 697 in
2774 643 3022 699 confesso
3049 654 3181 699 erat.
3226 646 3361 713 Quid
3408 647 3565 716 igitur
3595 648 3711 702 illi?

2128 732 2257 787 Cum
2291 735 2528 788 viderent
2550 735 2781 801 judicem
2814 751 2999 789 nmuus
3032 736 3291 790 lavantem
3322 753 3381 792 ac
3404 739 3705 801 dicentem,

2128 823 2379 877 Inuoccns
2405 843 2535 886 sum,
2560 826 2862 879 clamabant
2895 844 2907 878 :
2933 827 3023 881 25.
3054 827 3279 895 Sanguis
3299 829 3407 900 ejus
3427 846 3577 899 super
3597 847 3709 893 nos,

2128 928 2174 970 et
2204 934 2354 986 super
2381 918 2514 986 ﬁlios
2547 930 2763 971 nostros.
2793 918 2940 972 Tunc
2968 920 3178 971 demtun
3198 961 3211 981 ,
3244 920 3364 989 quia
3392 923 3709 978 sententiam

2124 1022 2310 1084 contra
2342 1026 2401 1066 se
2441 1012 2674 1065 tulcruut
2698 1052 2712 1077 ,
2746 1012 2921 1065 onmia
2953 1014 3218 1067 concessit
3257 1014 3380 1068 illis.
3413 1015 3490 1068 Tu
3531 1026 3710 1071 autem

2129 1104 2230 1158 hoc
2254 1103 2373 1159 loco
2393 1105 2668 1159 considera
2695 1120 2938 1174 magnam
2962 1106 3196 1174 ipsorum
3218 1107 3535 1163 vecordiam.
3566 1109 3711 1164 Talis

2129 1196 2269 1248 enim
2299 1204 2381 1247 est
2414 1194 2726 1247 temerarius
2772 1195 2998 1262 impetus
3021 1236 3034 1258 ,
3068 1196 3186 1250 talis
3223 1212 3380 1265 prava
3409 1199 3709 1268 cupiditas;

2131 1300 2232 1336 non
2257 1284 2383 1337 sinit
2409 1285 2529 1337 boni
2555 1285 2821 1354 quidpiam
2847 1284 3041 1339 videre.
3072 1285 3200 1339 Esto
3221 1288 3383 1352 enim,
3408 1290 3558 1343 vobis
3582 1291 3712 1358 ipsis

2130 1376 2543 1441 tnalediscritis’;
2575 1390 2671 1429 cur
2697 1376 3125 1430 maledictionem
3159 1377 3208 1430 in
3241 1378 3379 1432 filios
3407 1391 3612 1434 vestros
3634 1390 3713 1434 at-

2131 1468 2376 1523 trahitis?
2420 1471 2664 1522 Attamen
2696 1469 2956 1539 benignus
2985 1470 3239 1524 Dominus
3264 1512 3277 1533 ,
3310 1486 3429 1525 cum
3461 1472 3537 1525 illi
3568 1483 3714 1526 tanto

2128 1558 2307 1613 furore
2347 1560 2641 1614 insanirent
2683 1570 2735 1614 et
2778 1572 2960 1614 contra
3004 1562 3209 1629 seipsos
3251 1570 3307 1616 et
3346 1574 3529 1618 contra
3576 1566 3716 1619 tilios

2128 1666 2276 1716 suos,
2310 1651 2466 1705 latam
2499 1666 2602 1704 non
2631 1651 2789 1704 modo
2819 1652 2868 1703 in
2901 1651 3037 1705 filios
3065 1666 3210 1718 suos,
3236 1652 3330 1707 sed
3357 1654 3515 1709 etiam
3549 1656 3599 1708 in
3630 1670 3713 1709 se-

2131 1744 2275 1813 ipsos
2304 1744 2624 1798 sententiam
2652 1759 2756 1798 non
2783 1744 3138 1807 continuavit;
3168 1746 3291 1813 quin
3314 1746 3473 1800 etiam
3496 1763 3558 1800 ex
3586 1747 3714 1816 ipsis

2135 1854 2229 1891 eos
2260 1836 2347 1907 qui
2382 1835 2745 1905 paenitentiam
2776 1845 2998 1906 egemnt
3028 1837 3265 1903 recepit,
3303 1846 3358 1891 et
3388 1837 3529 1891 mille
3560 1837 3714 1891 bonis

2129 1929 2372 1999 dignatus
2401 1938 2500 1983 est.
2535 1927 2665 1982 Nam
2700 1938 2753 1981 et
2780 1927 2971 1982 Paulus
2997 1944 3059 1982 ex
3090 1929 3298 1982 illorum
3328 1946 3547 1984 numvro
3572 1939 3709 1994 erat,

2134 2034 2188 2078 et
2231 2023 2395 2076 multa
2439 2022 2765 2076 credentium
2814 2021 2972 2074 millia
3020 2022 3071 2074 in
3112 2021 3448 2076 Jerusalem:
3485 2020 3714 2076 Jacobus

2130 2115 2272 2170 enim
2304 2115 2382 2169 ait
2411 2132 2423 2167 :
2466 2113 2635 2179 Vides,
2664 2100 2847 2186 frater,
2866 2124 2983 2183 quot
3007 2114 3166 2166 millia
3188 2111 3483 2167 Iudaeorum
3508 2114 3713 2167 creden.

2130 2208 2255 2260 tium
2274 2216 2389 2260 sunt
2411 2206 2545 2277 (Act.
2563 2206 2653 2261 21.
2671 2205 2781 2275 εἶθ)
2809 2204 2863 2261 Si
2887 2215 3063 2259 autem
3084 2205 3296 2275 quidam
3322 2214 3712 2271 remanserunt,

2128 2299 2226 2353 sibi
2269 2300 2397 2367 ipsis
2437 2299 2750 2367 supplicium
2784 2298 3062 2366 imputent.
3092 2296 3183 2351 26.
3221 2294 3358 2348 Tunc
3395 2296 3581 2348 dimisit
3612 2295 3711 2348 illis

2128 2389 2411 2444 Barabbam
2437 2431 2451 2453 ,
2482 2389 2658 2443 Jesum
2704 2400 2870 2441 autem
2917 2388 3227 2459 ﬂagellatam
3264 2388 3470 2440 tradidit
3510 2388 3580 2441 eis
3603 2428 3618 2452 ,
3660 2396 3709 2440 ut

2127 2484 2522 2549 cruciﬁgeretur.
2564 2480 2672 2534 Cur
2697 2478 3016 2549 ﬂagellavit?
3050 2482 3151 2532 Aut
3182 2479 3331 2548 quasi
3361 2478 3668 2531 damnatum
3693 2518 3709 2544 ,

2127 2584 2219 2630 aut
2257 2588 2313 2629 tll
2345 2576 2568 2628 formam
2596 2573 2880 2644 quamdam
2908 2572 3106 2641 judicio
3136 2572 3349 2626 all‘crret
3376 2612 3391 2635 ,
3422 2572 3503 2625 vel
3534 2582 3588 2624 ut
3612 2571 3711 2625 ln-

2126 2668 2256 2724 dzcis
2294 2684 2405 2724 rem
2435 2677 2638 2738 gratam
2675 2667 2894 2721 faceret.
2944 2665 3012 2720 Et
3039 2677 3184 2720 certe
3215 2666 3466 2720 resistere
3494 2676 3711 2735 oporte-

2129 2760 2236 2813 bat.
2259 2760 2385 2813 Nam
2404 2770 2558 2814 antea
2585 2759 2788 2812 dixerat
2814 2774 2827 2811 :
2857 2757 3078 2825 Accipite
3103 2774 3211 2810 eum
3237 2773 3340 2821 vos,
3369 2768 3414 2810 et
3436 2757 3712 2817 secundum

2128 2851 2282 2920 legem
2315 2860 2526 2903 vestram
2547 2849 2779 2918 judicate
2808 2848 2949 2901 illum
2978 2847 3153 2919 (Joan.
3186 2847 3272 2903 18.
3306 2848 3418 2919 51).
3449 2847 3713 2918 Multaque

2128 2950 2277 2997 erant
2305 2956 2424 3012 qua:
2462 2950 2707 3010 poterant
2741 2950 2795 2995 et
2826 2940 3051 2995 Pilatum
3082 2948 3135 2993 et
3176 2938 3391 2994 Judazos
3416 2955 3444 2993 a
3477 2938 3712 2994 facinore

2130 3044 2277 3089 tanto
2305 3047 2569 3100 avertere,
2599 3035 2768 3105 signa,
2799 3033 3049 3087 miracula
3070 3074 3085 3096 ,
3117 3034 3301 3102 ingens
3332 3032 3470 3087 illius
3495 3033 3586 3103 qui
3620 3047 3712 3102 pa-

2129 3126 2355 3180 tiebatur
2384 3124 2757 3189 mansuetudo,
2787 3123 2971 3189 ingens
2994 3121 3119 3175 illud
3149 3122 3438 3175 silentium.
3476 3121 3542 3176 Ut
3567 3123 3709 3176 enim

2126 3228 2180 3271 et
2213 3233 2306 3284 per
2331 3232 2415 3279 ea,
2445 3231 2564 3285 quae
2592 3215 2657 3269 ad
2684 3213 3045 3268 defensionem
3074 3211 3207 3265 dixit
3239 3220 3293 3264 et
3324 3226 3417 3281 per
3445 3213 3712 3280 precatio-

2129 3322 2223 3361 nes
2252 3322 2374 3361 suas
2401 3321 2459 3360 se
2481 3304 2748 3359 hominem
2776 3317 2896 3357 esse
2923 3300 3153 3355 ostendit
3185 3318 3197 3355 :
3228 3300 3296 3355 ita
3327 3298 3710 3355 sublimitatem

2128 3396 2721 3467 tuagnanimitatemque
2768 3408 2918 3447 suam
2971 3400 3025 3446 et
3066 3406 3160 3461 per
3207 3391 3476 3444 silentium
3521 3399 3573 3444 et
3616 3406 3711 3459 per

2126 3499 2488 3559 centempttzm
2512 3502 2697 3541 eorum
2721 3501 2838 3555 qure
2858 3493 3043 3539 contra
3071 3498 3130 3537 se
3154 3482 3467 3536 dicebantur
3486 3481 3710 3536 demon-

2126 3584 2312 3637 stravit
2337 3621 2349 3641 .
2380 3596 2473 3650 per
2511 3580 2687 3633 omnia
2722 3578 2864 3646 ipsos
2896 3576 2960 3630 ad
2996 3576 3075 3628 sui
3108 3574 3514 3627 admirationem
3558 3573 3711 3628 indu-

2126 3688 2286 3735 cens;
2320 3670 2412 3724 sed
2445 3671 2568 3723 Illllil
2598 3670 2783 3721 horum
2811 3668 3005 3722 cedere
3034 3666 3333 3719 voluerunt.

2197 3764 2249 3819 5.
2297 3760 2436 3814 l’itiis
2463 3762 2627 3812 aditus
2667 3759 2808 3811 initio
2840 3755 3265 3809 intercludendos.
3296 3755 3501 3809 Diaboli
3534 3770 3710 3810 versu-

2127 3856 2195 3909 tia
2221 3856 2270 3907 in
2301 3852 2552 3907 tentandis
2595 3846 3136 3903 hominibus.-—Cum
3174 3845 3313 3900 enim
3354 3846 3519 3900 semel
3560 3847 3709 3915 quasi

2126 3946 2383 3999 ebrietate
2428 3953 2481 3997 et
2526 3941 2704 3995 furore
2735 3939 2869 3993 ratio
2901 3940 3199 4006 intercepta,
3231 3945 3344 4001 est,
3386 3935 3599 3991 ditticile
3628 3946 3712 3990 cst

2128 4038 2329 4107 lapsum
2365 4034 2705 4103 resipiscere;
2736 4031 2834 4084 nisi
2866 4030 2984 4082 forti
3013 4030 3130 4098 quis
3158 4037 3211 4082 et
3239 4043 3500 4098 generoso
3527 4029 3709 4082 animo

2127 4132 2195 4183 sit
2228 4128 2497 4197 prtnditns.
2534 4124 2726 4179 Gravis
2754 4132 2931 4189 certe,
2973 4123 3150 4191 gravis
3185 4135 3270 4175 res
3298 4130 3380 4176 est
3412 4122 3585 4189 pravis
3615 4121 3713 4174 hu-

2126 4220 2353 4291 iusmodi
2384 4218 2714 4287 passionibns
2742 4215 2869 4269 dare
2899 4216 3072 4268 locum
3108 4231 3120 4266 :
3149 4226 3470 4283 qnaprOpter
3505 4214 3710 4269 aditum

2127 4314 2230 4368 illis
2271 4310 2487 4367 oniniuo
2529 4306 2880 4361 intercludere
2926 4321 3019 4373 par
3059 4315 3159 4359 est.
3190 4304 3320 4358 Cum
3360 4304 3504 4359 enim
3545 4306 3711 4361 semel

2126 4408 2356 4461 animam
2391 4402 2678 4457 iuva~crint
2708 4409 2757 4451 et
2782 4398 3123 4465 occuparint,
3150 4397 3297 4466 quasi
3326 4397 3459 4465 ignis
3490 4399 3541 4450 in
3571 4398 3710 4469 ligna

2127 4498 2409 4566 delapsus,
2456 4495 2532 4547 sic
2575 4492 2746 4547 solent
2789 4490 3069 4542 tuaximam
3098 4487 3389 4542 accendere
3420 4488 3711 4545 ﬂammam.

2128 4588 2481 4659 Quamobrem
2515 4599 2665 4654 rogo,
2695 4582 2823 4636 nihil
2853 4597 2955 4635 non
2986 4580 3257 4645 faciamus.
3291 4589 3346 4633 ut
3386 4580 3488 4633 illis
3510 4582 3711 4637 aditum

2132 4679 2545 4737 intercludamus
2573 4693 2586 4728 :
2615 4689 2787 4744 neque
2860 4672 2964 4729 hoc
3001 4672 3199 4746 frigido
3270 4670 3548 4725 ratiocinio
3572 4674 3586 4703 ¹
3617 4688 3715 4727 nos

2129 4772 2488 4835 Consolanles,
2509 4763 3134 4829 omnemintroducamus
3150 4762 3431 4831 nequitiam
3456 4763 3708 4827 dicentes,

2130 4865 2266 4935 Quid
2299 4864 2401 4919 hoc
2425 4870 2507 4917 est
2530 4902 2545 4927 ,
2574 4868 2628 4913 et
2655 4856 2779 4927 quid
2807 4855 2974 4910 illud?
3010 4870 3131 4908 nam
3167 4854 3373 4907 infinita
3410 4854 3549 4908 mala
3591 4855 3713 4909 hinc

2131 4956 2446 5011 scaturiunt.
2496 4951 2744 5006 Diabolus
2782 4948 2922 5001 enim
2953 4944 3210 5000 scelestus
3236 4958 3356 4997 cum
3397 4948 3504 5007 sit,
3548 4945 3717 4999 multa

2133 5050 2297 5102 utitur
2322 5043 2549 5101 versutia
2567 5084 2580 5106 ,
2611 5036 3000 5111 perseverantia
3037 5043 3092 5091 et
3134 5034 3579 5101 attemperatioue
3602 5036 3617 5064 ³
3645 5035 3713 5087 ad

2134 5140 2405 5195 hominum
2436 5135 2756 5205 perniciem,
2798 5139 2853 5185 et
2880 5146 2909 5183 a
2938 5126 3171 5181 ntin'mis
3212 5127 3392 5180 statim
3431 5127 3714 5193 congredi-

2134 5242 2238 5285 tur.
2267 5230 2514 5284 Animum
2540 5226 2755 5279 adverte
2778 5263 2794 5289 ,
2825 5233 3025 5291 qumso.
3057 5217 3277 5272 Volebat
3300 5216 3511 5272 Saulem
3545 5216 3594 5270 in
3621 5216 3715 5287 Py.

2135 5322 2386 5375 Ilionissae
2411 5332 2575 5387 nugas
2603 5326 2656 5371 et
2684 5314 3027 5369 deliramenta
3056 5308 3326 5362 inducere.
3359 5306 3463 5362 Sed
3502 5307 3544 5361 si
3588 5308 3717 5362 illml
3804 5339 3812 5348 -

2134 5412 2283 5466 initio
2323 5409 2715 5479 proposuisset,
2757 5419 2861 5457 non
2897 5409 3043 5456 certe
3080 5399 3391 5454 ιιιιειιςὶὶεςοι
3432 5398 3537 5451 ille.
3568 5397 3715 5462 Quo—

2199 5569 2214 5600 ¹
2250 5566 2447 5625 Quidam
2470 5563 2673 5625 habent,
2710 5550 2983 5625 pernicioso
3012 5544 3285 5625 ratiocinio.
3424 5611 3431 5619 _
3498 5610 3507 5620 .

2199 5633 2218 5661 ³
2253 5615 2436 5685 borch,
2472 5622 2621 5674 multa
2655 5615 2801 5671 utitur
2824 5617 3244 5677 attonprrntione,
3270 5615 3464 5662 caussis
3498 5615 3715 5676 buettn-

2137 5692 2262 5742 sitis.
