4068 6214
310 254 409 308 7137

307 360 469 415 modo
500 360 551 414 id
580 359 818 424 tulisset,
864 356 952 427 qui
995 357 1111 411 illas
1149 356 1461 425 expulerat?
1489 355 1611 408 ldeo
1641 352 1891 423 paulatim

312 452 456 505 illum
484 450 549 505 ad
573 448 622 503 id
650 448 870 502 inducit.
895 447 1024 513 Quia
1046 447 1188 500 enim
1218 462 1320 499 non
1342 444 1614 498 obcdierat
1640 440 1894 506 Samueli,

310 552 365 597 et
397 541 701 594 holocausta
734 538 825 591 illo
852 537 1071 591 absente
1097 536 1288 589 oll'erre
1309 551 1471 588 ausos
1495 546 1595 597 ρει,
1621 540 1899 586 accusatus

309 632 471 697 dicit,
516 631 895 684 Necessitatem
935 627 1194 681 adventus
1244 626 1469 678 hostium
1515 623 1768 691 majorem
1813 620 1897 674 in-

308 723 457 776 duxit
486 722 574 789 (l.
612 719 734 792 Reg.
763 718 852 773 28.
885 717 1026 789 15);
1067 729 1120 772 et
1164 732 1283 770 cum
1330 716 1510 784 lugere
1538 713 1895 779 Oportuissct,

308 814 457 881 quasi
488 812 618 865 nihil
647 811 858 864 fecisset
888 808 1106 862 all‘ectus
1128 816 1262 861 erat.
1288 805 1516 860 Rursum
1545 803 1740 858 bellmn
1767 818 1899 856 con-

310 916 389 960 tra
417 903 912 971 Amalecitasjussit
939 901 1112 955 Deus:
1148 900 1235 952 ille
1266 914 1390 953 vero
1419 897 1506 952 hic
1533 896 1693 952 etiam
1722 906 1899 948 trans-

310 1012 526 1065 gressus
573 1004 673 1050 est.
719 994 809 1048 llis
858 1000 1231 1045 successerunt
1267 988 1383 1058 ejus
1420 996 1603 1043 contra
1647 982 1896 1039 Davidem

312 1090 545 1142 facinora
568 1128 582 1150 ,
614 1098 667 1141 et
698 1087 775 1139 sic
799 1086 998 1139 sensim
1032 1095 1084 1137 et
1112 1084 1363 1152 paulatim
1392 1081 1457 1135 ad
1485 1080 1703 1135 exitium
1732 1076 1895 1132 decli-

310 1196 445 1233 nans
474 1194 575 1232 non
601 1178 766 1241 stetit,
791 1177 963 1230 donec
990 1178 1040 1229 in
1069 1175 1317 1245 perniciei
1345 1173 1661 1244 profundum
1690 1186 1749 1226 se
1772 1184 1901 1225 eon—

306 1274 449 1344 jeeit.
488 1273 576 1327 Sic
606 1280 659 1325 et
700 1272 749 1324 in
781 1270 944 1325 Caino
973 1269 1147 1323 evenit
1188 1286 1200 1321 :
1234 1283 1338 1321 non
1377 1266 1556 1320 statim
1595 1264 1661 1319 ad
1697 1262 1896 1318 caedem

316 1362 490 1415 fratris
535 1361 706 1431 ipsum
746 1359 1003 1427 compulit
1039 1356 1282 1410 diabolus
1331 1374 1343 1409 :
1394 1354 1447 1409 id
1489 1354 1631 1409 enim
1676 1368 1779 1407 non
1826 1353 1898 1405 illi

315 1453 602 1513 suasisset;
645 1449 739 1503 scd
778 1450 983 1503 minora
1025 1447 1250 1516 primunt
1294 1445 1391 1515 ipsi
1442 1445 1634 1498 obtulit
1670 1443 1897 1499 dicens:

319 1543 369 1598 In
402 1544 500 1597 hoc
527 1544 728 1597 nullum
757 1552 839 1597 est
871 1552 1181 1611 peceatum;
1213 1541 1472 1605 secundo,
1514 1541 1731 1595 livorem
1764 1540 1898 1594 invi-

314 1634 563 1703 diamque
593 1635 862 1699 incendit,
903 1632 1033 1687 nihil
1080 1634 1203 1686 mali
1242 1632 1391 1702 sequi
1431 1633 1690 1696 suadens;
1721 1633 1898 1696 tertio,

313 1724 514 1778 cadem
544 1724 619 1777 illi
649 1724 815 1777 suasit
845 1733 897 1776 et
921 1724 1254 1791 negationem
1288 1722 1589 1785 homicidii;
1634 1738 1730 1775 nec
1760 1724 1901 1790 prius

314 1815 590 1876 abscessit,
614 1830 771 1884 quam
796 1812 1146 1883 colophonem
1176 1816 1431 1867 malorum
1460 1814 1762 1881 adjecisset.
1792 1812 1900 1866 Re-

316 1908 557 1975 pellenda
589 1923 715 1975 ergo
742 1908 887 1960 initia
918 1914 1077 1970 sunt;
1108 1923 1227 1960 cmn
1259 1908 1487 1959 maxime.
1512 1947 1527 1968 ,
1568 1906 1774 1960 etiamsi
1814 1904 1899 1957 illa

316 1998 487 2067 prima
534 2009 744 2065 peccata
794 2013 897 2051 non
945 1997 1080 2049 ultra
1123 1996 1590 2065 progrederentur,
1638 2012 1739 2049 non
1783 1995 1902 2049 ideo

316 2097 492 2143 tamen
524 2088 821 2157 Spernenda
850 2088 936 2142 illa
962 2097 1141 2141 essent
1170 2105 1181 2140 :
1213 2104 1349 2141 nune
1377 2099 1553 2141 autem
1593 2086 1660 2141 ad
1701 2086 1900 2155 majora

316 2178 644 2245 ascendunt,
673 2179 716 2232 si
748 2179 1097 2249 negligentior
1126 2181 1191 2232 sit
1222 2179 1452 2233 auitnus.
1486 2177 1610 2231 ldeo
1640 2176 1764 2231 nihil
1799 2192 1901 2230 non

314 2270 578 2341 agendum
624 2279 737 2334 est,
784 2282 839 2324 ut
883 2270 1137 2338 principia
1184 2269 1555 2339 pra'cidantur.
1596 2269 1672 2322 Ne
1705 2268 1902 2337 peccati

317 2370 558 2416 naturam
588 2372 643 2415 ut
676 2377 887 2431 parvam
919 2362 1253 2424 consideres,
1294 2361 1385 2413 sed
1423 2360 1691 2428 perpende
1731 2358 1901 2426 ipsum

319 2456 537 2521 majoris
562 2468 681 2507 esse
706 2453 934 2507 radicem
961 2453 1004 2505 si
1035 2452 1332 2521 negligatur
1354 2457 1395 2501 ι.
1426 2450 1553 2504 Nam
1581 2451 1623 2504 si
1653 2450 1777 2518 quid
1806 2449 1901 2501 ad-

319 2543 619 2598 mirandum
660 2544 839 2597 dicere
879 2552 1152 2612 Oporteat,
1193 2558 1297 2596 non
1339 2550 1537 2595 tantam
1576 2540 1902 2610 diligentiam

319 2639 597 2706 requirunt
637 2636 837 2705 majora
887 2636 973 2690 illa
1020 2648 1275 2706 peccata,
1320 2650 1477 2704 quam
1527 2635 1763 2688 minima.
1816 2632 1904 2685 Illa

319 2743 548 2795 tutmque
580 2728 688 2796 ipsa
720 2728 921 2797 peccati
950 2740 1136 2781 natura
1167 2736 1223 2781 ut
1252 2741 1558 2780 aversemur
1582 2725 1779 2788 efficit;
1808 2722 1904 2777 mi-

319 2835 449 2874 nora
478 2837 602 2874 vero
628 2822 708 2873 Vel
742 2820 883 2890 quod
915 2821 1120 2872 minora
1148 2820 1253 2872 sint
1284 2818 1335 2871 in
1376 2818 1745 2885 negligentiam
1776 2831 1905 2869 con-

319 2911 543 2981 jiciunt,
586 2925 759 2979 neque
797 2911 974 2962 sinunt
1016 2909 1222 2961 fortiter
1259 2908 1323 2961 ad
1365 2909 1475 2977 ipsa
1518 2907 1747 2960 tollenda
1791 2923 1907 2960 sur-

320 3016 485 3071 gere;
525 3001 647 3055 ideo
678 3000 831 3054 nobis
858 2999 1247 3053 dormientibus
1272 3000 1378 3052 cito
1401 3015 1586 3067 magna
1618 3001 1766 3051 fiunt.
1794 2997 1907 3052 Hoc

322 3096 493 3165 ipsum
537 3093 588 3147 in
617 3092 931 3161 corporibus
957 3106 1168 3161 quoque
1206 3092 1445 3146 accidere
1483 3090 1683 3145 videas.
1727 3090 1814 3145 Sic
1851 3090 1905 3143 in

320 3184 455 3238 Juda
496 3199 744 3253 magnum
788 3182 1101 3250 proditionis
1139 3183 1335 3235 malum
1376 3191 1617 3235 exitrttnn
1654 3191 1753 3234 est.
1795 3180 1904 3234 Nisi

321 3277 461 3330 enim
492 3283 728 3343 putasset
754 3288 973 3343 parvum
1003 3287 1122 3327 esse
1152 3272 1400 3341 pecunias
1426 3288 1717 3343 pauperum
1744 3271 1909 3325 suffu-

325 3367 474 3431 rari,
522 3380 807 3433 numquam
857 3364 909 3417 in
962 3364 1315 3432 proditionem
1367 3364 1657 3416 incidisset.
1710 3362 1908 3417 Judazis

324 3474 536 3529 quoque
565 3456 663 3510 nisi
695 3471 915 3525 parvum
942 3456 1112 3508 visum
1142 3454 1326 3508 fuisset
1352 3469 1380 3507 a
1413 3464 1542 3507 Vana
1573 3454 1737 3523 gloria
1767 3454 1905 3521 capi,

325 3563 612 3617 numquam
658 3546 723 3599 ad
764 3545 961 3621 Christi
992 3544 1189 3599 cmdem
1229 3544 1583 3599 devertissent.
1615 3543 1909 3612 Omniaque

327 3637 465 3691 mala
496 3638 618 3691 hinc
643 3637 873 3702 profecta
898 3636 1095 3691 videas.
1118 3635 1283 3689 Nemo
1303 3637 1445 3691 enim
1466 3635 1573 3690 cito
1598 3649 1661 3690 ac
1689 3644 1911 3704 repente

329 3720 383 3773 in
406 3720 701 3788 nequitiam
726 3720 933 3773 incidit.
960 3718 1127 3775 Habet
1146 3732 1311 3789 certe,
1337 3724 1692 3779 habetanima
1719 3741 1912 3795 quem-

332 3812 459 3865 dam
494 3810 651 3863 nobis
683 3811 909 3865 insitum
942 3814 1068 3866 mali
1098 3816 1356 3881 pudorem
1390 3816 1626 3885 bonique
1651 3832 1917 3872 verecun-

331 3904 504 3967 diam,
544 3918 645 3958 nec
684 3904 801 3958 lieri
840 3913 1020 3973 potest
1054 3914 1131 3971 ιιι,
1169 3908 1234 3959 ad
1273 3907 1663 3975 impudentiam
1697 3920 1916 3978 repente

331 3996 645 4059 declinans,
680 3996 866 4049 omnia
901 3997 1354 4067 simulabjiciat;
1404 4000 1495 4051 sed
1542 4002 1747 4054 sensim
1796 4016 1919 4055 cor-

332 4090 632 4156 rumpitur,
647 4088 989 4155 negligendo.
1007 4086 1097 4141 Sic
1115 4089 1414 4142 idololatria
1442 4092 1684 4159 ingressa
1696 4104 1775 4145 est
1792 4108 1917 4147 cum

336 4178 589 4231 homines
617 4192 783 4245 supra
828 4179 1049 4230 modum
1076 4178 1494 4236 honorarentnr.
1525 4183 1914 4249 siveviventes,

335 4270 451 4323 sive
474 4268 783 4334 mortui;sic
802 4269 1073 4337 sculptilia
1089 4270 1235 4323 culta
1255 4270 1510 4337 fuere;sic
1529 4274 1820 4327 l'ornieatio
1834 4276 1919 4328 in-

338 4357 749 4426 valuit,aliaque
766 4356 1031 4411 mala.llic
1053 4359 1295 4411 animum
1309 4358 1672 4413 adhibeJiisit
1692 4361 1815 4429 quis
1836 4364 1921 4413 itt-

336 4449 821 4518 tentpestive,alius
843 4448 1207 4517 reprehendit;
1230 4450 1374 4503 altus
1392 4458 1594 4503 metum
1617 4450 1813 4519 repulit
1832 4450 1918 4504 di-

325 4550 455 4591 cens
486 4552 498 4588 :
527 4535 664 4590 Nihil
694 4536 793 4591 hoc
818 4547 916 4591 est.
947 4538 1083 4604 Quid
1113 4541 1253 4594 enim
1283 4549 1365 4595 est
1392 4542 1604 4597 ridere?
1633 4544 1756 4611 quid
1784 4543 1907 4597 hinc

329 4629 452 4682 mali
497 4628 735 4682 oriatur?
773 4629 906 4685 llinc
949 4632 1241 4686 scurrilitas
1280 4634 1467 4698 oritur,
1514 4635 1635 4689 inde
1673 4635 1905 4706 turpilo-

328 4720 538 4788 quium,
573 4730 627 4772 et
654 4720 793 4773 actio
825 4722 1011 4790 turpis.
1045 4722 1273 4777 Rursum
1303 4724 1437 4778 alius
1468 4725 1736 4781 incusatus
1764 4728 1903 4797 quod

327 4810 624 4879 proximum
664 4811 1034 4878 calumnietur,
1086 4814 1226 4883 quod
1270 4817 1595 4871 convicietnr
1637 4819 1721 4884 ei,
1765 4820 1905 4888 quod

325 4902 642 4966 maledicat,
690 4902 741 4957 id
776 4904 1041 4974 neglexit,
1082 4904 1319 4975 dixitque
1359 4924 1371 4960 :
1418 4907 1733 4963 Maledicere
1775 4909 1904 4963 nihil

323 5000 427 5048 est.
474 4993 608 5048 llinc
636 4993 814 5048 odium
845 5005 1051 5065 partum
1080 5006 1163 5051 est
1191 4996 1412 5067 ingens,
1454 4998 1724 5053 inimicitia
1769 5000 1902 5055 ine-

323 5086 694 5152 conciliabilis,
714 5088 951 5143 convicia
980 5088 1215 5155 inﬁnita;
1241 5105 1305 5145 ex
1332 5090 1585 5146 conviciis
1606 5092 1806 5163 plagm;
1840 5109 1903 5148 ex

322 5178 493 5249 plagis
516 5192 658 5248 saepe
685 5180 879 5235 caedes.

394 5269 448 5323 4.
489 5270 533 5323 Α
565 5270 742 5339 parvis
774 5271 948 5342 itaque
976 5272 1053 5326 sic
1085 5287 1272 5343 magna
1302 5272 1504 5327 inducit
1528 5274 1786 5344 malignus
1817 5275 1906 5331 ille

323 5357 568 5424 dmmOn;
598 5376 627 5414 a
657 5362 861 5431 magnis
899 5362 1321 5431 deSperationcm
1343 5405 1358 5428 ,
1399 5364 1555 5418 aliam
1597 5366 1904 5420 methodum

326 5464 432 5504 non
464 5452 636 5505 minus
665 5452 844 5521 priore
876 5453 1225 5523 perniciosam
1266 5454 1564 5511 inveniens.
1606 5455 1722 5510 Non
1763 5456 1903 5511 enim

325 5547 434 5594 tam
485 5541 655 5610 perdit
709 5556 1021 5612 peccatum,
1067 5560 1224 5615 quam
1270 5545 1591 5615 desperatio.
1639 5546 1771 5601 Nam
1814 5548 1904 5618 qui

389 5648 409 5682 ⁸
444 5657 578 5709 Haec,
601 5652 643 5701 si
668 5655 951 5718 ncghgntur,
977 5658 1151 5706 desunt
1177 5658 1223 5705 in
1245 5653 1408 5705 Morel.

1027 247 1084 304 S.
1124 246 1400 303 JOANNIS
1435 239 1902 302 ειιιιγδοετοιιι
1941 238 2254 295 ARClllEP.
2294 237 2822 300 CONSTANTINOP.

3481 251 3593 309 768

2009 352 2283 419 peccavit,
2336 350 2377 402 si
2426 351 2641 420 vigilet,
2687 354 2797 408 cito
2844 370 2937 424 per
2982 356 3341 425 patuitentiam
3389 360 3584 418 factum

2003 456 2155 496 Suum
2186 442 2397 510 corrigit
2422 459 2436 506 ;
2463 444 2550 511 qui
2582 458 2708 497 vero
2738 445 2984 512 desperat
3013 464 3111 502 nec
3138 451 3438 519 corrigitur,
3466 454 3587 506 ideo

2003 532 2200 586 excidit
2228 532 2296 584 ab
2326 533 2738 601 emendatione,
2790 537 2930 606 quod
2983 540 3306 606 lumnitetitize
3351 543 3583 598 remetfat

2004 638 2107 674 non
2138 632 2388 691 apponat.
2428 623 2596 677 llabet
2634 640 2845 695 quoque
2883 630 3041 682 tertio
3067 632 3408 699 gravissimas
3454 636 3584 690 insi-

2003 713 2116 766 dias
2140 755 2153 776 ,
2204 723 2261 767 ut
2286 728 2407 767 cum
2446 716 2656 783 pietatis
2685 719 2917 785 speciem
2958 730 3175 788 peccato
3211 722 3584 795 circumponit.

2004 802 2072 857 Et
2100 803 2312 857 ubinam
2334 845 2350 870 ,
2381 804 2577 873 inquis,
2612 821 2778 876 usque
2804 808 2939 863 adeo
2967 810 3184 865 invaluit
3210 812 3485 880 diabolus,
3531 824 3587 869 ut

2004 901 2206 947 tantum
2236 894 2547 964 deciperet?
2567 897 2720 962 Audi,
2740 907 2795 953 et
2812 914 2941 954 cave
2964 901 3053 955 tibi
3077 902 3144 955 ab
3167 904 3305 957 illius
3334 906 3585 959 versutia.

2003 982 2264 1052 Przccepit
2317 1000 2411 1054 per
2440 984 2659 1041 Paulum
2708 986 2801 1059 (l.
2832 988 2953 1043 Cor.
2986 990 3017 1042 7
3046 992 3063 1060 )
3092 990 3335 1046 Christus
3367 1010 3587 1049 uxorem

2002 1091 2033 1130 a
2074 1077 2190 1130 viro
2234 1092 2337 1131 non
2369 1092 2633 1147 separari;
2666 1096 2764 1135 nec
2801 1096 2859 1136 se
2882 1082 3107 1137 invicem
3136 1084 3382 1140 fratutare
3426 1102 3590 1155 spor-

2005 1176 2117 1222 tere
2162 1168 2315 1235 dixit,
2365 1172 2462 1223 nisi
2493 1187 2559 1226 ex
2614 1187 2876 1228 consensu
2922 1192 2940 1228 :
2969 1177 3060 1228 sed
3102 1179 3368 1232 nonnulla:
3406 1197 3589 1233 amore

2003 1262 2380 1316 continentitei
2407 1278 2436 1316 a
2466 1265 2590 1318 viris
2622 1276 2900 1334 separatze,
2933 1283 2993 1321 ac
3025 1268 3067 1321 si
3103 1271 3243 1338 pium
3275 1270 3402 1336 quid
3444 1270 3589 1323 face-

2006 1362 2161 1419 rent,
2204 1355 2409 1423 seipsas
2447 1356 2510 1409 ad
2560 1356 2878 1410 adulterium
2913 1359 3196 1414 dederunt.
3238 1364 3419 1430 Cogita
3461 1378 3593 1431 ergo

2003 1458 2161 1512 quam
2194 1448 2388 1497 malum
2422 1446 2657 1500 laborem
2691 1463 2953 1517 perpessu
2977 1491 2992 1509 .
3020 1451 3167 1519 quasi
3195 1466 3313 1521 qua:
3341 1466 3496 1519 magn
3522 1469 3591 1505 nn

2004 1532 2254 1587 damnum
2283 1536 2553 1590 intulerint
2580 1577 2593 1600 ,
2625 1553 2892 1592 extremas
2917 1540 3023 1594 sint
3051 1542 3257 1595 luiturzc
3283 1558 3468 1611 pinnas
3494 1584 3508 1600 .
3540 1554 3593 1596 et

2006 1626 2056 1680 itt
2088 1627 2337 1695 perniciei
2372 1629 2682 1683 barathrum
2724 1631 2943 1684 maritos
2972 1647 3097 1685 suos
3124 1632 3431 1702 conjiciant.
3482 1634 3590 1687 Alii

2006 1732 2191 1771 rursus
2221 1734 2286 1773 ex
2314 1720 2499 1788 jejunii
2531 1730 2798 1791 prmcepto
2828 1723 3154 1777 abstinentes
3192 1740 3222 1776 a
3264 1725 3418 1787 cibis,
3464 1740 3593 1794 ινδιι-

2006 1811 2151 1863 latim
2183 1810 2248 1864 ad
2277 1811 2726 1868 abominationent
2760 1814 2998 1869 ciborum
3035 1816 3397 1878 devenerunt;
3450 1817 3593 1886 quod

2006 1901 2178 1971 ipsum
2214 1916 2463 1970 magnum
2492 1904 2645 1958 affert
2672 1905 3007 1975 supplicium.
3055 1905 3177 1959 llaec
3220 1922 3379 1976 porro
3421 1906 3599 1971 fiunt,

2005 1992 2221 2062 quando
2262 1993 2635 2062 przt'jttdiCultls
2666 2011 2788 2049 snas
2818 1998 3098 2063 Opiniones
3129 2008 3317 2065 praeter
3350 1998 3595 2065 Scriptu-

2006 2098 2184 2137 rarum
2215 2095 2445 2137 mentem
2476 2086 2808 2141 cmifirmant.
2840 2087 3098 2141 l‘utarnnt
3126 2088 3261 2158 apud
3290 2090 3596 2142 Corinthios

2008 2172 2170 2242 aliqui
2200 2174 2540 2243 perfectionis
2566 2191 2705 2243 esse,
2732 2178 3095 2233 indifferenter
3119 2182 3297 2246 omnia
3338 2192 3555 2250 gustare
3578 2222 3603 2245 ν

2005 2264 2271 2335 etiamque
2300 2266 2563 2336 prohibita
2587 2266 2746 2341 (Ibid.
2775 2285 2821 2322 v.
2855 2269 2935 2339 8);
2958 2279 3012 2324 at
3044 2271 3143 2324 hoc
3173 2286 3277 2325 non
3308 2272 3598 2340 perfectio-

2008 2356 2091 2411 nis
2112 2396 2126 2421 ,
2157 2356 2251 2411 sed
2282 2369 2535 2413 extrema:
2563 2360 2855 2430 iniquitatis
2884 2373 2999 2416 erat
3036 2380 3049 2413 :
3094 2363 3214 2417 ideo
3254 2364 3603 2419 vehementes

2008 2447 2128 2503 illos
2178 2448 2374 2504 Paulus
2414 2450 2673 2519 increpat,
2718 2462 3062 2522 extremoque
3103 2453 3293 2522 dignos
3336 2456 3601 2524 supplicio

2007 2538 2197 2593 dicit”.
2248 2540 2349 2596 Alii
2392 2556 2605 2595 rursum
2647 2541 2713 2596 ad
2762 2542 3011 2611 pietatem
3057 2544 3323 2612 pertinere
3365 2555 3598 2613 putant,

2007 2646 2213 2685 comam
2254 2632 2443 2703 capitis
2472 2634 2742 2689 excolere.
2790 2633 2922 2689 Illud
2961 2651 3123 2706 porro
3164 2638 3484 2706 prohibitum
3516 2650 3601 2693 est

2008 2736 2071 2776 ac
2097 2722 2249 2776 mttlti
2278 2723 2579 2779 dedecoris.
2604 2724 2707 2779 Alii
2732 2726 2923 2780 iterum
2952 2726 3099 2781 lucro
3123 2728 3223 2782 sibi
3252 2727 3364 2782 fore
3387 2738 3598 2796 putant,

2007 2814 2053 2866 si
2084 2813 2150 2866 de
2180 2815 2407 2882 peceatis
2430 2817 2544 2887 suis
2575 2815 2921 2870 immoderate
2960 2814 3206 2881 doleant;
3239 2818 3330 2871 sed
3375 2818 3500 2872 illud
3532 2821 3600 2871 ad

2007 2900 2283 2956 Vafrietem
2308 2906 2533 2971 pertinet
2554 2904 2885 2968 diabolicam,
2913 2915 2967 2959 ιιι
2986 2906 3275 2960 declaravit
3299 2906 3484 2972 Judas,
3508 2908 3600 2977 qui

2012 2993 2129 3048 ideo
2151 3008 2209 3047 se
2230 2992 2728 3064 laqueosuspendit.
2753 2993 2953 3049 Idcirco
2972 2997 3164 3049 Paulus
3186 2997 3423 3059 timebat,
3441 3012 3507 3051 ne
3529 2999 3601 3061 is,

2009 3084 2099 3153 qui
2128 3084 2413 3139 fornicatus
2436 3096 2569 3148 erat,
2599 3085 2721 3155 quid
2743 3084 2917 3140 simile
2940 3096 3227 3155 pateretur,
3252 3088 3600 3159 hortaturque

2010 3176 2315 3231 Corinthios
2346 3186 2401 3229 ut
2430 3177 2586 3230 citius
2628 3178 2771 3231 illum
2813 3178 2933 3231 inde
2962 3179 3275 3243 extrahant,
3324 3181 3405 3233 Λέ
3442 3183 3607 3233 nimia

2012 3271 2213 3323 tristitia
2242 3268 2566 3322 absorbeatur
2595 3270 2887 3334 ltujustnodi
2918 3270 3006 3341 (Ξ.
3039 3270 3155 3324 Cor.
3188 3270 3241 3323 ε.
3275 3272 3351 3339 7).
3396 3272 3599 3325 Deinde

2011 3362 2299 3416 ostendens
2332 3362 2380 3415 id
2412 3378 2477 3415 ex
2506 3361 2622 3431 ejus
2651 3362 2855 3415 insidiis
2887 3364 3193 3430 provenire,
3227 3365 3299 3416 ait
3340 3381 3352 3415 :
3385 3362 3453 3418 Ut
3493 3381 3601 3416 non

2012 3455 2460 3507 circumveniantur
2487 3471 2517 3504 a
2546 3463 2724 3506 satana
2769 3469 2787 3506 :
2828 3470 2927 3505 non
2967 3454 3098 3506 enim
3136 3455 3245 3524 ejus
3272 3456 3604 3524 cogitationes

2011 3545 2301 3614 ignoramus
2329 3543 2487 3616 (Ibid.
2533 3561 2576 3596 t'.
2614 3544 2670 3596 ll
2696 3540 2715 3612 )
2739 3584 2751 3605 ,
2784 3543 2921 3612 qttod
2965 3559 3084 3597 cum
3118 3544 3281 3597 tnulto
3307 3544 3430 3598 dolo
3460 3560 3599 3598 con-

2010 3637 2302 3707 grediatnr,
2336 3636 2523 3706 inquit.
2558 3636 2687 3690 Nam
2728 3637 2769 3691 si
2817 3637 2985 3705 palam
3028 3638 3389 3705 impugnaret,
3428 3637 3601 3691 facilis

2010 3738 2151 3782 esset
2180 3729 2397 3780 victoria
2423 3742 2437 3791 ;
2487 3728 2591 3779 imo
2618 3729 2776 3780 etiam
2809 3742 2980 3787 nunc,
3011 3726 3054 3779 si
3085 3726 3393 3795 vigilemus,
3426 3726 3601 3780 faei‘is

2011 3822 2130 3875 erit.
2156 3820 2285 3874 Nam
2312 3820 2376 3872 ad
2406 3821 2639 3889 singulas
2662 3820 2820 3873 hasce
2842 3820 2952 3874 vias
2976 3820 3201 3873 armavit
3223 3834 3316 3873 nos
3344 3820 3497 3873 Deus.
3531 3819 3600 3873 Ut

2011 3912 2231 3967 suadeat
2257 3914 2397 3966 enim
2431 3928 2497 3965 ne
2526 3928 2682 3981 parra
2714 3922 3138 3976 contemnamus,
3168 3912 3288 3965 audi
3325 3913 3598 3980 quomodo

2012 4000 2253 4056 hortetur
2295 4019 2308 4055 :
2355 4002 2456 4067 Qui
2482 4001 2662 4054 dixerit
2697 4001 2844 4069 fratri
2872 4019 2982 4065 suo,
3013 4006 3183 4073 fatue,
3224 4018 3335 4055 reus
3369 4003 3461 4053 erit
3500 4018 3593 4070 ge-

2012 4092 2191 4147 Itenme
2216 4093 2347 4163 ignis
2375 4094 2390 4159 (
2414 4091 2599 4145 Matth.
2630 4093 2683 4147 5.
2722 4092 2863 4160 22);
2896 4105 2943 4147 et
2968 4135 2983 4152 ,
3028 4094 3127 4158 Qui
3173 4094 3381 4148 lascivis
3422 4095 3594 4148 oculis

2011 4184 2217 4251 aSpicit,
2250 4184 2487 4237 llltBClltlS
2516 4193 2599 4238 est
2629 4184 2913 4253 perfectus.
2946 4185 3197 4239 Ruleates
3240 4202 3449 4255 quoque
3490 4189 3595 4238 nti-

2010 4289 2163 4328 seros
2191 4274 2479 4343 prtedicat;
2511 4285 2565 4329 et
2595 4276 2789 4345 ubique
2820 4278 3071 4346 principia
3100 4287 3151 4332 et
3190 4280 3387 4332 semitm
3419 4280 3593 4331 malo-

2010 4378 2130 4416 rum
2157 4364 2362 4429 evellit,
2402 4379 2464 4418 ac
2505 4364 2571 4419 de
2600 4370 2773 4419 otioso
2802 4367 2967 4421 verbo
3010 4368 3082 4421 ait
3119 4368 3440 4422 reddendam
3473 4384 3596 4422 esse

2011 4456 2292 4511 rationem.
2323 4456 2550 4528 Ideoque
2581 4467 2633 4512 et
2661 4458 2764 4513 Job
2794 4475 2896 4513 non
2924 4471 3037 4513 acta
3074 4461 3248 4523 modo,
3280 4460 3373 4515 sed
3400 4469 3454 4514 et
3495 4476 3597 4519 co-

2009 4549 2293 4618 gitationes
2320 4550 2543 4603 liliorum
2577 4552 2832 4621 purgabat
2860 4551 2999 4622 (Job.
3038 4553 3084 4606 l.
3113 4553 3205 4623 5).
3242 4553 3313 4605 De
3336 4552 3591 4622 despera-

2012 4641 2157 4695 tione
2186 4651 2362 4696 autem
2393 4643 2467 4695 ait
2498 4659 2511 4695 :
2540 4643 2617 4695 An
2646 4644 2731 4712 qui
2756 4645 2963 4707 cecidit,
2992 4662 3091 4698 non
3117 4646 3379 4716 resurget!
3402 4662 3468 4698 an
3506 4648 3594 4715 qui

2011 4733 2221 4796 avertit,
2252 4749 2349 4784 non
2380 4735 2681 4785 convertitur
2711 4732 2856 4804 (Jer.
2887 4736 2942 4789 8.
2969 4734 3076 4806 4)?
3104 4736 3169 4789 Et
3196 4751 3378 4789 rursus
3408 4753 3421 4789 :
3454 4736 3595 4791 Nolo

2012 4833 2222 4875 ntortem
2249 4824 2520 4890 peccatoris
2540 4866 2552 4883 .
2585 4825 2673 4877 srd
2714 4834 2764 4877 ut
2802 4836 3115 4880 convertatur
3141 4838 3187 4880 et
3215 4828 3343 4881 vivat
3375 4826 3591 4896 (Emit.

2013 4915 2100 4968 18.
2127 4912 2241 4986 23).
2277 4916 2357 4979 Et,
2392 4914 2557 4967 Hodie
2580 4916 2622 4967 si
2651 4932 2816 4969 uocem
2852 4918 2961 4986 ejus
2991 4918 3249 4971 audieritis
3295 4917 3466 4986 (Psal.
3495 4919 3590 4973 9b.

2011 5006 2087 5072 8).
2110 5004 2184 5073 (α)
2203 5003 2290 5075 [Et
2322 5020 2551 5068 rursum,
2569 5004 2820 5058 Gaudium
2848 5018 2921 5060 est
2946 5007 2997 5059 in
3027 5008 3164 5061 ariis
3185 5025 3336 5077 super
3350 5025 3446 5062 uno
3476 5026 3597 5077 pec-

2009 5106 2179 5147 catore
2204 5096 2539 5163 paenitentiam
2570 5108 2747 5166 agente
2768 5097 2915 5168 (Luc.
2943 5100 3030 5154 15.
3054 5099 3167 5171 7).]
3193 5100 3348 5153 Multa
3378 5116 3596 5170 quoque

2011 5186 2114 5239 alia
2144 5187 2303 5240 verba
2332 5197 2386 5240 et
2411 5189 2652 5255 exempla
2686 5190 2734 5240 in
2766 5188 3040 5258 Scriptura
3078 5189 3358 5245 habentur.
3388 5190 3467 5244 Ne
3493 5207 3589 5244 au-

2014 5284 2119 5330 tem
2142 5277 2352 5345 pietatis
2376 5278 2552 5346 Specie
2573 5294 2870 5347 pereamus,
2894 5281 3016 5335 audi
3041 5282 3259 5335 Paulum
3282 5282 3547 5338 dicentem
3576 5300 3594 5338 :

2015 5366 2097 5420 Ne
2119 5367 2473 5423 abundantiori
2500 5368 2698 5423 tristitia
2715 5371 3039 5428 absorbeatur
3056 5372 3263 5445 (2.Cor.
3288 5374 3341 5428 Ξ.
3364 5375 3439 5445 7).
3467 5376 3598 5433 Haec

2077 5478 2095 5509 ι
2132 5475 2247 5536 Alii,
2270 5492 2434 5529 arnore
2453 5478 2658 5537 pietatis.

2072 5540 2095 5613 ξ
2118 5538 2353 5613 .lu'atorel
2376 5540 2704 5613 legionich
2726 5544 2905 5597 Paulus
2919 5544 3026 5597 illos
3050 5554 3267 5598 extremo
3288 5546 3460 5613 dignos
3481 5561 3607 5613 snp—

2012 5599 2155 5665 plicio
2173 5599 2306 5655 dicit.
2327 5599 2524 5651 exteris
2544 5599 2755 5655 Omissis.

2077 5669 2151 5731 (α)
2180 5680 2294 5723 una:
2316 5668 2511 5717 uncinis
2532 5666 2819 5719 clauduntur
2847 5673 3022 5722 desunt
3051 5673 3101 5722 in
3128 5672 3287 5723 more].
