4094 6216
314 320 418 376 769

309 451 442 505 ergo
468 447 586 488 curn
618 428 868 490 sciamus,
904 423 1150 477 otuuilms
1191 421 1289 472 viis
1310 459 1324 483 ,
1372 430 1487 484 qtlﬂ‘.
1521 411 1733 465 desides
1772 423 1897 476 pos-

312 536 439 583 sunt
475 524 812 583 subvertere,
846 516 1244 583 Scripturarum
1286 506 1619 578 prudentiam
1660 515 1894 571 appona-

314 635 453 674 tnus.
486 618 666 684 Neque
694 614 839 666 dit-as
872 628 884 661 :
918 607 1052 677 Quid
1084 609 1126 658 si
1166 603 1452 658 formosam
1495 595 1767 649 mulierem
1800 609 1895 644 cn-

314 715 456 769 riose
484 707 780 778 aspexero?
819 703 949 757 Nam
991 701 1033 754 si
1076 715 1127 752 m
1169 695 1330 751 corde
1369 689 1664 746 mozchatus
1703 686 1895 749 lueris,

313 808 422 862 cito
459 776 633 872 reipsa
663 797 915 854 moerhari
948 791 1189 846 audebis.
1233 787 1310 841 Ne
1338 785 1516 847 dicas,
1561 779 1696 848 Quid
1735 788 1816 831 est
1856 776 1899 827 si

316 909 604 968 pauperem
637 891 777 945 hunc
805 881 1156 957 praeteream?
1181 879 1235 935 Si
1267 878 1407 930 hunc
1434 882 1739 944 praetereas,
1769 867 1903 920 alte-

317 1005 435 1044 rum
460 997 513 1041 et
544 994 665 1056 post
693 983 833 1036 hunc
862 979 1022 1033 alium
1054 971 1369 1044 prieteribis.
1404 967 1511 1021 Nec
1540 975 1724 1019 rursus
1748 958 1901 1012 dixe-

317 1082 393 1137 ris
431 1098 445 1135 :
479 1078 615 1148 Quid
656 1077 699 1131 si
743 1076 876 1128 bona
920 1067 1146 1141 proximi
1178 1056 1587 1130 concupiscam?
1608 1054 1721 1109 Hoc
1760 1049 1902 1105 enim

319 1142 625 1229 Achaahum
668 1166 927 1237 perdidit,
970 1160 1177 1217 etiamsi
1221 1156 1447 1226 pretium
1487 1147 1739 1206 solverit,
1783 1142 1904 1211 quia

320 1265 523 1320 scilicet
547 1278 575 1315 a
608 1231 822 1315 nolente
842 1253 1073 1322 abripuit
1098 1250 1186 1319 (‘3.
1216 1248 1344 1315 Iteg.
1366 1243 1481 1311 21).
1515 1239 1738 1305 Emptor
1762 1231 1903 1287 enim

325 1356 3230 1415 __________________._.___——————————————————

1154 304 1223 360 in
1264 289 1673 359 annumin
1715 292 1939 349 conn.
1986 293 2292 352 1.xxxvu.
2332 298 2401 353 al.
2447 299 2791 356 Lxxxvut
2840 334 2843 337 .

3491 294 3595 351 770

2008 422 2112 510 pou
2144 423 2371 477 cogere,
2422 412 2515 466 scd
2566 412 2888 481 persuadere
2932 409 3110 465 debet.
3159 408 3213 465 Si
3255 424 3381 463 vero
3424 411 3467 464 is
3506 410 3596 481 qui

2000 500 2202 564 justum
2236 507 2459 569 pretium
2490 503 2806 567 muneravit,
2840 502 2907 554 ita
2938 500 3220 554 damnatus
3243 509 3357 566 est,
3385 504 3505 568 quia
3528 519 3595 556 ex

2012 589 2225 644 nolente
2256 593 2461 660 accepit
2489 609 2502 644 :
2533 592 2620 662 qui
2653 608 2754 646 non
2787 591 2946 645 modo
2970 590 3069 645 hoc
3095 592 3220 654 agit,
3255 591 3347 646 sed
3377 600 3477 646 cta
3504 608 3599 646 uo-

2011 678 2151 735 lente
2178 681 2403 750 abripit,
2438 693 2491 736 et
2520 683 2693 738 hocin
2717 684 2832 755 lege
2857 684 3060 753 gratim,
3084 699 3189 752 quo
3217 700 3321 736 non
3346 687 3450 737 erit
3474 700 3602 753 sup-

2010 771 2168 839 plicio
2197 770 2425 840 dignus?
2454 774 2529 828 Ne
2559 775 2736 844 itaque
2768 777 3070 845 puniamur,
3101 790 3129 827 a
3164 776 3214 827 vi
3254 775 3397 829 otnni
3424 786 3477 830 et
3510 792 3600 829 ra-

2012 861 2134 929 pina
2166 877 2263 915 nos
2291 878 2450 931 puros
2488 875 2787 932 servantes,
2819 874 2871 920 et
2902 881 3007 920 non
3042 875 3251 935 peccata
3284 867 3442 920 modo
3462 906 3475 930 ,
3505 866 3598 920 scd

2013 953 2172 1007 etiam
2208 954 2462 1025 principia
2496 967 2835 1024 peccatorum
2864 966 3143 1020 caventes,
3178 956 3459 1025 diligenter
3488 957 3596 1009 vir-

2006 1050 2180 1113 tutem
2211 1044 2596 1113 amplectamur
2621 1064 2633 1099 :
2658 1048 2734 1101 sic
2760 1047 2902 1100 enim
2932 1049 3147 1101 internis
3170 1048 3401 1101 lruuruur
3423 1047 3597 1109 bouis,

2014 1135 2184 1203 gratia
2227 1144 2278 1187 et
2321 1135 2642 1205 benignitate
2672 1136 2880 1190 Domini
2911 1137 3074 1207 nostri
3102 1136 3227 1191 Jesu
3252 1136 3481 1203 Christi,
3516 1136 3601 1191 cui

2019 1225 2185 1294 gloria
2214 1225 2264 1279 iu
2297 1230 2488 1282 srecula
2516 1230 2852 1283 saeculorum.
2885 1232 3075 1283 Amen.

3237 1353 3585 1367 M

1335 1443 1684 1511 HOMILIA
1726 1434 2111 1507 LXXXVII,
2158 1436 2244 1495 al.
2291 1437 2705 1499 LXXXVIII.

323 1576 449 1631 CAP.
499 1575 588 1628 27.
643 1590 693 1626 v.
752 1572 840 1625 27.
889 1566 1035 1623 Tunc
1084 1564 1264 1617 milites
1324 1556 1556 1629 prwsidix
1608 1549 1910 1618 accipientes

397 1665 568 1719 Iesum
589 1668 640 1717 in
667 1661 921 1730 prastorio,
954 1660 1378 1726 congregaverant
1397 1647 1464 1701 ad
1486 1658 1600 1699 eum
1628 1644 1910 1695 universum

397 1763 683 1818 cohortem;
722 1755 813 1808 28.
863 1761 913 1804 et
955 1758 1187 1803 canentes
1213 1762 1349 1809 emn,
1375 1739 1690 1809 chlamydem
1743 1733 1906 1786 cocci-

397 1864 545 1901 neum
571 1844 999 1899 circumdederunt
1027 1840 1100 1902 ei,
1131 1837 1223 1892 29.
1273 1844 1323 1888 et
1368 1834 1633 1902 plectentes
1672 1839 1909 1879 coronam

399 1938 463 1991 de
506 1936 683 2003 spinis,
730 1940 1002 2002 posuerunt
1027 1944 1178 1996 super
1207 1935 1357 1994 caput
1379 1924 1505 1992 ejus,
1535 1930 1581 1974 et
1610 1918 1908 1971 arundinem

398 2029 453 2081 in
481 2028 684 2080 dextera
709 2026 835 2093 ejus.
870 2021 933 2075 Et
958 2036 1123 2091 genua
1148 2018 1399 2088 ﬂectentes
1419 2028 1586 2066 coram
1608 2026 1695 2074 co,
1722 2007 1906 2061 illude-

402 2121 517 2173 bant
537 2118 581 2171 ci
605 2118 842 2180 dicentes,
877 2114 996 2179 Ave,
1019 2126 1110 2165 rex
1134 2107 1451 2162 Iudaeorum.

403 2258 454 2310 1.
484 2255 613 2321 Quot
637 2262 679 2306 et
700 2259 887 2319 quanta
911 2250 963 2302 in
1004 2246 1237 2316 passione
1262 2260 1353 2298 sua
1376 2237 1632 2311 pertulerit
1659 2235 1905 2289 Christus.

333 2346 399 2401 In
428 2346 629 2411 publica
656 2353 700 2397 et
726 2343 921 2412 privata
946 2338 1190 2409 passionis
1216 2336 1424 2388 lectione
1442 2344 1671 2402 quamam
1696 2326 1906 2380 utilitas.

333 2439 769 2492 Consummatum
824 2440 901 2485 est
927 2472 942 2497 ,
989 2426 1111 2500 quid
1158 2426 1424 2497 signiﬁcet.
1454 2453 1522 2461 —
1551 2419 1711 2488 Quasi
1754 2424 1910 2487 pacto

337 2546 461 2586 cum
492 2527 738 2583 omnibus
767 2526 782 2556 ¹
809 2524 940 2578 inito
986 2519 1228 2575 diabolus
1274 2526 1397 2570 tunc
1449 2513 1673 2568 choreas
1700 2508 1907 2578 agebat.

336 2624 462 2677 Esto
486 2621 626 2675 enim
650 2616 864 2673 Judmos
893 2612 1090 2667 invidia
1136 2618 1190 2663 et
1215 2607 1381 2663 livore
1426 2605 1755 2659 tabescentes
1787 2606 1913 2652 tunc

334 2716 589 2771 adversus
638 2726 758 2765 cum
816 2705 1172 2762 debacchatos
1224 2700 1387 2754 fuisse
1418 2715 1432 2752 :
1460 2712 1556 2751 cur
1603 2702 1658 2748 et
1693 2707 1795 2762 qua
1844 2688 1912 2744 de

333 2822 491 2862 causa
518 2805 676 2860 etiam
705 2799 938 2856 milites?
967 2800 1155 2851 Annon
1179 2792 1320 2855 ideo,
1352 2799 1407 2843 ut
1436 2796 1599 2858 patet,
1622 2785 1761 2856 quod
1800 2782 1914 2836 dia-

334 2898 487 2953 Lolus
514 2905 637 2948 tunc
663 2891 800 2959 apud
837 2902 1023 2942 omnes
1050 2878 1518 2940 debaccharetur?
1546 2876 1677 2931 Nam
1722 2880 1910 2927 contu—

336 2989 507 3041 mella:
538 2986 634 3055 ipsi
689 2984 851 3037 illanc
905 2976 1160 3047 voluptati
1218 2974 1319 3027 sibi
1368 2980 1538 3031 erant,
1590 2966 1832 3021 crudeles
1860 2973 1914 3019 ct

338 3078 609 3136 inlnnnani
636 3091 754 3131 cum
782 3080 962 3129 essent
1002 3087 1016 3123 :
1069 3084 1193 3123 cum
1238 3067 1379 3122 enim
1423 3065 1745 3133 oportuisset
1797 3059 1913 3112 illos

339 3172 628 3243 reprimere
677 3184 756 3235 se,
812 3175 865 3222 et
917 3162 1221 3235 lacrymari,
1277 3158 1416 3229 quod
1466 3156 1626 3211 etiam
1657 3154 1725 3209 de
1764 3151 1914 3221 plebe

339 3264 554 3325 dixeris,
600 3260 701 3315 hoc
739 3274 842 3313 non
894 3255 1166 3317 fecerunt;
1209 3252 1316 3306 imo
1350 3246 1683 3303 contumeliis
1709 3242 1913 3296 allicie-

339 3358 484 3419 bant,
514 3352 852 3413 insultabaut,
880 3359 937 3401 ut
959 3346 1185 3401 fortasse
1214 3341 1347 3412 grati
1376 3338 1573 3394 Judazis
1600 3342 1798 3393 essent,
1833 3331 1916 3386 vel

340 3451 498 3504 etiam
525 3446 702 3515 pravis
730 3442 841 3497 suis
870 3446 1081 3494 utentes
1109 3434 1345 3490 moribus
1378 3448 1391 3483 :
1420 3425 1756 3483 contumeliae
1792 3436 1918 3476 vero

341 3541 532 3596 diversi
562 3536 775 3609 generis
804 3541 973 3587 erant.
1003 3529 1132 3583 Nam
1161 3526 1397 3581 divinum
1430 3518 1555 3574 illud
1585 3524 1740 3587 caput
1762 3513 1920 3567 modo

341 3631 580 3701 colaphis
599 3626 898 3685 ca‘dehant,
918 3620 1076 3677 modo
1093 3618 1274 3685 spinea
1296 3627 1491 3668 corona
1508 3606 1917 3667 dedecorahant,

342 3700 502 3778 modo
561 3718 767 3774 calamo
813 3710 1210 3783 percutiebant,
1270 3705 1367 3759 viri
1416 3700 1624 3757 scelesd
1684 3708 1736 3752 et
1765 3710 1918 3751 exse-

347 3811 553 3869 crandi.
587 3808 716 3876 Quze
746 3805 898 3860 nobis
922 3814 1100 3871 postea
1120 3798 1219 3853 erit
1239 3792 1528 3855 excusatio,
1559 3804 1677 3843 cum
1704 3802 1765 3841 ex
1789 3800 1919 3839 con-

348 3904 574 3959 tumeliis
604 3900 669 3953 ad
697 3898 828 3951 iram
858 3891 1206 3949 concitantur.
1247 3895 1524 3956 pestquam
1553 3881 1653 3934 hoc
1678 3876 1923 3931 Christus

350 4010 534 4066 passus
562 3991 681 4045 est?
707 3989 987 4043 Extremus
1014 3991 1160 4038 certe
1184 3976 1625 4034 contumeliarmu
1665 3968 1924 4024 terminus

348 4094 483 4151 erat,
514 4084 564 4138 id
589 4080 730 4153 quod
762 4090 885 4132 tunc
925 4075 1105 4129 ﬁebat.
1149 4071 1329 4138 Neque
1355 4068 1495 4122 enim
1536 4078 1658 4133 pars
1699 4070 1922 4125 tantum,

350 4178 445 4231 sed
476 4186 640 4229 totum
663 4183 857 4239 corpus
874 4164 1207 4223 contumeliis
1245 4159 1574 4214 afficiebatur
1596 4170 1613 4220 ;
1634 4160 1791 4222 caput
1833 4165 1927 4219 per

352 4281 604 4322 coronam
634 4273 687 4318 et
712 4263 995 4321 calamum,
1030 4254 1193 4309 facies
1219 4248 1457 4318 colaphis
1482 4255 1536 4302 et
1560 4245 1749 4313 sputis,
1778 4255 1927 4311 genre

353 4359 538 4429 alapis,
563 4357 755 4424 corpus
782 4360 946 4406 totum
978 4345 1214 4415 ﬂagellis,
1240 4341 1479 4396 nuditate
1503 4338 1549 4400 ’,
1568 4334 1764 4389 amictu
1791 4331 1930 4385 chla-

354 4450 545 4522 mydis,
578 4455 632 4501 et
660 4442 900 4498 simulata
937 4436 1277 4498 adoratione,
1328 4442 1517 4484 manus
1565 4428 1789 4487 calamo,
1841 4421 1928 4489 qui

356 4519 453 4612 pro
476 4548 687 4607 sceptro
710 4535 863 4587 datus
888 4538 972 4585 est
992 4545 1005 4591 ;
1023 4544 1083 4580 os
1110 4539 1319 4580 rursum
1344 4538 1437 4591 per
1452 4519 1683 4574 oblatum
1698 4522 1927 4569 acetmu.

354 4632 491 4698 Quid
515 4629 595 4682 his
623 4621 870 4695 gravius?
899 4619 1024 4689 quid
1066 4608 1539 4671 Contumeliosius?
1568 4607 1691 4661 Hmc
1718 4618 1931 4659 omnem

356 4719 620 4776 excedunt
645 4713 961 4770 orationem.
994 4709 1071 4763 Ac
1099 4705 1143 4761 si
1166 4704 1307 4759 enim
1331 4702 1598 4763 timerent,
1628 4710 1697 4750 ne
1725 4691 1850 4763 quid
1882 4692 1933 4746 in

357 4822 506 4867 tanto
536 4808 769 4862 facinore
818 4803 1063 4865 deesset,
1114 4793 1402 4866 prophetas
1441 4787 1652 4859 quidem
1694 4781 1936 4838 manibus

356 4905 469 4958 suis
516 4895 929 4955 iuterliciebant,
976 4891 1115 4943 hunc
1168 4901 1234 4942 ex
1277 4882 1471 4954 judicis
1516 4877 1799 4935 sententia.
1848 4874 1938 4929 Sic

359 4996 537 5047 omnia
568 4985 919 5050 faciunt,suis
961 4979 1212 5037 occidunt
1261 4973 1525 5036 manibus,
1579 4970 1832 5025 damnant
1884 4974 1938 5020 et

360 5082 678 5141 sententiam
733 5077 934 5139 ferunt,
986 5073 1144 5128 etiam
1196 5066 1335 5138 apud
1389 5065 1615 5119 Pilatum
1663 5060 1935 5124 dicentes,

362 5173 586 5244 Sanguis
610 5171 717 5241 ejus
755 5180 907 5234 super
934 5178 1024 5217 nos
1063 5170 1107 5215 et
1153 5174 1304 5221 super
1332 5155 1466 5223 ﬁlios
1507 5162 1724 5206 nostros.
1766 5147 1939 5202 lnsnl-

365 5275 498 5327 tant,
535 5238 887 5331 contumelias
912 5252 1167 5317 inferunt,
1186 5247 1449 5311 vinciunt,
1480 5242 1767 5302 abducunt,
1798 5238 1940 5293 mili-

366 5357 505 5411 tibus
529 5348 969 5407 contumeliarum
1009 5350 1255 5396 auctores
1304 5345 1447 5401 sunt,
1499 5331 1645 5388 cruci
1696 5329 1940 5400 afﬂgunt,

364 5445 756 5506 conviciantur,
792 5440 1113 5505 conspuunt,
1159 5428 1422 5484 derident.
1462 5423 1601 5479 Nihil
1633 5421 1719 5476 hic
1746 5420 1945 5475 Pilatus

370 5539 564 5595 intulit.
593 5533 684 5589 sed
714 5529 889 5585 omnia
940 5525 1015 5579 illi
1049 5522 1307 5584 fecerunt,
1332 5523 1691 5580 accusatores,
1712 5511 1941 5584 judiccs,

432 5650 451 5684 ⁸
485 5644 647 5697 storel.
677 5656 771 5693 non
793 5641 961 5696 habet,
988 5648 1095 5685 cum
1117 5630 1344 5697 annilius:

431 5714 450 5742 ¹
484 5687 881 5763 vastandi-tots;
895 5687 1113 5763 dees‘t‘in
1135 5692 1295 5743 Morel.
1326 5691 1469 5753 Infra,
1494 5690 1620 5749 haec,
1642 5687 1759 5751 quid
1783 5694 1946 5739 contu-

370 5758 631 5827 meliosius,
654 5770 703 5817 in
727 5758 902 5817 eodem
921 5758 1283 5810 desiderantur.

2018 1540 2310 1602 carniﬁces,
2345 1542 2540 1594 nullam
2572 1558 2674 1594 non
2718 1550 2937 1610 agentes
2962 1554 3264 1609 personam.
3305 1538 3430 1592 Her
3459 1538 3597 1607 apud

2018 1645 2115 1684 nos
2164 1630 2430 1701 leguntur,
2463 1649 2582 1686 cum
2618 1646 2803 1684 omnes
2827 1645 2926 1682 uua
2962 1630 3304 1683 Conveniunt.
3354 1629 3484 1681 Nam
3533 1646 3600 1683 ne

2016 1721 2242 1789 gentiles
2267 1722 2464 1787 dicant,
2497 1722 2651 1775 Clara
2679 1729 2731 1774 ct
2760 1719 3031 1788 splendida
3065 1720 3271 1786 populis
3314 1718 3597 1781 exhibetis,

2016 1822 2074 1865 ut
2100 1812 2243 1882 signa
2273 1821 2327 1867 et
2356 1814 2628 1878 miracula,
2677 1811 2791 1865 Itnrc
2822 1825 2948 1863 vero
2980 1810 3232 1879 probrosa
3274 1809 3554 1863 occultatis
3584 1826 3596 1859 :

2016 1904 2067 1959 id
2117 1905 2441 1974 dispensavit
2504 1906 2672 1974 gratia
2736 1903 2996 1973 Spiritus,
3051 1912 3105 1955 ut
3157 1903 3205 1954 iu
3262 1902 3599 1957 solemnitate

2016 1995 2266 2061 maxima,
2298 2011 2417 2049 cum
2447 1996 2542 2048 viri
2582 1995 2935 2062 mulieresque
2992 2007 3182 2062 magno
3237 2008 3458 2045 munero
3502 1993 3600 2045 ad—

2015 2098 2157 2151 sunt,
2183 2103 2472 2157 omnesque
2501 2087 2721 2141 omnino
2756 2087 2807 2139 iu
2840 2100 3026 2153 magna
3056 2083 3328 2138 Paschalis
3352 2097 3599 2153 vespera,

2018 2187 2141 2233 tunc
2168 2180 2281 2233 haec
2307 2179 2482 2232 omnia
2523 2178 2806 2247 legantur:
2837 2175 3081 2229 ontuibus
3112 2174 3307 2243 ultique
3336 2183 3598 2226 terrarum

2018 2270 2387 2339 praesentibus,
2420 2268 2533 2323 huic
2577 2284 2765 2338 magna
2800 2282 2933 2323 voce
2964 2266 3323 2336 przrdiceiitur
3353 2282 3365 2316 :
3408 2264 3601 2332 quibus

2018 2360 2167 2414 lectis
2196 2369 2248 2413 et
2275 2361 2521 2429 Cognitis,
2552 2359 2792 2413 Christus
2816 2340 3052 2412 creditur
3081 2372 3200 2410 esse
3225 2356 3383 2421 Deus,
3408 2365 3462 2409 et
3491 2364 3599 2409 tum

2016 2461 2234 2520 propter
2262 2451 2385 2513 alia,
2415 2460 2527 2505 tum
2561 2458 2775 2518 propter
2803 2449 2915 2503 hmc
2943 2449 3102 2502 etiam
3143 2448 3414 2512 adoratur,
3460 2448 3604 2517 quod

2017 2556 2116 2611 pro
2143 2540 2307 2595 nobis
2334 2556 2398 2594 eo
2427 2555 2593 2609 quue
2620 2538 2949 2594 descendere
2978 2538 3221 2606 dignatus
3267 2536 3355 2602 sit,
3410 2537 3606 2606 illaque

2018 2632 2151 2702 pati,
2182 2641 2239 2686 ut
2268 2646 2365 2685 nos
2393 2632 2443 2685 in
2488 2632 2631 2684 omni
2664 2631 2871 2683 virtutis
2899 2643 3095 2698 genere
3138 2628 3453 2681 insumeret.
3481 2627 3607 2681 lla:c

2019 2722 2194 2793 itaque
2210 2738 2421 2790 semper
2450 2722 2687 2791 legamus
2719 2737 2733 2773 :
2768 2737 2887 2774 nam
2918 2720 3135 2774 multum
3188 2720 3312 2772 hinc
3357 2720 3559 2773 lucrum
3585 2760 3603 2781 ,

2019 2814 2248 2868 maxima
2276 2814 2494 2866 utilitas.
2527 2813 2659 2867 Cum
2688 2812 2830 2865 enim
2855 2811 3047 2865 videris
3072 2811 3219 2863 illum
3257 2817 3311 2864 et
3345 2811 3504 2864 rebus
3551 2818 3608 2863 ct

2008 2908 2192 2964 verbis
2221 2908 2515 2972 adoratum,
2546 2909 2754 2961 irrisum
2794 2916 2847 2962 ct
2881 2908 3114 2974 illusum,
3164 2916 3356 2961 tortum
3400 2916 3453 2961 et
3500 2925 3599 2961 ex-

2020 3007 2183 3053 trema
2214 3000 2518 3067 patientem,
2549 2999 2756 3052 etiamsi
2803 2998 2936 3066 lapis
2988 2999 3169 3062 fueri<,
3219 3013 3338 3052 cera
3393 2999 3602 3052 mollior

2020 3090 2229 3154 evades,
2263 3104 2584 3156 omnemque
2613 3089 2774 3141 animi
2807 3094 3069 3142 tumorem
3098 3088 3302 3153 ejicies.
3336 3088 3468 3141 Audi
3502 3088 3603 3154 igi-

2021 3191 2107 3234 tur
2149 3195 2209 3234 ea
2258 3197 2374 3248 qua:
2418 3190 2730 3248 sequuntur.
2768 3178 3049 3246 Postquam
3081 3178 3359 3231 illuserunt
3409 3178 3478 3239 ei,
3511 3179 3599 3231 5|.

2026 3268 2288 3322 Daxerunt
2310 3285 2422 3320 eum
2451 3268 2504 3320 in
2554 3282 2772 3328 crucem,
2806 3276 2859 3319 et
2884 3265 3134 3319 denudati
3179 3275 3352 3320 vestes
3380 3280 3602 3335 accepe-

2023 3369 2168 3426 runt,
2199 3360 2549 3429 sedentesque
2578 3358 2930 3412 observabant
2958 3357 3169 3427 quando
3191 3358 3505 3425 exspiraret.
3541 3357 3609 3410 Et

2024 3451 2319 3506 diviserunt
2342 3452 2652 3505 vestimenta
2679 3448 2812 3518 ejus,
2834 3448 2973 3518 quod
2996 3448 3139 3502 circa
3166 3446 3445 3502 damnatos
3471 3448 3609 3502 viles

2026 3552 2080 3599 et
2105 3543 2340 3610 ahjectos
2371 3550 2423 3595 et
2454 3541 2522 3595 ab
2549 3540 2794 3595 omnibus
2845 3540 3087 3594 desertos
3119 3540 3230 3593 fieri
3266 3540 3424 3594 solet.
3471 3540 3604 3595 Par-

2029 3634 2231 3688 tiuutur
2256 3633 2587 3693 vestimenta,
2606 3632 2797 3701 quibus
2824 3640 2898 3684 tot
2928 3631 3067 3684 edita
3092 3631 3303 3686 fuerant
3329 3633 3603 3687 miracula.

2028 3724 2132 3779 Sed
2166 3722 2297 3776 nihil
2330 3732 2452 3776 tunc
2479 3722 2861 3791 operahantur,
2894 3721 3106 3775 Christo
3132 3722 3237 3774 vim
3292 3723 3498 3776 illormu
3524 3725 3609 3775 in-

2029 3814 2287 3869 effabilem
2346 3812 2648 3867 cohibente.
2694 3811 2804 3865 Hoc
2835 3826 2963 3864 vero
2983 3821 3093 3864 non
3125 3810 3388 3863 modicum
3421 3812 3616 3867 furoris

2030 3906 2444 3961 additamentum
2488 3913 2623 3959 erat.
2652 3903 2781 3959 Nam
2810 3904 2960 3973 quasi
2991 3918 3113 3971 erga
3146 3902 3421 3966 infamem,
3460 3904 3608 3973 ahje-

2029 4013 2170 4055 ctum
2196 4011 2248 4056 et
2273 4002 2509 4054 omnium
2536 3999 2868 4062 vilissimum,
2902 4007 2957 4050 ut
2995 3996 3124 4059 dixi,
3157 3996 3232 4049 sic
3271 3996 3446 4048 omnia
3483 4011 3612 4065 age-

2030 4092 2157 4147 bant
2188 4110 2200 4146 :
2234 4091 2525 4145 latronibus
2554 4089 2679 4144 nihil
2707 4089 2810 4143 tale
2835 4086 3106 4150 fecissent,
3140 4086 3232 4141 sed
3257 4086 3307 4139 iu
3335 4085 3608 4139 Chrismm

2035 4183 2149 4237 lucc
2191 4183 2366 4236 omnia
2413 4181 2680 4235 audebant
2706 4198 2719 4233 :
2745 4180 3087 4248 mediumque
3130 4178 3277 4231 illum
3327 4177 3613 4231 crttcilixe-

2034 4282 2177 4340 runt,
2213 4283 2267 4328 ut
2296 4274 2505 4327 illorum
2536 4271 2764 4326 infamiae
2790 4285 3009 4325 consors
3032 4279 3192 4324 esset.
3234 4270 3324 4323 ⁸54.
3356 4267 3423 4321 Et
3451 4268 3607 4322 dede-

2034 4377 2153 4421 runt
2205 4368 2251 4420 ei
2279 4377 2473 4419 acetum
2494 4365 2688 4427 bibere,
2724 4364 2822 4417 hoc
2857 4364 2983 4416 item
3029 4362 3414 4416 contumeliose
3445 4380 3458 4415 ε
3488 4361 3607 4429 ipse

2037 4472 2212 4512 autem
2242 4458 2455 4512 nolebat
2500 4456 2703 4509 bibere.
2728 4456 2876 4507 Alius
2905 4456 2982 4507 sie
3011 4462 3187 4505 narrat
3219 4468 3233 4506 :
3268 4451 3393 4506 Cum
3419 4463 3622 4522 gustus-

2038 4559 2130 4612 set,
2155 4548 2300 4611 dixit,
2325 4545 2733 4601 Consummutmn
2765 4554 2835 4597 cst
2863 4541 3053 4614 (Joan.
3085 4543 3170 4596 i9.
3214 4541 3341 4609 ΞΟ).
3372 4540 3506 4605 Quid
3540 4550 3622 4595 est

2040 4649 2237 4705 autem,
2265 4637 2673 4693 Consummatum
2711 4636 2863 4689 est“!
2915 4633 3199 4704 i’rOphetia
3246 4633 3358 4687 haec
3403 4632 3620 4701 impleta

2042 4742 2124 4787 est
2155 4749 2168 4785 :
2199 4729 2455 4784 Dederunt
2479 4729 2530 4782 in
2559 4744 2722 4782 escam
2750 4744 2909 4781 nteant
2937 4728 3023 4796 fel,
3048 4736 3093 4779 et
3134 4726 3186 4779 in
3211 4725 3295 4778 siti
3336 4741 3445 4778 mea
3476 4735 3622 4794 pota-

2042 4830 2215 4875 verunt
2242 4837 2318 4873 me
2343 4828 2479 4873 aceto
2519 4816 2699 4890 (Psal.
2728 4818 2816 4873 08.
2857 4814 2987 4886 22).
3018 4815 3197 4885 Neque
3227 4824 3402 4869 tamen
3421 4814 3520 4870 ille
3548 4815 3626 4883 ip-

2045 4930 2160 4969 sum
2216 4914 2412 4968 bibisse
2441 4912 2712 4965 ostendit:
2748 4909 2875 4964 nihil
2929 4909 3070 4962 enim
3121 4908 3369 4962 dili'eruut
3412 4918 3629 4975 gustare

2045 5008 2215 5060 Solum
2246 5014 2300 5060 et
2327 5019 2429 5059 non
2461 5003 2665 5066 bibere,
2697 5001 2791 5056 sed
2841 5009 3124 5069 utrumque
3154 4997 3382 5066 idipsum
3428 4999 3628 5067 signiti-

2044 5109 2149 5154 cat.
2180 5098 2358 5167 Neque
2385 5107 2561 5150 tamen
2608 5094 2694 5148 hic
2746 5091 2954 5146 ferendi
2990 5091 3145 5145 linem
3198 5088 3471 5152 fecerunt;
3504 5105 3629 5143 natu

2052 5200 2326 5262 postquam
2352 5187 2704 5248 nudaverant,
2736 5184 3131 5243 crucilixerant,
3171 5188 3378 5233 acetum
3419 5178 3625 5231 obtule-

2049 5291 2188 5347 rant,
2222 5281 2357 5335 ultra
2388 5276 2833 5349 progrediuntur;
2865 5281 2918 5326 et
2949 5272 3093 5325 cruci
3122 5270 3341 5324 afﬁxum
3368 5269 3631 5331 videntes,

2051 5374 2374 5442 exprobrant
2403 5379 2457 5424 et
2486 5368 2581 5434 illi,
2609 5376 2663 5423 et
2703 5367 2737 5421 ii
2763 5365 2850 5435 qui
2883 5362 3486 5434 prastergrediebantur:
3515 5377 3636 5432 qua:

2054 5462 2288 5518 omnium
2319 5458 2627 5531 gravissima
2665 5464 2818 5512 erant
2867 5454 3027 5519 mala,
3078 5451 3291 5522 quando
3340 5450 3637 5508 seductoris

2119 5621 2136 5652 ί
2170 5626 2299 5678 tunc,
2325 5615 2447 5677 Quid
2469 5619 2540 5666 est
2560 5619 2737 5678 nutent,
2771 5628 2795 5659 ι
2815 5614 3197 5678 (misumntatum
3218 5611 3337 5678 est!
3358 5605 3409 5678 in
3432 5605 3638 5678 savii.“

2443 5665 2557 5728 sunt
2578 5689 2671 5741 per
2706 5665 3126 5725 hommotcleuton
3144 5684 3159 5733 ;
3202 5665 3292 5719 sed
3324 5666 3566 5718 habentur
3590 5678 3639 5716 us
