4068 6214
409 344 504 398 ΤΞ]

415 458 631 514 nomine
677 455 778 508 hoc
823 450 1136 522 patiebatur,
1165 457 1223 501 ut
1251 459 1505 514 arrogans
1543 452 1594 496 et
1621 439 2002 510 iactabundus.

419 547 543 603 ideo
585 546 734 600 illum
786 551 842 597 et
880 541 1092 610 publice
1143 538 1540 597 crucifixi-runt,
1591 543 1649 586 ιιι
1703 531 2003 585 videntibus

421 637 673 694 omnibus
715 635 1115 702 vituperarent:
1149 628 1271 683 ideo
1299 627 1458 681 etiam
1485 625 1711 678 militum
1739 620 2003 682 manibus,

425 737 479 782 at
503 743 624 782 cum
659 725 779 780 haec
809 739 902 793 per
935 721 1200 792 publicum
1235 717 1493 789 judicium
1534 715 1743 778 fierent,
1773 711 2008 766 furorem

426 820 681 888 majorem
721 817 1054 872 exhiberem.

496 923 553 976 Ξ..
596 922 665 976 At
689 934 819 973 vero
844 933 1000 988 quem
1029 931 1131 968 non
1162 913 1400 967 ﬂexisset
1429 908 1579 964 turba
1604 919 1837 976 sequens
1856 911 1911 958 et
1935 901 2011 954 la-

429 1011 720 1084 crymans?
768 1009 883 1064 Non
914 1019 1087 1062 tamen
1127 1009 1287 1058 hasce
1316 1003 1535 1057 belluas.
1565 999 1898 1066 Quapropter
1925 993 2016 1047 ille

433 1103 532 1157 hos
561 1101 911 1170 responsione
939 1098 1206 1165 dignatur,
1241 1093 1362 1146 illos
1384 1105 1555 1145 secus.
1585 1086 1715 1141 Nam
1739 1096 2014 1154 postquam

431 1196 610 1248 omnia
644 1209 738 1262 pro
760 1191 925 1244 lubito
957 1188 1212 1251 fecerant,
1245 1184 1436 1238 famam
1463 1180 1578 1248 ejus
1601 1177 1792 1232 laedere
1817 1189 2018 1230 conan-

436 1298 540 1350 tnr,
573 1285 688 1352 ejus
737 1280 1180 1337 resurrectionem
1222 1277 1490 1328 timentes.
1519 1269 1640 1323 Ideo
1667 1267 1780 1321 haec
1811 1264 2019 1334 publice

439 1378 657 1446 jactant,
691 1375 926 1427 latrones
949 1385 1068 1423 cum
1113 1368 1207 1420 illo
1233 1364 1568 1432 crucifigunt,
1616 1367 1748 1414 etut
1777 1355 2022 1411 seducto-

440 1483 554 1524 rem
568 1466 932 1525 ostenderent,
951 1460 1198 1518 dicebant
1217 1477 1229 1512 :
1246 1457 1332 1512 40.
1355 1455 1454 1522 Qui
1469 1453 1618 1508 solvis
1632 1450 1891 1519 templum,
1912 1446 2023 1501 etin

437 1556 598 1610 tribus
615 1556 788 1608 diebus
810 1554 1054 1616 (udi/iens,
1074 1549 1316 1604 descende
1335 1548 1396 1602 de
1409 1561 1574 1600 cruce.
1595 1542 1723 1597 Nam
1741 1540 1861 1609 quia
1881 1538 2022 1593 Pila-

442 1659 552 1700 tum
574 1654 820 1713 rogantes
845 1654 898 1696 ut
923 1644 1229 1708 inscriptam
1251 1653 1464 1693 causam
1493 1635 1727 1699 tolleret,
1749 1647 1866 1702 qua:
1887 1637 2020 1688 erat.

445 1736 552 1788 lica:
579 1734 902 1798 Judworttm,
937 1732 1067 1786 nihii
1098 1732 1465 1800 impetrarunt,
1495 1727 1588 1781 sed
1615 1724 1806 1779 institit
1833 1721 1920 1777 ille
1945 1720 2026 1775 di-

437 1841 604 1878 cens:
633 1823 778 1889 Quod
799 1824 998 1893 sci-ipsi.
1029 1821 1210 1891 scripsi
1250 1835 1268 1874 :
1296 1820 1371 1874 illi
1401 1818 1614 1873 demum
1645 1814 1890 1869 irrisione
1933 1825 2026 1865 sua

442 1915 665 1986 probare
707 1915 996 1978 tentabant,
1041 1913 1212 1981 ipsum
1256 1926 1360 1964 non
1404 1923 1526 1964 esse
1560 1921 1759 1976 regem.
1807 1902 1927 1958 Ideo
1975 1909 2030 1954 et

444 2007 556 2059 lucc
583 2013 638 2058 et
687 2005 771 2058 illa
800 2003 1046 2057 dicebant
1075 2019 1087 2054 :
1118 2001 1206 2056 42.
1240 2001 1300 2056 Si
1327 2015 1418 2054 rex
1446 1997 1610 2051 Israel
1644 2005 1736 2059 est,
1764 1993 2030 2047 descendat

440 2112 578 2148 sum:
608 2095 669 2148 de
694 2110 839 2147 cruce
866 2113 882 2149 ;
920 2103 974 2147 et
999 2107 1231 2159 rursum,
1264 2091 1406 2146 Alios
1435 2090 1600 2144 salvos
1645 2087 1781 2157 fecit,
1811 2085 2031 2155 seipsum

441 2205 541 2240 non
568 2195 723 2256 potest
751 2185 941 2239 salvum
966 2186 1131 2254 facere
1153 2199 1172 2236 :
1210 2193 1262 2236 et
1287 2181 1556 2251 prioribus
1597 2178 1762 2248 signis
1792 2176 1914 2230 hinc
1933 2175 2030 2230 de-

451 2277 667 2330 trahere
683 2276 1026 2328 conabantur
1047 2291 1061 2338 ;
1080 2283 1130 2326 et
1151 2287 1364 2334 rursus,
1380 2269 1439 2326 Si
1457 2268 1632 2322 Filius
1651 2267 1745 2322 Dei
1763 2277 1838 2321 est
1854 2277 1902 2320 et
1923 2266 2030 2320 vnit
2089 2268 2096 2275 ’

447 2384 590 2430 eum,
612 2367 816 2420 salvum
832 2366 1126 2435 faciatenut
1153 2364 1190 2416 ί.
1209 2361 1254 2416 Ο
1278 2362 1491 2417 scelesti
1509 2370 1561 2415 et
1579 2358 1901 2414 exsecrandi
1919 2359 1933 2412 !
1949 2359 2028 2412 An

450 2458 729 2528 prophetae
755 2473 861 2512 non
883 2464 1038 2510 erant
1053 2453 1354 2524 prophetat?
1369 2469 1437 2507 an
1457 2451 2030 2522 jnsti,nonjusti,qnia

456 2551 596 2605 Deus
620 2551 742 2604 illos
783 2565 847 2604 ex
872 2548 1131 2618 periculis
1155 2563 1261 2599 non
1283 2545 1528 2614 eripuit?
1561 2544 1901 2610 Alquierant
1934 2541 2037 2596 etsi

456 2642 601 2711 passi
621 2643 748 2694 sint.
763 2639 902 2705 Quid
927 2638 1154 2692 insaniae
1178 2646 1369 2691 vestrae
1388 2652 1483 2704 par
1501 2635 1692 2689 fuerit?
1707 2633 1838 2687 Nam
1859 2633 1904 2687 si
1929 2632 2044 2685 illo-

458 2750 578 2788 rum
603 2734 828 2802 gloriam
870 2747 977 2784 non
1005 2726 1565 2784 lahelaclaruntillata
1605 2723 1962 2793 illispericula
1989 2731 2045 2776 et

461 2825 724 2888 ntala,sed
741 2825 1020 2893 prophctm
1035 2819 1436 2884 erant,etiamsi
1456 2818 1546 2872 illa
1562 2813 2046 2886 paterenturmntl-

464 2927 519 2969 to
536 2914 708 2983 magis
721 2929 824 2967 non
836 2912 1118 2967 debebatis
1134 2911 1199 2964 de
1219 2911 1322 2964 hoc
1339 2907 1696 2964 scandalizari
1716 2906 1808 2976 qui
1821 2913 1876 2961 et
1889 2903 2048 2958 factis

455 3010 508 3053 et
534 3001 705 3055 verbis
731 2999 843 3053 suis
889 2998 1073 3052 falsam
1109 2998 1245 3052 hanc
1271 2997 1466 3066 repulit
1514 2994 1846 3065 opinionem.
1881 2993 2036 3047 Atta-

461 3109 583 3149 nten
618 3092 731 3147 haec
752 3092 992 3147 dicentes
1017 3099 1071 3146 et
1091 3101 1312 3160 agentes
1343 3089 1473 3143 nihil
1508 3088 1590 3142 vel
1638 3088 1690 3141 in
1737 3089 1853 3155 ipso
1902 3094 2040 3140 tem-

458 3202 585 3255 pore
611 3186 782 3239 facere
803 3191 1106 3253 potuerunt.
1137 3181 1294 3237 Certe
1322 3181 1410 3249 qui
1442 3179 1588 3234 omni
1614 3179 1889 3249 iniquitate
1911 3192 2036 3232 cor-

459 3290 643 3344 ruptus
671 3285 806 3341 erat,
836 3275 928 3346 qui
977 3273 1140 3328 vitam
1188 3272 1240 3326 in
1291 3271 1528 3326 caedibus
1575 3279 1630 3326 et
1673 3268 2041 3340 sepulcrorum

459 3366 834 3422 emissionibns
872 3365 1111 3436 degerat,
1157 3378 1278 3418 eum
1317 3361 1435 3418 hsce
1489 3361 1833 3424 dicerentur,
1871 3360 2042 3428 ipsum

462 3457 736 3511 confessus
761 3467 860 3520 est,
915 3465 968 3508 et
1023 3469 1244 3525 regnum
1300 3453 1760 3516 cnnnnemoravit,
1790 3451 2044 3520 plebsque

460 3549 608 3602 illum
638 3547 871 3617 lugebat.
902 3545 1232 3614 Quamquam
1276 3543 1590 3598 videbantur
1614 3557 1699 3598 res
1723 3551 1887 3611 gestat
1914 3555 2042 3594 con-

462 3639 619 3691 traria
647 3636 943 3706 signiﬁcare
964 3636 1027 3690 iis
1055 3635 1144 3706 qui
1168 3636 1405 3706 mysterii
1433 3635 1786 3691 oeconomiam
1817 3647 1921 3686 non
1951 3646 2047 3686 no-

465 3738 665 3796 verant,
693 3729 833 3800 quod
859 3743 1052 3799 nempe
1078 3727 1324 3783 infirmus
1362 3737 1522 3793 esset,
1559 3728 1793 3796 nihilque
1820 3733 2000 3794 posset
2027 3739 2040 3776 τ

463 3832 694 3876 attamen
723 3824 920 3876 veritas
969 3836 1064 3891 per
1089 3820 1354 3875 contraria
1388 3820 1549 3873 etiam
1599 3818 1892 3888 prwvaluit.
1922 3817 2047 3871 Haec

464 3915 620 3982 igitur
659 3911 956 3976 audientes,
989 3926 1258 3966 armemus
1286 3926 1383 3966 nos
1417 3919 1600 3966 contra
1630 3910 1762 3964 iram
1807 3917 1860 3963 et
1905 3909 2049 3962 furo-

463 4022 598 4060 rem.
629 4005 682 4059 Si
730 4013 934 4058 tumere
963 4003 1044 4057 vel
1071 4001 1385 4056 inﬂammari
1416 4015 1510 4056 cor
1545 4009 1691 4055 tuum
1721 3997 1936 4062 videris,
1970 3997 2043 4051 si-

461 4097 687 4166 gnaculo
705 4094 878 4148 crucis
902 4103 1088 4164 pectus
1118 4100 1262 4145 tuum
1295 4092 1499 4144 munito
1535 4108 1548 4143 :
1580 4091 1835 4144 memoria
1863 4097 2047 4157 repete

456 4186 555 4240 illa
583 4201 701 4254 quin
729 4194 851 4236 tunc
898 4186 1254 4252 contigerunt,
1301 4192 1352 4236 et
1399 4183 1586 4235 horum
1633 4182 1889 4237 memoria
1917 4182 2045 4235 iram

465 4291 676 4329 onmem
702 4282 755 4326 nt
777 4273 1049 4342 pulverem
1083 4273 1340 4327 excuties.
1371 4270 1554 4342 Cogita
1581 4273 1740 4326 verba
1768 4281 1822 4327 et
1849 4281 1997 4341 gesta
2030 4289 2044 4326 :

463 4363 638 4434 cogita
682 4362 826 4416 illum
882 4376 1002 4416 esse
1041 4362 1359 4426 Dominum,
1419 4373 1574 4432 teque
1611 4377 1822 4415 servum
1857 4380 1870 4416 :
1903 4362 2045 4416 illum

465 4463 684 4524 propter
712 4463 761 4506 te
784 4468 999 4522 passmn
1042 4466 1181 4513 esse.
1231 4461 1282 4506 te
1311 4461 1527 4521 propter
1557 4461 1610 4506 te
1662 4450 1869 4520 ipsum;
1900 4451 2046 4505 illtnu

469 4564 563 4616 pro
596 4548 658 4599 iis
694 4546 784 4615 qui
829 4544 1099 4599 beneliciis
1129 4545 1302 4598 allecti
1345 4545 1514 4613 ipsqu
1544 4543 1956 4612 crucifigebant,
1998 4553 2048 4596 te

467 4655 563 4702 pro
586 4647 637 4692 te
664 4637 805 4706 ipso;
828 4636 974 4688 illum
999 4649 1095 4704 pro
1113 4635 1176 4687 iis
1195 4635 1281 4703 qtti
1308 4649 1365 4687 se
1381 4633 1720 4687 contumeliis
1740 4634 2045 4698 affecerant,

466 4739 519 4782 te
546 4742 690 4796 saepe
722 4741 816 4802 pro
853 4725 916 4778 iis
941 4739 1074 4793 quos
1124 4723 1339 4788 ltesisti;
1379 4723 1521 4776 illum
1550 4722 1764 4777 vidente
1801 4723 2047 4789 civitate,

470 4822 578 4872 into
605 4818 799 4888 populo
829 4827 938 4870 toto
958 4815 1259 4869 Judmorunt
1282 4856 1296 4880 ,
1330 4815 1750 4886 peregrinorum,
1777 4815 2051 4884 indigena-

471 4924 610 4972 rum,
639 4907 831 4977 qnibus
853 4905 1174 4974 benignitate
1203 4905 1354 4972 plena
1378 4906 1537 4959 verba
1563 4906 1796 4975 protulit,
1835 4917 1886 4960 te
1923 4922 2050 4976 pau-

469 5003 550 5057 eis
599 4999 949 5070 prtesentibus
985 5016 999 5052 :
1045 5007 1101 5052 et
1140 4997 1279 5068 quod
1329 4997 1544 5066 majoris
1569 5013 1688 5053 esse
1717 5000 2050 5055 contumeliae

472 5094 702 5154 videtur,
753 5090 892 5161 quod
940 5089 1224 5144 derelictus
1257 5090 1324 5142 sit
1367 5105 1395 5140 a
1443 5088 1734 5159 discipulis.
1775 5089 1906 5144 Nam
1960 5091 2050 5161 qui

472 5193 628 5237 antea
657 5182 826 5250 ipsum
853 5180 1113 5244 colebant,
1141 5183 1475 5234 resdicrunt:
1509 5180 1705 5234 inimici
1728 5195 1857 5235 vero
1879 5190 1930 5236 et
1960 5182 2054 5237 ad-

475 5273 696 5327 versarii
729 5271 780 5324 in
813 5271 988 5324 medio
1019 5271 1271 5342 positum,
1313 5270 1590 5337 conviciis,
1626 5272 1758 5336 risu,
1791 5271 2054 5327 illusioni-

479 5367 577 5420 bus
617 5363 1038 5418 dehonestarnnt
1061 5403 1076 5426 ,
1105 5363 1273 5417 Judici
1296 5404 1312 5429 ,
1339 5363 1556 5429 milites,
1589 5363 1714 5418 hinc
1741 5374 1796 5419 et
1824 5363 1945 5418 inde
1974 5365 2055 5419 Ia—

479 5465 660 5510 trones
690 5472 702 5506 :
733 5453 891 5507 ambo
918 5455 1113 5522 quippe
1150 5453 1380 5508 latrones
1411 5453 1581 5522 ipsum
1611 5452 1818 5523 probris
1845 5462 1897 5508 et
1921 5467 2056 5508 con-

481 5549 713 5604 tutneliis
736 5545 1053 5600 adiciebant.
1088 5545 1365 5612 Quomodo
1390 5561 1516 5616 ergo
1535 5545 1707 5601 Lucas
1721 5545 1866 5612 dicit,
1891 5561 2054 5602 unum

554 5731 578 5766 ι
608 5731 704 5782 Alii
722 5732 929 5795 habent,
955 5734 1000 5785 si
1037 5734 1192 5787 Filius
1235 5734 1320 5788 Dei
1339 5752 1410 5802 es,
1441 5737 1578 5798 salva
1608 5738 1924 5804 temetipsum.

1140 332 1198 387 S.
1239 326 1513 384 JOANNIS
1550 320 2016 380 CIIRYSOSTOMI
2059 319 2372 374 ARCIIIEP.
2412 321 2946 380 CONST.\NTI.\‘UP.

3588 312 3698 369 ’ΠΞ

2122 453 2189 494 ex
2243 439 2539 498 latronibus
2591 443 2819 498 alterum
2871 445 3173 515 increpasse
3214 443 3376 517 (Luc.
3418 443 3514 499 (ΣΞ.
3559 444 3692 512 40).

2125 531 2416 603 Utrumque
2439 533 2635 588 factum
2658 546 2741 590 est
2767 555 2778 589 :
2802 538 3032 606 primum
3060 539 3200 592 enim
3223 537 3382 593 ambo
3408 535 3700 607 exprobra-

2125 624 2282 687 bant,
2327 633 2508 693 postezt
2549 642 2656 680 non
2705 627 2856 682 item.
2888 627 2964 682 Ne
3003 637 3158 698 putes
3206 629 3345 682 enim
3385 643 3449 682 ex
3470 626 3714 696 quodam

2122 728 2278 787 pacto
2302 733 2418 772 rem
2447 727 2647 787 gestam
2685 718 2870 783 fuisse,
2897 730 2988 774 aut
3018 719 3277 774 latronem
3308 735 3410 773 non
3443 719 3607 773 fuisse
3637 720 3718 774 la-

2127 817 2355 871 tronem,
2388 823 2417 860 a
2445 809 2766 864 contumelia
2796 809 2924 864 illud
2951 809 3041 864 tibi
3072 810 3308 864 declarat
3334 827 3348 862 :
3394 824 3630 878 superne
3661 809 3714 861 in

2123 913 2284 953 cruce
2311 900 2445 953 latro
2469 911 2585 954 erat
2611 909 2665 955 et
2696 900 2969 965 inimicus;
2993 901 3086 956 sed
3107 910 3327 970 repente
3348 910 3582 955 mutatos
3599 911 3713 954 est.

2131 991 2253 1045 lla-c
2282 993 2437 1061 igitur
2456 994 2631 1046 omnia
2659 1003 2833 1048 tecum
2863 1006 3115 1064 reputans
3149 995 3543 1064 philosophare.
3568 994 3714 1062 Quid

2125 1086 2266 1138 enim
2288 1097 2490 1139 tantum
2516 1089 2730 1154 pateris,
2760 1097 3012 1155 quantum
3043 1088 3300 1142 Dominus
3329 1087 3489 1143 tuus?
3515 1103 3582 1141 an
3615 1103 3719 1157 ptr-

2128 1176 2267 1229 bliee
2296 1177 2623 1246 vituperatus
2650 1181 2750 1232 es?
2775 1178 2878 1232 Sed
2912 1195 3014 1232 non
3054 1194 3173 1232 cum
3219 1180 3378 1232 tantis
3421 1189 3704 1233 contume‘

2130 1265 2234 1320 liis.
2261 1267 2584 1322 Verberibus
2612 1284 2784 1322 ca-sus
2809 1269 2900 1323 es?
2924 1270 3028 1324 Sed
3060 1287 3162 1323 non
3187 1280 3297 1324 toto
3325 1286 3553 1339 corpore
3572 1311 3586 1329 .
3612 1285 3718 1324 ne-

2129 1373 2232 1426 que
2252 1358 2322 1412 ita
2340 1357 2566 1413 nudatus
2583 1369 2644 1414 et
2668 1358 2981 1430 flagellatns.
3004 1360 3062 1416 Si
3085 1372 3257 1415 autem
3280 1361 3520 1430 colaphis
3539 1376 3720 1416 cassus

2126 1465 2208 1513 es,
2241 1459 2296 1504 at
2327 1467 2428 1504 non
2457 1453 2550 1508 illo
2585 1453 2762 1507 modo.

2202 1541 2255 1595 5.
2287 1540 2382 1594 His
2421 1542 2558 1598 adde
2601 1559 2628 1598 a
2674 1544 2901 1612 quibus,
2949 1559 3151 1613 quare,
3194 1545 3450 1613 quando:
3489 1553 3544 1598 et
3568 1544 3717 1614 quod

2130 1631 2497 1700 gravissimum
2529 1643 2629 1697 est,
2660 1633 2785 1688 dum
2815 1634 2925 1689 hiBC
2972 1636 3179 1700 fierent,
3216 1650 3372 1689 nemo
3405 1635 3716 1702 petulantes

2132 1721 2386 1789 arguebat
2410 1723 2495 1778 vel
2522 1723 2829 1792 increpabat
2850 1737 3078 1789 ;,contra
3105 1740 3264 1787 vero,
3295 1725 3610 1792 laudabant,
3639 1727 3718 1779 si-

2134 1813 2246 1866 mul
2290 1812 2571 1879 ridebant,
2603 1815 2760 1869 simul
2806 1815 3099 1870 illudebant
3120 1826 3180 1872 et
3206 1825 3261 1870 nt
3285 1825 3624 1886 arrogantem
3651 1831 3721 1869 ac

2132 1905 2468 1961 seductorem
2489 1948 2504 1970 ,
2527 1907 2617 1976 qui
2649 1924 2750 1962 non
2783 1917 2961 1976 posset
2989 1909 3128 1964 dicta
3159 1924 3254 1964 sua
3281 1910 3538 1979 operibus
3562 1925 3718 1965 com-

2135 1995 2382 2064 probare.
2412 1997 2488 2052 sic
2516 1998 2772 2053 conviciis
2801 1999 3144 2068 impetebant.
3169 1999 3261 2054 Ille
3283 2015 3411 2053 vero
3437 1999 3507 2054 ad
3536 2001 3721 2054 omnia

2137 2088 2376 2154 tacebat,
2411 2105 2600 2159 magna
2633 2091 2786 2146 nobis
2815 2093 3048 2152 remedia
3079 2108 3267 2162 parans
3295 2092 3360 2146 ad
3404 2094 3724 2162 patientiam

2135 2181 2512 2234 exercendam.
2543 2181 2647 2236 Sed
2679 2197 2775 2236 nos
2806 2182 2918 2237 hare
2947 2183 3252 2250 audientes,
3281 2201 3347 2238 ne
3371 2199 3567 2240 servos
3595 2185 3725 2254 qui-

2136 2267 2255 2321 dem
2303 2278 2516 2326 nostros
2546 2269 2687 2327 ferre
2719 2287 2997 2342 possumus
3022 2315 3038 2339 ,
3069 2279 3160 2329 sed
3209 2276 3486 2345 plusquam
3531 2276 3721 2343 onagri

2139 2357 2457 2413 insultamus
2482 2401 2496 2423 ,
2527 2363 2864 2416 calcitramus
2885 2402 2900 2428 ,
2931 2363 3072 2418 circa
3110 2379 3170 2418 ea
3202 2381 3318 2434 qua}
3349 2380 3446 2419 nos
3473 2377 3724 2435 spectant

2138 2451 2383 2506 crudeles
2409 2461 2464 2506 et
2503 2453 2815 2520 inhumani,
2848 2470 2910 2509 ea
2949 2471 3077 2510 vero
3106 2472 3222 2524 quae
3250 2457 3314 2509 ad
3359 2457 3527 2510 Deum
3560 2459 3726 2525 perti-

2140 2551 2268 2596 nent
2293 2558 2398 2598 non
2428 2546 2557 2599 tanti
2581 2545 2851 2601 facientes.
2880 2547 3032 2601 Circa
3061 2549 3258 2601 amicos
3286 2548 3447 2602 etiam
3475 2549 3724 2602 similiter

2141 2633 2312 2689 all‘ecti
2343 2651 2527 2691 sumus
2553 2655 2565 2692 :
2600 2639 2644 2692 si
2677 2640 2794 2706 quis
2827 2654 2924 2695 nos
2955 2638 3221 2704 offendat,
3252 2655 3355 2694 non
3387 2640 3646 2703 ferimus;
3678 2643 3723 2693 si

2141 2726 2463 2780 contumelia
2491 2728 2718 2793 afficiat,
2753 2730 2870 2798 plus
2900 2747 3059 2801 quam
3088 2731 3257 2786 bellua
3286 2733 3492 2802 quaevis
3524 2732 3724 2785 feroci-

2143 2831 2295 2882 mus,
2338 2819 2428 2888 qui
2475 2827 2652 2876 tamen
2703 2821 2816 2877 lure
2859 2823 3096 2893 quotidie
3136 2824 3375 2893 legimus.
3421 2825 3728 2892 Discipulos

2145 2911 2410 2979 prodidit,
2440 2915 2628 2982 reliqui
2659 2915 2746 2968 illo
2777 2916 2966 2970 relicto
2998 2915 3242 2986 fugerunt
3269 2935 3282 2970 :
3329 2917 3415 2971 alii
3449 2917 3725 2973 beneficiis

2145 3002 2318 3058 aﬂ'eeti
2347 3015 2744 3073 conSpnerunt;
2786 3023 2974 3062 servus
3004 3010 3196 3062 summi
3227 3009 3488 3078 pontiﬁcis
3511 3010 3726 3077 alapam

2147 3095 2333 3161 dedit;
2363 3098 2560 3152 milites
2585 3099 2825 3168 colaphis
2852 3101 3194 3166 ceciderunt;
3225 3101 3315 3172 qui
3346 3103 3724 3169 prieterihant,

2148 3187 2443 3243 illudebant
2467 3197 2521 3244 et
2543 3190 2978 3246 conviciabantur
3005 3193 3051 3246 ei
3075 3209 3090 3256 ;
3123 3193 3354 3247 latrones
3375 3193 3689 3246 incusabant
3710 3213 3726 3246 :

2147 3287 2202 3334 et
2225 3279 2481 3335 adversus
2505 3279 2620 3336 hinc
2646 3297 2712 3337 ne
2740 3284 2955 3337 verbum
2986 3283 3198 3353 quidem
3233 3285 3318 3340 ille
3345 3286 3567 3354 protulit
3585 3327 3600 3348 ,
3629 3286 3728 3339 sed

2147 3369 2359 3425 silentio
2397 3387 2586 3427 omnes
2629 3374 2786 3441 vicit,
2837 3383 2894 3430 ut
2924 3385 2974 3430 te
3021 3377 3268 3444 operibus
3299 3377 3602 3431 institueret
3627 3420 3642 3442 ,
3677 3389 3732 3431 te.

2149 3463 2346 3522 quanto
2376 3458 2705 3512 mansuetius
2733 3459 2868 3513 feres
2888 3501 2902 3525 ,
2936 3469 3080 3514 tanto
3108 3462 3273 3531 magis
3302 3463 3437 3514 male
3466 3461 3731 3516 facientes

2151 3556 2546 3612 Superaturutn,
2577 3549 2927 3617 omnibusque
2953 3550 3288 3612 adrnirationi
3318 3551 3574 3604 futurum.
3599 3552 3733 3617 Quis

2151 3634 2293 3686 enim
2321 3651 2422 3688 non
2445 3639 2668 3690 miretur
2680 3653 2802 3692 eum
2822 3641 2908 3708 qui
2930 3641 3276 3694 contumelias
3301 3640 3403 3694 fert
3422 3642 3692 3710 patienter
3707 3643 3732 3695 ?

2149 3723 2610 3789 Quemadmodum
2639 3728 2780 3782 enim
2809 3729 2853 3783 si
2883 3730 3001 3800 quis
3031 3731 3189 3785 etiam
3213 3730 3355 3799 jnste
3382 3732 3648 3799 patiatur,
3677 3743 3732 3786 et

2155 3817 2350 3870 malum
2375 3807 2652 3874 mansuete
2679 3819 2834 3887 ferat,
2859 3836 2887 3873 a
2909 3821 3090 3876 multis
3118 3831 3334 3891 putatur
3361 3823 3553 3890 injuste
3582 3824 3688 3892 pati
3715 3843 3726 3874 :

2155 3906 2226 3960 ita
2255 3907 2297 3961 si
2329 3908 2523 3978 injuste
2551 3911 2777 3978 patiatur
2801 3921 2855 3966 et
2882 3910 3099 3966 ferociat
3124 3954 3138 3976 ,
3166 3927 3224 3966 se
3248 3912 3388 3980 juste
3415 3915 3522 3983 pati
3550 3915 3604 3967 in
3643 3930 3732 3967 su-

2153 3997 2443 4064 spieionem
2476 3999 2672 4066 veniet,
2700 4009 2752 4056 et
2781 4000 3033 4055 ridiculus
3060 4002 3181 4066 erit,
3201 4011 3261 4056 ut
3287 4005 3529 4072 captivus
3552 4005 3626 4058 ab
3654 4006 3728 4059 ita

2155 4094 2477 4154 pertractus,
2505 4089 2593 4158 qui
2619 4091 2947 4144 nobilitatem
2972 4105 3122 4145 suam
3147 4092 3394 4160 perdidit.
3417 4093 3560 4147 Talis
3577 4096 3732 4164 quip-

2157 4192 2220 4244 pe
2245 4177 2404 4231 homo
2429 4194 2528 4234 nec
2554 4180 2691 4235 liber
2709 4181 2920 4251 quidem
2943 4182 3208 4236 vocandus
3229 4193 3329 4248 est,
3355 4185 3560 4237 etiamsi
3585 4186 3733 4238 mille

2155 4267 2323 4322 servis
2369 4267 2694 4324 dominetur.
2746 4272 2815 4326 At
2860 4281 2910 4326 te
2940 4272 3225 4326 admodum
3257 4273 3345 4327 ille
3375 4275 3636 4328 irritavit?
3666 4275 3733 4328 Et

2155 4357 2277 4426 quid
2307 4357 2446 4411 hoc?
2471 4359 2620 4414 Tune
2640 4361 2780 4414 enim
2810 4362 3198 4432 phil030phiam
3223 4366 3476 4420 exhibere
3499 4381 3594 4434 par
3612 4376 3696 4420 est
3717 4386 3728 4419 :

2156 4465 2276 4505 eum
2305 4453 2448 4507 enim
2475 4458 2710 4510 concitat
2739 4472 2898 4512 nemo
2920 4499 2935 4522 ,
2970 4458 3110 4526 ipsas
3141 4459 3278 4513 feras
3320 4471 3623 4515 mansuetas
3651 4461 3732 4514 vi-

2155 4539 2345 4596 demus
2367 4557 2386 4596 :
2420 4557 2524 4598 non
2556 4558 2769 4614 semper
2804 4546 2946 4601 enim
2992 4547 3256 4603 ferocinnt
3278 4590 3293 4612 .
3326 4549 3420 4604 sed
3449 4565 3569 4604 cum
3613 4553 3732 4620 quis

2159 4630 2276 4684 illas
2304 4632 2671 4688 concitaverit.
2704 4633 2812 4689 Nos
2852 4652 3063 4707 quoque
3089 4638 3130 4691 si
3165 4647 3290 4694 tunc
3323 4649 3524 4694 tantum
3566 4644 3731 4711 quieti

2157 4735 2374 4787 sumus,
2405 4738 2526 4777 cum
2559 4739 2718 4782 nemo
2747 4743 2842 4781 nos
2870 4732 3139 4792 concitat,
3172 4730 3297 4798 quid
3331 4732 3559 4798 amplius
3590 4749 3702 4800 pra:

2157 4814 2398 4869 stamus?
2433 4815 2539 4870 Illic
2567 4819 2707 4870 enim
2749 4834 2890 4887 saepe
2912 4819 3055 4888 juste
3083 4821 3422 4890 indignantur
3443 4864 3457 4887 ,
3489 4841 3543 4877 et
3571 4839 3728 4877 excu-

2158 4904 2262 4957 s:tri
2296 4915 2550 4973 possunt;
2598 4921 2718 4960 nam
2763 4919 3046 4965 commotte
3070 4921 3120 4964 et
3167 4921 3376 4980 puncta:
3419 4911 3728 4976 irritantur;

2158 5004 2415 5064 praeterea
2443 4997 2665 5052 rationis
2691 5007 2816 5052 sunt
2842 5010 3126 5068 expertes,
3158 5009 3210 5055 et
3235 5017 3301 5056 ex
3336 5011 3520 5055 natura
3550 5002 3731 5056 ferita-

2158 5094 2267 5141 tcnt
2296 5086 2514 5143 habent.
2559 5087 2638 5141 Tu
2669 5104 2795 5143 vero
2821 5091 2862 5144 si
2897 5091 3153 5156 ferat-ias,
3183 5091 3354 5156 unde,
3386 5108 3568 5161 qntnso
3590 5134 3605 5156 ,
3639 5109 3727 5161 po-

2163 5179 2288 5232 teris
2313 5179 2518 5232 veniam
2541 5180 2828 5247 consequi?
2849 5180 2975 5249 quid
2999 5181 3120 5234 mali
3149 5195 3335 5250 passus
3356 5197 3434 5243 es,
3461 5183 3733 5250 rapinam?

2161 5270 2286 5324 Ideo
2315 5271 2457 5326 ferre
2483 5280 2727 5342 Oportet,
2761 5272 2886 5342 quia
2915 5275 3082 5341 magis
3111 5273 3421 5328 lucraberis.
3444 5272 3548 5328 Sed
3580 5275 3630 5327 in
3661 5277 3733 5327 fa-

2162 5379 2246 5417 nta
2277 5363 2435 5418 laesus
2463 5363 2560 5416 es?
2585 5363 2652 5417 Et
2675 5362 2800 5431 quid
2831 5363 2972 5418 hoc?
2995 5362 3109 5418 Non
3134 5363 3277 5419 enim
3308 5365 3485 5418 minor
3511 5363 3631 5418 ideo
3651 5381 3729 5431 es,

2162 5455 2204 5508 si
2235 5453 2644 5523 philosoiilteris.
2671 5453 2726 5508 Si
2755 5469 2882 5509 vero
2909 5455 3038 5508 tttbil
3065 5455 3243 5508 damni
3268 5454 3484 5522 pateris,
3515 5470 3613 5508 cur
3633 5456 3734 5508 ira-

2162 5547 2325 5603 sceris
2346 5545 2604 5602 adversus
2623 5561 2744 5602 eum
2773 5548 2861 5616 qui
2891 5547 3021 5601 nihil
3050 5547 3143 5600 tibi
3170 5545 3327 5600 infert
3352 5546 3501 5608 mali,
3531 5545 3624 5599 sed
3645 5542 3732 5613 qui

2161 5638 2318 5694 etiam
2365 5637 2584 5708 prodest
2612 5637 2749 5692 tibi?
2788 5637 2888 5705 Qui
2934 5637 3075 5692 enim
3122 5636 3416 5700 honorant,
3463 5635 3735 5688 molliores

2163 5745 2263 5785 nos
2289 5729 2537 5799 reddunt,
2568 5729 2612 5790 si
2645 5747 2750 5786 non
2788 5730 3066 5801 vigilemus
3091 5745 3107 5796 ;
3141 5725 3230 5798 qui
3260 5739 3384 5782 vero
3411 5727 3730 5783 contumelia
