4068 6214
321 351 423 407 773

320 466 562 520 alliciunt
590 475 645 518 et
692 472 1062 524 eontenmunt,
1091 476 1186 516 eos
1205 501 1220 526 ,
1248 463 1335 531 qui
1367 461 1465 513 sibi
1495 459 1790 519 attendunt,
1815 458 1905 512 lir-

323 563 522 613 miorcs
557 557 807 612 reddunt.
842 556 974 610 Nam
1003 555 1214 609 desides
1237 554 1405 624 magis
1431 551 1700 607 la‘duntur
1729 552 1909 606 lauda-

321 654 383 712 ti,
406 666 565 719 quam
597 647 917 702 contnmciia
942 646 1134 701 allecti.
1160 645 1260 712 Qui
1285 646 1500 710 laedunt,
1532 646 1574 699 si
1597 645 1903 713 vigilemus,

323 741 478 794 nobis
507 737 858 808 philosophia:
878 751 1038 790 causa
1067 746 1190 790 sunt
1209 753 1224 799 ;
1246 737 1335 805 qui
1371 750 1499 789 vero
1521 734 1764 796 laudant,
1792 734 1907 788 ela—

322 839 406 881 tos
433 828 660 883 reddunt
683 868 699 893 ,
728 835 1039 895 arrogantes
1057 867 1070 890 ,
1100 840 1249 879 vanae
1273 826 1455 896 gloria:
1479 825 1733 894 cupidos,
1765 824 1906 878 desi-

320 920 456 983 des,
484 920 664 973 animo
705 917 1005 972 molliores.
1057 916 1219 986 Cujus
1262 917 1339 970 rei
1369 924 1534 970 testes
1565 923 1692 969 sunt
1732 924 1909 984 patres

328 1015 418 1083 qui
453 1013 590 1066 lilios
632 1026 761 1066 suos
791 1026 894 1064 non
928 1021 1031 1064 tam
1064 1010 1347 1065 adulantur
1376 1025 1534 1080 quam
1564 1010 1865 1078 vituperant
1893 1049 1908 1073 ,

327 1104 484 1159 veriti
515 1119 582 1157 ne
609 1102 750 1172 quod
780 1101 903 1156 inde
929 1101 1179 1155 damnum
1202 1101 1499 1170 patiantur;
1523 1100 1758 1168 magistri
1781 1114 1913 1169 quo-

324 1213 431 1266 que
458 1196 560 1251 hoc
592 1205 812 1249 utuntur
855 1193 1113 1248 remedio.
1145 1192 1322 1261 Quare
1347 1193 1390 1246 si
1416 1193 1723 1262 quempiam
1751 1207 1910 1245 aver—

327 1288 433 1340 sari
467 1303 562 1356 par
590 1286 661 1340 sit
683 1327 697 1350 ,
726 1285 1054 1338 adnlatorem
1083 1284 1260 1353 potius
1289 1298 1564 1347 avcrsarc,
1597 1297 1755 1352 quam
1783 1297 1910 1336 eou-

323 1376 666 1431 tnmeliosum
690 1393 702 1428 :
734 1374 991 1442 majorem
1019 1374 1214 1444 quippe
1245 1388 1347 1427 non
1375 1373 1596 1428 attentis
1616 1373 1768 1426 affert
1791 1389 1909 1442 per-

335 1469 527 1522 niciem
557 1467 874 1521 adulationis
901 1465 1147 1520 illecebra
1169 1504 1185 1531 ,
1215 1480 1371 1534 quam
1398 1465 1739 1528 contumelia,
1765 1463 1907 1517 diffi-

321 1558 589 1626 ciliusque
625 1566 709 1611 est
750 1555 928 1623 hanc,
968 1571 1125 1626 quam
1169 1557 1309 1610 illam
1352 1570 1605 1625 superare
1652 1556 1691 1608 ί.
1747 1554 1910 1609 Multo

329 1649 504 1717 major
549 1649 671 1702 inde
696 1663 942 1714 merces,
989 1649 1156 1703 multo
1187 1649 1356 1717 major
1401 1648 1516 1702 laus
1541 1655 1596 1702 et
1627 1646 1908 1703 admiratio

329 1741 598 1810 sequitur.
629 1739 756 1793 Nam
786 1739 1080 1794 mirabilius
1103 1749 1184 1794 est
1215 1738 1484 1794 hominem
1513 1737 1695 1793 videre
1719 1748 1910 1792 cuntu-

331 1832 506 1885 meliis
528 1830 804 1892 affectum,
831 1845 927 1884 nec
947 1839 1290 1894 commotum,
1313 1845 1470 1898 quam
1495 1828 1761 1883 hominem
1783 1845 1906 1898 per-

326 1938 545 1977 cussum
568 1963 584 1989 ,
615 1937 713 1976 nec
739 1921 1038 1977 cadentem.
1077 1921 1143 1974 Et
1185 1919 1452 1990 quomodo
1471 1961 1486 1983 ,
1515 1920 1722 1988 inquies
1741 1960 1756 1984 ,
1785 1934 1909 1988 pos-

325 2029 513 2068 sumus
543 2030 647 2068 non
692 2014 1055 2069 commoveri?
1080 2012 1154 2067 Te
1195 2012 1513 2067 contumelia
1541 2013 1659 2081 quis
1683 2012 1894 2066 allecit?

323 2107 523 2162 Pectus
569 2121 730 2162 cruce
759 2108 967 2176 signan
988 2147 1002 2170 ,
1033 2105 1319 2160 recordare
1361 2105 1598 2158 omnium
1633 2119 1751 2173 qua:
1781 2113 1906 2158 tunc

320 2207 474 2266 gesta
500 2206 622 2251 sunt
649 2239 664 2262 ,
695 2207 750 2252 et
789 2197 965 2250 omnia
995 2196 1423 2265 exstinguuntur.
1455 2193 1532 2248 Ne
1555 2194 1905 2248 contumelias

322 2296 530 2342 tantum
579 2289 780 2358 cogites
805 2329 819 2354 ,
849 2287 942 2341 sed
971 2297 1026 2341 et
1051 2287 1095 2341 si
1121 2286 1246 2357 quid
1277 2286 1369 2341 tibi
1413 2284 1537 2339 boni
1562 2300 1593 2339 a
1625 2294 1904 2339 contume-

325 2381 467 2435 lioso
491 2380 585 2434 illo
629 2381 931 2445 advenerit,
978 2381 1032 2434 in
1078 2389 1311 2434 tuentem
1347 2387 1616 2444 revocato,
1640 2387 1697 2432 et
1725 2379 1903 2432 statim

320 2473 655 2528 mansuetior
684 2471 800 2526 fics.
837 2473 947 2527 Ιιηο
971 2473 1153 2542 potius
1179 2481 1302 2526 ante
1329 2472 1504 2526 omnia
1533 2470 1624 2526 Dei
1655 2471 1904 2526 timorem

318 2562 374 2615 in
405 2573 580 2618 mente
627 2563 858 2627 habeas,
902 2575 958 2619 et
1007 2567 1186 2618 statim
1233 2563 1559 2618 moderatior
1599 2561 1904 2633 aequior-que

319 2655 457 2710 eris.

392 2748 449 2802 ι.
480 2747 558 2802 Ad
599 2747 713 2803 haec
735 2790 750 2814 ,
783 2763 812 2802 a
855 2748 1025 2802 servis
1048 2749 1156 2802 tuis
1198 2745 1576 2802 documentum
1621 2746 1898 2815 suscipias.

328 2836 401 2891 Et
428 2853 549 2892 curn
575 2839 770 2894 videris
793 2849 842 2893 te
862 2839 1268 2902 conviciautem,
1299 2837 1443 2892 illum
1466 2852 1593 2891 vero
1615 2845 1896 2901 tacentem,

317 2931 497 3000 cogita
528 2939 580 2985 te
607 2930 975 3001 philosophari
1003 2945 1163 3000 posse
1181 2971 1196 2994 ,
1230 2938 1385 2998 teque
1407 2935 1780 2998 exasperatum
1804 2926 1901 2980 da-

314 3037 466 3076 mna.
490 3026 661 3092 Atque
679 3022 736 3076 in
761 3021 878 3092 ipso
899 3019 1345 3075 contumeliarum
1369 3027 1608 3088 tempore
1627 3017 1772 3071 disce
1793 3032 1898 3070 non

313 3114 692 3167 contumeliam
729 3114 927 3188 inferre
945 3152 959 3177 ,
978 3120 1037 3167 et
1061 3113 1138 3166 sic
1166 3125 1263 3165 nec
1290 3111 1402 3180 ipse
1427 3108 1760 3164 contumeliis
1780 3107 1901 3163 alle-

312 3215 436 3259 ctus
479 3205 704 3260 dolebis.
749 3206 937 3275 Cogita
975 3219 1103 3260 eum
1149 3202 1242 3273 qui
1286 3202 1624 3257 contumeliis
1650 3199 1818 3254 af.icit
1845 3207 1900 3254 et

317 3298 449 3352 (urit
479 3313 582 3352 non
613 3297 694 3352 sui
739 3306 1040 3365 cmnpotem
1087 3310 1205 3350 esse
1226 3337 1242 3360 ,
1271 3303 1325 3348 et
1350 3295 1428 3348 sic
1471 3293 1538 3348 de
1574 3292 1898 3347 continui-lia

317 3405 427 3444 non
455 3390 851 3458 indignaberis:
884 3405 1003 3443 nam
1032 3401 1082 3444 et
1112 3386 1426 3444 darmoniaci
1457 3401 1553 3440 nos
1582 3385 1894 3450 verberant,

320 3497 420 3537 nec
450 3481 608 3536 modo
633 3497 743 3536 non
777 3496 1073 3547 movemur,
1101 3479 1198 3535 sed
1227 3479 1386 3535 etiam
1415 3476 1534 3532 illos
1559 3477 1895 3532 miseramur.

316 3571 430 3626 Hoc
455 3580 510 3625 et
541 3579 594 3625 tu
622 3572 812 3636 facito;
842 3571 1094 3626 miserare
1125 3569 1597 3635 contumeliosum;
1628 3569 1702 3624 ira
1730 3568 1895 3634 enim,

317 3665 467 3732 gravi
501 3664 610 3719 fera
639 3705 653 3727 ,
685 3664 974 3730 detinetur,
1007 3663 1252 3719 demone
1279 3663 1601 3734 pernicioso.
1632 3661 1793 3716 Solve
1820 3661 1902 3729 ip-

319 3771 437 3810 sum
479 3757 566 3824 qui
595 3755 662 3809 ab
715 3755 1017 3824 hujnsmodi
1064 3755 1310 3810 daemone
1351 3763 1604 3816 vexatur,
1652 3761 1706 3808 et
1749 3751 1895 3806 brevi

318 3855 560 3915 tempme
583 3847 967 3915 corrumpitur.
999 3847 1143 3901 Talis
1173 3847 1368 3916 quippe
1410 3845 1499 3900 hic
1527 3847 1744 3900 morbus
1773 3855 1852 3899 est
1875 3885 1893 3910 ,

318 3935 411 4006 qui
435 3936 498 3989 ad
527 3938 814 4005 perniciem
837 3938 963 4007 δἐι-ἰ
992 3952 1094 3991 non
1122 3937 1291 3991 multo
1309 3945 1462 4006 egeat
1487 3945 1743 4005 tempore.
1770 3933 1896 3988 ldeo

318 4025 529 4080 dicebat
567 4027 826 4096 quiSpiam
858 4046 871 4081 :
923 4026 1235 4082 Maruentum
1277 4027 1466 4096 furoris
1503 4027 1612 4096 ejus
1640 4042 1786 4080 casus
1823 4035 1896 4079 est

318 4120 421 4187 ipsi
467 4119 669 4190 (Eccti.
717 4122 765 4178 Ι.
795 4122 900 4192 28)
929 4140 940 4174 :
974 4138 1080 4192 quo
1119 4121 1350 4176 maxime
1378 4121 1710 4193 tyrannidem
1740 4135 1892 4174 suam

313 4211 584 4277 ostendit,
612 4214 750 4282 quod
783 4214 925 4268 brevi
977 4224 1216 4284 tempore
1259 4221 1404 4267 tanta
1433 4223 1686 4283 operetur
1714 4211 1852 4265 mala
1875 4249 1892 4276 ,

318 4315 592 4357 neemora
621 4319 754 4374 opus
784 4304 1013 4359 habeat:
1043 4315 1098 4359 et
1121 4306 1165 4360 si
1195 4307 1245 4360 in
1271 4305 1322 4358 vi
1353 4297 1448 4359 sua
1495 4313 1890 4374 perseveraret,

317 4394 404 4447 vix
453 4395 768 4464 superabilis
809 4405 970 4451 esset.
1001 4395 1204 4451 Vellem
1235 4396 1518 4452 ostendere
1543 4438 1559 4462 ,
1602 4397 1722 4465 quis
1751 4396 1819 4449 sit
1850 4397 1894 4452 is

316 4485 405 4554 qui
426 4487 773 4546 conviciator.
796 4488 915 4556 quis
943 4488 1030 4541 ille
1057 4489 1143 4558 qni
1171 4487 1592 4558 philosophatur,
1616 4497 1672 4543 et
1701 4489 1892 4542 nudam

317 4578 594 4646 utriusque
639 4579 870 4634 animam
902 4580 953 4633 in
986 4582 1215 4634 medium
1257 4579 1467 4635 all‘erre.
1501 4580 1718 4636 Videres
1750 4581 1894 4636 illam

314 4668 546 4723 similem
571 4685 692 4725 esse
722 4671 906 4741 pelago
927 4669 1172 4727 ﬂuctibus
1198 4673 1416 4743 agitato,
1448 4673 1584 4727 hanc
1608 4675 1894 4743 tranquillo

315 4763 512 4829 portui.
547 4762 728 4833 Neque
776 4765 919 4820 enim
954 4766 1196 4820 turbatur
1221 4780 1250 4819 a
1282 4766 1524 4836 malignis
1550 4767 1754 4830 ventis,
1799 4765 1893 4822 sed

315 4852 438 4908 illos
467 4853 624 4910 facile
667 4855 839 4910 sedat.
865 4856 997 4910 Nam
1021 4857 1110 4926 qui
1141 4857 1492 4912 contumelias
1520 4857 1775 4918 inferunt.
1807 4858 1891 4912 ni-

317 4941 390 4994 hil
421 4959 528 4997 non
553 4954 717 5014 agunt
740 4956 794 5000 ut
822 4945 1134 5012 mordeant;
1164 4961 1286 5002 cum
1308 4955 1485 5001 autem
1514 4947 1612 5001 hac
1637 4961 1733 5016 spe
1763 4948 1892 5017 lapsi

320 5045 464 5100 sunt,
485 5036 585 5105 ipsi
607 5037 819 5092 demum
847 5037 1118 5102 sedantur,
1143 5048 1196 5093 ct
1219 5039 1483 5094 emendati
1508 5039 1721 5095 abeunt.
1754 5039 1893 5097 Fieri

338 5243 350 5254 ο
380 5183 397 5214 ⁸
425 5183 680 5257 'llic_locirs
701 5187 770 5236 sic
812 5187 1022 5257 trahetur
1043 5189 1168 5257 apud
1209 5189 1449 5242 ttontf.....
1491 5206 1636 5257 quam
1657 5200 1894 5257 contrane-

310 5244 399 5295 lr'a.
425 5244 844 5318 [ﬁdnlqtt‘q‘qnasi
865 5263 993 5318 esca
1010 5244 1234 5312 quietiam
1252 5260 1452 5318 estmille
1476 5244 1566 5304 nim
1598 5244 1893 5307 attendentes

309 5307 520 5384 (-9er91
536 5307 954 5384 citi/ﬁdliusgueest
973 5307 1100 5384 [certe
1115 5327 1257 5384 mum:
1283 5307 1414 5364 iilu'm
1431 5331 1674 5379 superare.
1702 5319 1892 5368 t‘neinis

313 5368 478 5418 clausa
510 5368 611 5417 nou'
630 5368 942 5432 reperiuntur
972 5375 1016 5422 in
1042 5368 1181 5423 textu
1205 5377 1390 5427 Gru‘w.

1136 347 1198 403 IN
1238 346 1640 404 ΜᾹΤΤΙΙΑΕΙῘΜ
1686 347 1909 403 ιιολιιιμ
1953 347 2254 404 LXXXV“.
2294 349 2362 402 al.
2406 350 2733 405 LXXXVIII.

3488 363 3592 421 ττι

2012 461 2151 512 cnim
2177 460 2357 528 nrqn'.t
2385 470 2440 514 ut
2469 463 2548 516 vir
2573 463 2739 517 iratus
2768 480 2870 517 non
2902 480 2959 516 se
2989 465 3272 520 :ultlltitltttll
3297 467 3581 538 improbet.

2007 562 2149 612 scut
2176 560 2289 610 lieri
2335 559 2522 628 nequit
2557 570 2614 610 ut
2643 558 2734 627 qui
2763 575 2867 613 non
2899 557 3155 612 irascitur
3183 559 3419 629 seipsum
3450 575 3583 614 con-

2003 649 2239 703 dcinnct.
2262 648 2392 704 Nam
2414 653 2459 704 si
2480 652 2532 704 in
2547 651 2785 720 aliquem
2804 651 3089 721 insurgere
3109 660 3375 721 oporteat.
3395 651 3446 706 id
3463 653 3584 708 sine

2004 739 2081 792 ira
2110 750 2284 806 potest
2307 741 2442 806 lieri,
2471 741 2761 810 etquidem
2790 741 3004 795 facilius
3025 741 3452 812 prudentiusque
3475 751 3580 808 est,

2003 849 2167 901 quam
2189 833 2385 885 iratutn
2407 834 2456 886 id
2482 833 2688 887 lacere:
2718 834 2960 903 nihilque
2992 835 3261 904 ingratum
3285 835 3581 904 patientur.

2003 923 2058 978 Si
2082 939 2316 993 namque
2336 925 2590 988 velimus,
2612 926 2752 995 apud
2775 943 2871 980 nos
2899 928 3044 995 ipsos
3064 926 3203 980 bona
3227 935 3406 993 erunt,
3426 925 3582 996 ctju-

1998 1024 2155 1066 vantc
2183 1015 2274 1068 Dei
2298 1018 2465 1083 gratia
2492 1017 2640 1068 ηοω,
2668 1018 2794 1085 ipsis
2821 1019 2947 1070 satis
2971 1020 3168 1072 erimus
3192 1019 3256 1072 ad
3283 1019 3498 1074 tutelam
3525 1031 3578 1074 ct

2000 1104 2279 1159 honorem.
2313 1106 2421 1157 Cur
2451 1107 2593 1159 enim
2642 1106 2864 1175 gloriam
2915 1107 2980 1159 ab
3026 1110 3192 1163 altero
3235 1111 3468 1179 quaeris?
3500 1112 3577 1164 'l'u

2000 1196 2225 1264 teipsum
2272 1197 2511 1262 honora,
2544 1208 2594 1251 ct
2625 1213 2784 1252 neruo
2815 1199 2904 1253 tibi
2960 1201 3151 1267 poterit
3196 1201 3574 1255 contumeliam

1999 1287 2227 1351 inferre;
2259 1289 2300 1341 si
2352 1304 2478 1342 vero
2527 1299 2580 1342 tu
2625 1290 2850 1358 teipsum
2903 1289 3259 1355 dclionestcs,
3292 1293 3494 1346 etiamsi
3529 1305 3578 1345 te

1997 1392 2187 1433 omnes
2219 1378 2504 1441 honori-nt,
2532 1394 2633 1432 non
2660 1380 2711 1432 in
2738 1379 2940 1432 honore
2964 1381 3090 1434 eris.
3119 1381 3572 1448 Quemadmodum

1999 1470 2139 1524 enim
2170 1469 2273 1522 nisi
2306 1483 2403 1521 nos
2433 1469 2571 1520 malo
2599 1469 2898 1522 imbuamns
2926 1470 3116 1522 alii-cui
3142 1511 3157 1536 ,
3193 1485 3349 1523 nemo
3379 1486 3476 1523 nos
3504 1471 3580 1524 sic

2000 1559 2240 1614 imbuet:
2273 1558 2352 1612 sic
2381 1559 2481 1611 nisi
2505 1573 2602 1610 nos
2625 1561 2942 1612 eoutizmclia
2967 1558 3282 1625 afliciamus,
3309 1576 3462 1613 nemo
3489 1560 3583 1614 de-

1998 1649 2292 1704 decorabit.
2320 1648 2400 1702 Sit
2425 1649 2565 1702 enim
2611 1649 2692 1701 vir
2718 1650 2977 1722 qniSpiam
3009 1649 3352 1704 admirandus
3380 1661 3432 1705 et
3463 1667 3578 1704 nta-

1997 1754 2135 1808 gnus
2159 1781 2172 1803 ,
2201 1754 2497 1808 omnesque
2528 1739 2674 1792 illum
2703 1739 2972 1794 moechum
3005 1750 3229 1806 vocent,
3259 1741 3424 1795 furem
3451 1783 3464 1806 ,
3496 1759 3579 1798 se-

2002 1831 2310 1900 pulcrorum
2359 1829 2667 1885 cll'ossm'em
2693 1871 2708 1894 ,
2759 1829 3076 1884 lumiciilarn
3100 1872 3114 1895 ,
3164 1831 3420 1886 latronem
3448 1852 3460 1886 :
3492 1835 3577 1887 ille

1999 1937 2128 1976 vero
2169 1937 2267 1977 nec
2300 1932 2577 1976 moveatur
2599 1964 2613 1988 ,
2647 1936 2745 1976 nec
2776 1921 3118 1993 indignetur.
3151 1924 3347 1978 nullius
3391 1939 3574 1979 eorum

1997 2014 2095 2068 sibi
2123 2016 2370 2068 conscius
2405 2033 2417 2068 :
2448 2031 2606 2083 quam
2635 2014 2724 2068 ille
2753 2013 3129 2075 contumeliam
3163 2015 3428 2083 patietur?
3452 2017 3578 2072 Nul-

1996 2103 2100 2157 lam
2149 2104 2329 2175 plane.
2364 2105 2499 2172 Quid
2545 2120 2706 2174 ergo,
2741 2106 2946 2174 inquies
2968 2147 2982 2168 ,
3018 2105 3063 2159 si
3095 2105 3245 2159 multi
3277 2107 3578 2176 bnjusrnodi

1995 2194 2062 2247 de
2112 2195 2227 2264 ipso
2273 2196 2579 2265 opinionem
2627 2195 2894 2249 habeant?
2925 2196 3105 2266 Neque
3136 2197 3212 2251 sic
3255 2200 3573 2254 contumelia

1995 2284 2219 2341 affectus
2247 2295 2364 2351 est,
2395 2287 2484 2340 sed
2515 2287 2587 2340 illi
2620 2287 2826 2357 seipsos
2853 2287 3247 2342 dedecorarunt
3267 2330 3282 2353 ,
3327 2291 3465 2358 quod
3499 2301 3576 2343 ta-

1995 2377 2097 2432 lem
2122 2379 2266 2432 illum
2293 2378 2425 2433 falso
2445 2380 2888 2434 existimaverint.
2922 2379 3015 2434 Dic
3037 2381 3176 2434 enim
3203 2383 3329 2435 mihi
3352 2422 3367 2446 ,
3391 2383 3432 2435 si
3458 2386 3574 2451 quis

1994 2472 2160 2528 Solem
2188 2473 2474 2527 obscurum
2499 2486 2617 2526 esse
2643 2480 2814 2542 putet,
2840 2487 2907 2525 an
2936 2471 3034 2525 soli
3063 2471 3311 2534 detraxit,
3339 2488 3406 2528 an
3433 2475 3574 2528 sibi?

1995 2563 2107 2617 Sibi
2155 2567 2335 2634 utique
2356 2606 2370 2628 ,
2421 2563 2546 2617 dum
2594 2563 2692 2616 sibi
2725 2573 2814 2616 aut
2853 2562 2981 2617 ca-ci
3009 2571 3102 2616 aut
3131 2563 3352 2618 furentis
3380 2563 3573 2619 famam

1993 2655 2262 2710 conciliat.
2301 2655 2391 2708 Sic
2417 2662 2470 2707 et
2499 2654 2530 2707 ii
2578 2654 2666 2722 qui
2713 2653 2884 2706 bonos
2933 2668 3052 2707 esse
3096 2653 3266 2707 malos
3296 2663 3476 2721 putant
3501 2699 3512 2717 ,
3542 2674 3575 2708 e

1992 2745 2263 2801 contrario
2290 2744 2498 2814 seipsos
2522 2742 2787 2798 dedecore
2807 2743 3045 2797 alliciunt
3072 2760 3085 2796 :
3119 2742 3237 2796 ideo
3263 2745 3450 2814 majori
3485 2760 3564 2798 cn-

1993 2837 2216 2892 randum
2245 2836 2423 2892 studio
2452 2843 2572 2903 est,
2606 2847 2661 2890 ut
2691 2835 3073 2890 conscientiam
3103 2845 3340 2890 nostram
3370 2851 3571 2905 expur-

1991 2945 2212 3000 gcmus,
2242 2944 2416 2999 neque
2441 2943 2624 2982 ansam
2653 2927 2812 2982 ullam
2843 2927 3128 2996 suspicioni
3159 2927 3382 2992 demus;
3407 2931 3451 2982 si
3484 2943 3574 2980 ve-

1993 3038 2054 3077 ro
2081 3022 2169 3076 alii
2197 3021 2376 3076 furere
2403 3020 2692 3087 voluerint,
2723 3020 2877 3074 nobis
2904 3020 3004 3074 hoc
3032 3020 3192 3074 modo
3215 3020 3440 3085 allectis,
3466 3038 3571 3076 non

1993 3115 2042 3170 id
2070 3130 2298 3180 curare,
2330 3113 2415 3170 vel
2444 3113 2629 3168 dolere
2659 3127 2795 3181 Opus
2840 3123 2942 3168 est.
2973 3112 3104 3167 Nam
3131 3114 3218 3179 qui
3251 3114 3424 3168 bonus
3451 3129 3572 3168 cum

1993 3207 2097 3271 sit,
2145 3205 2423 3275 improbus
2449 3220 2476 3257 a
2507 3203 2823 3275 quibusdam
2871 3212 3084 3273 putatur
3110 3218 3232 3258 esse
3255 3245 3272 3271 ,
3299 3203 3387 3256 hie
3426 3217 3575 3258 certe

1991 3297 2121 3352 nihil
2151 3297 2273 3351 hinc
2299 3295 2538 3362 laeditur;
2566 3295 2654 3366 qui
2687 3311 2812 3350 vero
2841 3293 2892 3349 id
2924 3295 3061 3349 male
3089 3302 3142 3348 et
3173 3304 3372 3349 temere
3393 3296 3571 3366 suspi-

1989 3399 2138 3444 catus
2165 3396 2267 3452 est,
2293 3387 2338 3440 is
2362 3394 2656 3441 extremam
2683 3384 2977 3456 perniciem
3006 3384 3199 3449 subiit;
3224 3384 3572 3451 quemadmo-

1989 3481 2114 3534 dum
2142 3489 2194 3537 et
2226 3478 2518 3548 improbus,
2552 3477 2597 3532 si
2628 3492 2660 3532 e
2683 3477 2953 3532 contrario
2975 3474 3148 3530 bonus
3167 3488 3289 3530 esse
3317 3482 3530 3546 putetur
3549 3516 3566 3540 ,

1989 3573 2120 3629 nihil
2151 3573 2275 3627 hinc
2305 3571 2637 3636 lucrabitur;
2664 3569 2757 3624 sed
2787 3568 2976 3639 majori
3005 3569 3266 3624 obnoxius
3293 3568 3393 3623 erit
3417 3567 3572 3622 dan:-

1989 3664 2190 3719 nationi
2220 3705 2235 3731 ,
2285 3663 2445 3732 inque
2474 3661 2730 3730 majorem
2762 3660 2960 3714 incidet
2987 3675 3292 3714 tumrorcm.
3322 3659 3451 3714 Nam
3480 3661 3568 3728 qui

1993 3757 2165 3810 malus
2192 3769 2312 3809 cum
2344 3755 2449 3816 sit,
2495 3753 2663 3805 malus
2690 3752 3024 3804 csisnimatur
3047 3766 3166 3802 esse
3185 3791 3200 3815 ,
3235 3751 3368 3804 forte
3399 3750 3575 3801 humi-

1991 3847 2148 3900 liatus
2170 3886 2185 3909 ,
2216 3854 2430 3914 peccata
2463 3857 2557 3897 sua
2587 3842 2824 3906 noverit;
2855 3842 2897 3894 si
2928 3855 3056 3895 vero
3096 3841 3288 3907 lateat,
3317 3841 3367 3894 in
3413 3840 3570 3893 indu-

1989 3937 2204 3994 leiuiam
2229 3920 2460 3991 decidét.
2487 3935 2619 3990 Nam
2641 3934 2684 3988 si
2711 3932 3082 3988 accusantibus
3103 3933 3352 3988 omnibus
3379 3948 3566 4004 pecca-

1990 4041 2133 4087 tores
2164 4032 2249 4086 vi:
2301 4031 2602 4085 excitantur
2650 4028 2717 4083 ad
2757 4039 3268 4098 compuncnonem:
3308 4042 3430 4082 cum
3462 4042 3570 4082 non

1989 4124 2146 4184 modo
2177 4139 2279 4179 non
2300 4130 2584 4188 accusent,
2609 4121 2703 4177 sed
2727 4122 2884 4175 ctiam
2909 4119 3129 4174 laudent
3150 4120 3410 4185 nonnulli,
3437 4135 3572 4191 quo-

1989 4217 2148 4272 modo
2189 4216 2374 4270 oculos
2417 4216 2624 4284 aperire
2668 4214 2872 4283 possint
2913 4213 2965 4268 in
3014 4213 3244 4283 nequitia
3287 4213 3571 4268 viventes?

1988 4308 2102 4364 Non
2123 4307 2276 4363 audis
2305 4307 2523 4361 Paulum
2543 4316 2881 4359 accusantem
2903 4304 3044 4373 quod
3069 4304 3438 4359 fornicatorem
3464 4321 3569 4359 non

1991 4401 2149 4456 modo
2175 4417 2277 4455 non
2305 4401 2526 4455 siverint
2552 4395 2810 4452 Corinthii
2845 4405 3115 4466 peccatum
3139 4412 3291 4450 suum
3313 4412 3568 4467 agnosce-

1991 4509 2048 4548 rc
2071 4534 2086 4556 ,
2119 4493 2245 4546 dum
2277 4491 2599 4545 honorarcnt
2631 4488 2778 4542 illum
2804 4529 2820 4554 ,
2855 4487 3058 4557 ipsique
3087 4487 3397 4554 plauderent
3423 4525 3442 4554 ,
3473 4489 3568 4542 sed

1990 4585 2149 4638 etiam
2179 4590 2231 4635 tn
2260 4581 2490 4650 nequitia
2532 4577 2860 4634 detinuerint
2899 4581 2917 4645 (
2939 4579 2992 4632 l.
3017 4577 3133 4631 Cor.
3159 4579 3212 4633 5.
3246 4576 3564 4648 l)?Quam-

1989 4677 2196 4742 obrem,
2228 4675 2486 4741 obsecro,
2520 4673 2805 4728 multorum
2837 4672 3136 4742 Opiniones,
3169 4674 3521 4729 contumelias
3545 4716 3562 4739 ,

1992 4769 2221 4822 honores
2248 4766 2574 4838 negligentes
2596 4807 2611 4830 ,
2644 4764 2744 4820 hoc
2776 4780 2937 4818 unum
2979 4764 3285 4820 studeamus
3307 4807 3323 4830 ,
3357 4775 3413 4820 ut
3443 4769 3567 4819 nul-

1991 4861 2092 4916 lius
2123 4859 2245 4915 mali
2278 4859 2430 4913 nobis
2459 4859 2658 4914 conscii
2688 4859 2874 4921 simus,
2905 4873 3075 4928 neque
3103 4873 3199 4911 nos
3230 4858 3373 4928 ipsos
3402 4857 3570 4912 dede-

1988 4967 2114 5008 core
2141 4950 2474 5014 afliciamns;
2522 4951 2598 5004 sic
2642 4952 2784 5005 enim
2812 4959 2865 5004 et
2892 4949 2976 5004 hic
3007 4960 3060 5004 et
3088 4949 3139 5004 in
3169 4948 3347 5004 futuro
3374 4953 3571 5005 smcnlo

1990 5042 2154 5097 multa
2202 5041 2368 5112 gloria
2404 5039 2681 5104 fruemur;
2729 5055 2886 5108 quam
2937 5039 3138 5093 utinam
3181 5054 3574 5108 consequamur

1991 5147 2199 5197 omnes,
2224 5132 2392 5202 gratia
2421 5140 2474 5184 et
2500 5131 2822 5200 benignitate
2847 5129 3053 5184 Domini
3082 5129 3248 5184 nostri
3272 5129 3396 5186 .lcsu
3417 5129 3574 5185 Chri-

1991 5224 2056 5278 sti
2081 5263 2096 5290 ,
2125 5223 2341 5293 quicum
2385 5221 2528 5276 Patri
2569 5221 2833 5290 simulque
2862 5220 3079 5290 Spiritui
3109 5231 3296 5274 sancto
3324 5221 3490 5288 gloria
3519 5233 3574 5276 ct

1991 5317 2268 5385 imperium
2295 5355 2308 5380 ,
2333 5329 2473 5368 nunc
2500 5322 2554 5368 et
2584 5329 2818 5382 semper,
2845 5324 2899 5368 et
2924 5314 2974 5367 in
3001 5314 3193 5368 szcrtila
3221 5316 3570 5370 emeritorum.

1992 5412 2180 5462 Amen.

1709 5592 2194 5674 W

639 5866 906 5927 PATROL.
948 5864 1064 5924 Gn.
1115 5863 1329 5925 L\'lll.
