4094 6216
1520 479 1723 492 ,μς-.-

1289 485 1511 497 ..η--κ-ο

521 729 650 782 (In.
686 723 776 778 Q7.
820 736 870 776 ν.
919 718 1009 773 45.
1063 715 1106 768 Α
1149 719 1288 765 sexta
1321 715 1488 760 autem
1541 705 1665 753 liora
1716 691 1926 746 tenebrw
1967 687 2115 755 [actia

598 826 717 869 sunt
737 829 890 880 κυρίη·
916 808 1199 861 mtirersam
1229 811 1414 853 terram
1435 807 1591 861 usque
1616 787 1682 840 ad
1708 786 1885 838 horum
1906 790 2110 831 nonum.

597 907 685 960 ιιι.
733 902 881 958 Circa
924 908 1090 951 autem
1135 894 1312 946 horam
1341 900 1523 940 nonani
1553 876 1784 933 clamavit
1823 871 1974 926 Jestts
2001 881 2117 918 roce

598 1011 806 1068 magna,
837 991 1050 1045 dicens:
1085 985 1187 1048 Eli,
1223 982 1327 1043 Eli,
1371 979 1506 1032 lauta
1547 963 1887 1026 sabacthani?
1927 961 1979 1013 id
2023 967 2113 1017 est,

601 1089 741 1143 Deus
770 1100 931 1150 meus,
961 1080 1102 1134 Deus
1127 1091 1282 1136 meus,
1316 1079 1370 1124 ut
1395 1066 1516 1138 quid
1543 1056 1852 1129 dereliquisti
1880 1051 1997 1105 me?
2025 1050 2091 1102 1i?

605 1179 826 1246 Quidam
853 1191 967 1229 vero
997 1187 1060 1226 ea:
1086 1161 1422 1226 adstantibus,
1449 1173 1562 1212 cum
1592 1154 1696 1206 lucc
1725 1147 1980 1203 audirent,
2013 1154 2115 1192 etc.

606 1343 659 1395 l.
687 1337 801 1392 Hoc
831 1341 914 1388 est
956 1329 1168 1398 signum
1203 1317 1354 1380 illud,
1381 1311 1518 1384 quod
1550 1307 1693 1378 prius
1729 1297 2032 1373 petentibus
2063 1307 2121 1342 se

534 1433 783 1486 daturum
834 1419 1199 1490 pollicebatur,
1259 1411 1442 1462 dicens
1490 1421 1503 1456 :
1556 1395 1821 1454 Genet-alio
1872 1404 2025 1458 prava
2074 1393 2121 1436 et

537 1523 769 1578 adultera
795 1517 992 1586 signum
1023 1507 1222 1579 qurerit,
1255 1511 1300 1555 ct
1333 1501 1533 1567 signum
1571 1507 1670 1546 non
1705 1487 1906 1540 dabitur
1933 1479 1998 1544 ei,
2027 1475 2123 1530 nisi

539 1629 739 1687 signum
772 1577 922 1663 Joita:
959 1577 1215 1673 propltetw
1243 1591 1455 1667 (Matth.
1491 1585 1573 1641 Ω.
1603 1582 1692 1652 ’59)
1729 1597 1742 1632 :
1776 1577 1861 1631 ttbi
1885 1583 2118 1631 crucem,

545 1663 736 1687 "'U"""‘
959 1663 968 1673 -
1054 1663 1065 1672 υ
1254 1663 1261 1667 .

545 1715 794 1764 mortem,
846 1696 1146 1766 sepulcrum
1179 1690 1193 1719 ¹
1227 1695 1281 1741 et
1334 1677 1779 1738 resurrectionem
1841 1663 2122 1735 significat.

545 1801 611 1855 Et
639 1810 824 1851 rursus
850 1791 956 1844 alio
998 1783 1157 1840 modo
1185 1781 1432 1833 virtutem
1461 1769 1635 1826 crucis
1669 1755 2014 1833 significando
2040 1752 2124 1805 di-

543 1891 697 1946 cebat
727 1904 739 1937 :
769 1882 895 1940 Cum
925 1871 1263 1934 exultaret-itis
1296 1866 1486 1920 Filium
1531 1857 1767 1913 hominis,
1793 1862 1910 1905 tunc
1938 1859 2124 1914 cogno-

545 1941 692 2038 scetis
719 1977 837 2045 quia
867 1989 955 2043 ego
983 1985 1098 2024 sum
1140 1962 1322 2034 (Joan.
1367 1957 1420 2013 8.
1470 1951 1604 2022 28);
1657 1947 1706 2002 id
1736 1954 1838 2004 est,
1877 1941 2009 1994 Cum
2043 1949 2130 1988 me

547 2065 943 2128 o'l'llClﬁ\el'lllS,
973 2071 1027 2116 et
1053 2072 1138 2113 me
1165 2055 1358 2107 victum
1395 2064 1424 2101 a
1467 2042 1619 2098 vobis
1647 2051 1766 2093 esse
1798 2028 2126 2104 putaveritis,

550 2179 675 2220 tunc
705 2161 934 2217 maxime
965 2147 1328 2206 fortitudinem
1368 2152 1540 2194 meam
1586 2131 1785 2188 scietis.
1823 2125 1952 2180 Nam
1982 2128 2129 2189 post-

549 2274 706 2331 quam
745 2250 1030 2310 crucifixus
1061 2252 1162 2306 est,
1211 2240 1421 2294 illorum
1473 2230 1658 2285 civitas
1699 2220 1875 2293 periit,
1915 2213 2130 2270 .ludaica

1624 2330 1629 2331 ν
1741 2312 1948 2331 ἰι-μη-.
1990 2302 2130 2331 M..:_

550 2302 706 2331 .,.......
748 2302 887 2310 -.
916 2302 926 2303 ,
1151 2302 1159 2306 _

550 2356 849 2411 cessarunt,
881 2354 934 2399 et
963 2336 1140 2410 politia
1163 2343 1374 2402 quoque
1404 2332 1457 2378 et
1485 2322 1700 2376 libertas
1741 2312 1950 2368 illorum
1987 2302 2132 2358 ceci-

550 2449 650 2508 dit,
675 2437 981 2513 praedicatio
1007 2428 1205 2488 floruit,
1236 2433 1288 2477 et
1321 2419 1387 2473 ad
1413 2424 1712 2471 extremum
1756 2403 1939 2458 orbem
1969 2412 2132 2452 evan-

1670 2502 1680 2513 '
1741 2498 1751 2513 '
1776 2498 1806 2513 '-
1828 2512 1832 2513 ν
1851 2505 1892 2513 -Α
1923 2487 2100 2513 :--l...l.:

551 2487 650 2508 ...η
676 2487 939 2513 ,ψηψη
958 2487 970 2488 ,
1194 2487 1199 2488 ί

551 2540 752 2610 gelicus
780 2543 958 2587 sermo
980 2519 1254 2596 pervenit;
1280 2524 1441 2575 terra,
1472 2519 1639 2567 mare,
1670 2498 1898 2554 habitata
1923 2487 2133 2545 inhabi-

1312 2606 1322 2610 -
1471 2600 1481 2610 ·
1506 2598 1514 2608 ⁶
1665 2608 1722 2610 κη
1747 2588 1946 2610 -.1;,.....ι
2012 2578 2133 2610 Ιιιηη

554 2578 751 2610 ’,υ-’νην
781 2578 950 2587 νυ---τ-
983 2578 1002 2596 τ
1243 2578 1251 2581 -

554 2643 771 2698 tataque
813 2633 952 2677 terra
992 2617 1239 2670 virtutem
1277 2606 1392 2675 ejus
1435 2598 1629 2666 ubique
1664 2588 1971 2661 prirdicaut.
2012 2578 2138 2632 llaec

1456 2693 1466 2698 -
1808 2695 1824 2698 -
1844 2675 2109 2698 ..-t-l-.......s

559 2675 770 2698 ...ηιμ
817 2675 858 2677 η

555 2737 684 2791 ergo
704 2717 852 2778 dicit,
875 2721 928 2767 et
953 2725 1015 2763 ea
1035 2719 1152 2774 quze
1175 2702 1295 2770 ipso
1325 2693 1500 2750 crucis
1531 2698 1770 2755 tempore
1803 2675 2134 2732 acciderunt.

1329 2785 1346 2791 Δ
1381 2784 1391 2791 ⁸
1455 2781 1467 2791 ¹
1675 2775 1706 2791 θ’
1731 2772 1852 2791 ¹’--Α
1888 2781 2001 2791 Ann-ll
2026 2762 2134 2791 :I\._n

556 2762 568 2774 ‘
593 2762 682 2791 ’δν
707 2762 852 2778 ·-·ν--ν
881 2762 967 2767 νυ
1055 2762 1064 2774 .
1199 2762 1211 2770 .

556 2812 724 2866 Multo
749 2805 946 2874 quippe
987 2792 1281 2851 mirabilius
1323 2784 1420 2840 fuit
1455 2781 1570 2835 lucc
1599 2772 1856 2830 accidisse
1885 2781 2002 2821 cum
2026 2762 2140 2830 ipse

557 2902 701 2957 cruci
735 2898 924 2952 altixus
947 2895 1106 2951 esset,
1137 2895 1293 2954 quam
1317 2877 1360 2932 si
1384 2877 1435 2930 in
1469 2882 1606 2926 terra
1640 2877 1765 2920 tunc
1792 2857 2137 2915 ambulasset.

559 2995 740 3064 Neque
783 2989 832 3043 iu
869 2985 971 3039 hoc
1000 2979 1173 3034 solum
1204 2987 1292 3028 res
1333 2962 1591 3036 stupenda
1622 2965 1756 3021 erat,
1801 2950 1895 3006 sed
1935 2949 2140 3016 signum

561 3039 712 3148 ιιιιξι,
753 3076 892 3150 quod
936 3068 1286 3146 quaerebant,
1332 3061 1400 3116 de
1444 3055 1577 3112 cazlo
1608 3051 1801 3104 factum
1855 3052 1958 3106 est,
2008 3047 2062 3093 et
2093 3039 2142 3089 in

566 3181 811 3234 universa
843 3181 1018 3232 terra;
1048 3165 1099 3220 id
1125 3157 1266 3232 quod
1297 3167 1584 3221 numquam
1613 3144 1930 3210 centigerat,
1963 3132 2059 3188 nisi
2093 3131 2145 3183 in

567 3272 802 3342 Egypto
844 3229 1070 3321 tantum,
1115 3229 1328 3326 quando
1374 3242 1570 3318 pascha
1615 3229 1933 3293 celebraturi
1973 3231 2144 3280 erant.

568 3324 778 3418 Etenim
803 3357 888 3410 illa
920 3355 1108 3407 Itorum
1137 3324 1297 3416 typus
1315 3347 1486 3395 erant.
1516 3334 1582 3388 Et
1603 3324 2151 3386 auitnadverthuan-

568 3460 762 3514 donaui
809 3451 922 3504 hmc
967 3447 1110 3500 tiaut.
1159 3439 1216 3493 In
1252 3431 1497 3493 meridie,
1528 3435 1585 3479 ιιι
1613 3434 1802 3478 omnes
1838 3430 1930 3486 per
1967 3410 2151 3465 orbem

571 3550 858 3604 discerent.
885 3553 1006 3593 natu
1037 3533 1232 3601 ubique
1262 3536 1520 3581 terrarum
1547 3516 1663 3570 dies
1687 3518 1801 3565 erat
1832 3525 1844 3559 :
1877 3501 2018 3576 quod
2050 3501 2155 3553 uti-

574 3657 678 3710 que
707 3635 771 3692 ad
810 3635 928 3689 illos
957 3618 1347 3684 convertendos
1389 3609 1705 3668 sufficiebat,
1749 3615 1854 3656 non
1893 3594 2155 3665 magnitu-

576 3682 678 3710 ...η
707 3682 771 3692 ....
967 3682 980 3684 _

576 3736 700 3788 diue
727 3729 896 3784 solum
927 3715 1188 3778 miraculi,
1219 3709 1312 3766 sed
1355 3703 1494 3777 quod
1543 3701 1659 3755 btec
1689 3701 1988 3764 Opportune
2019 3682 2158 3738 acci-

576 3829 784 3882 derent.
837 3817 967 3872 Nam
1013 3819 1132 3882 post
1172 3806 1262 3860 illa
1301 3798 1478 3856 omnia
1517 3807 1636 3863 qua:
1685 3789 1868 3842 insane
1901 3781 2156 3836 fecerant,

581 3923 701 3987 post
727 3909 1023 3967 derisioues
1049 3901 1168 3956 illas
1195 3895 1419 3963 iniquas,
1451 3886 1502 3941 id
1533 3880 1744 3940 accidit,
1777 3871 1987 3944 quando
2015 3868 2161 3921 furor

1345 3983 1375 3987 “
1435 3979 1459 3987 ”“
1641 3973 1661 3987 ¹⁵
1954 3957 2161 3987 ι---ιιηιιη

728 3957 905 3967 .--ηπ
931 3957 953 3960 ν
973 3957 1017 3959 _,
1288 3957 1301 3963 _

579 4008 880 4064 remiserat,
913 3993 1125 4066 quando
1173 3983 1379 4042 ridendi
1431 3979 1588 4033 tinem
1641 3973 1896 4028 fecerant,
1951 3957 2163 4031 quando

578 4100 734 4169 jaetis
763 4090 999 4148 dicteriis
1043 4077 1285 4139 exsatiati
1337 4079 1508 4134 erant,
1559 4075 1611 4121 et
1653 4060 1828 4118 omnia
1862 4069 1956 4126 pro
2001 4051 2166 4104 lubito

585 4145 733 4169 νυ---
886 4145 893 4146 ,

585 4192 860 4246 dixerant;
891 4189 1017 4232 tunc
1063 4170 1310 4226 tenebras
1335 4158 1593 4220 exhibuit,
1626 4163 1682 4208 ut
1729 4151 1808 4204 vel
1860 4149 1935 4202 sic
1966 4145 2040 4196 ira
2083 4155 2168 4195 se-

585 4286 731 4341 data.
759 4295 822 4334 ex
853 4267 1110 4330 miraculo
1133 4258 1330 4332 aliquid
1366 4256 1720 4309 lucrarentur.
1748 4245 1852 4299 Res
1887 4237 2027 4292 enim
2058 4245 2171 4287 tati-

587 4389 672 4432 tas
699 4374 750 4427 in
774 4383 933 4426 cruce
977 4375 1135 4428 agere
1174 4349 1466 4410 mirabilius
1493 4352 1628 4409 erat,
1653 4353 1809 4410 quam
1850 4335 1892 4388 si
1919 4333 1983 4387 (le
2013 4342 2172 4384 cruce

589 4463 971 4525 descendis-Set.
1008 4453 1138 4510 Nam
1187 4448 1299 4503 sive
1330 4444 1476 4498 illum
1519 4439 1632 4491 lucc
1683 4432 1875 4487 fecisse
1905 4429 2169 4496 putarent,

590 4561 814 4618 credere
857 4548 1140 4622 Oportebat
1181 4552 1234 4594 et
1279 4540 1501 4598 timere;
1548 4531 1660 4583 sive
1702 4540 1806 4580 non
1858 4521 2028 4579 illttnt,
2079 4511 2173 4568 scd

592 4655 826 4709 Patrem,
861 4643 985 4698 hinc
1017 4637 1175 4690 etiam
1215 4625 1495 4697 cotnpungi
1531 4636 1625 4691 par
1663 4624 1819 4670 erat:
1856 4627 1976 4665 naut
2025 4617 2174 4660 tene-

592 4745 706 4799 brze
742 4739 844 4793 illa:
889 4749 954 4788 ex
1000 4730 1074 4784 ira
1104 4725 1189 4780 de.
1218 4716 1539 4774 facinoribus
1571 4712 1675 4765 illis
1716 4713 1969 4774 concepta
2017 4699 2178 4770 proli-

594 4833 952 4892 ciscebautur.
978 4819 1130 4891 Quod
1156 4815 1297 4872 enim
1333 4827 1438 4867 non
1463 4814 1606 4862 esset
1628 4802 1857 4870 eclipsis,
1883 4796 1976 4852 sed
2015 4797 2086 4848 ira
2126 4800 2181 4846 et

597 4924 914 4998 indignatio,
954 4933 1060 4973 non
1107 4913 1232 4967 hinc
1286 4907 1457 4961 solum
1489 4897 1830 4955 manifestum
1881 4898 2028 4952 erat,
2087 4884 2178 4940 sed

599 5022 762 5078 etiam
801 5030 830 5068 a
890 5019 1130 5077 tempore
1175 5019 1188 5055 ε
1242 4997 1410 5052 tribus
1459 4991 1601 5046 enim
1657 4986 1802 5041 horis
1851 4977 2177 5052 permansit;

602 5110 819 5179 eclipsis
866 5119 994 5157 vero
1041 5101 1092 5180 in
1139 5099 1412 5149 momento
1462 5081 1717 5153 temporis
1757 5079 1814 5133 fit
1854 5118 1866 5132 .
1909 5071 2048 5144 quod
2079 5084 2182 5125 non

604 5207 850 5270 ignorant
874 5195 962 5265 qui
992 5169 1237 5246 viderunt
1266 5202 1280 5239 :
1310 5197 1435 5236 nam
1461 5187 1640 5233 nostra
1668 5170 1826 5228 etiam
1861 5174 2014 5220 artate
2053 5160 2186 5215 ecli-

606 5287 985 5365 psiscoutigit.
1018 5283 1083 5336 Et
1121 5272 1409 5348 quomodo,
1457 5267 1683 5337 inquies,
1720 5277 1822 5315 non
1863 5254 2034 5312 mirati
2067 5260 2190 5307 sunt

609 5397 817 5444 otuncs,
851 5393 948 5432 uec
975 5374 1292 5443 putaverunt
1311 5376 1432 5418 esse
1458 5359 1623 5414 Deum
1646 5354 1667 5408 ἲ
1694 5352 1827 5421 Quia
1860 5361 1984 5402 tunc
2022 5360 2190 5414 genus

615 5475 892 5532 hominum
923 5467 974 5520 itt
1023 5460 1186 5517 multa
1218 5450 1530 5525 negligentia
1559 5457 1613 5501 et
1652 5443 1883 5510 nequitia
1917 5435 2192 5492 detineba-

614 5580 718 5623 tttr.
751 5565 812 5619 Et
841 5563 943 5616 boc
971 5551 1282 5612 miraculum
1306 5560 1470 5600 unum
1497 5550 1613 5597 erat
1637 5556 1650 5604 ;
1680 5535 1817 5607 quod
1838 5533 2012 5588 statim
2036 5540 2192 5596 atque

616 5654 880 5728 apparuit,
910 5644 1202 5722 pra'tcrivit
1232 5660 1244 5694 :
1275 5638 1555 5705 nullusque
1587 5631 1661 5685 rei
1704 5641 1917 5682 causam
1957 5622 2195 5678 ediscere

681 5806 702 5838 ‘
737 5807 831 5857 Alii
869 5809 1054 5867 legunt:
1079 5797 1395 5863 sepulturam,
1421 5804 1524 5855 pro,
1551 5784 1842 5851 sepulcrum.

1523 548 1866 613 HOMlLlA
1912 538 2324 604 LXXXVIII.
2372 535 2455 595 al.
2503 534 2864 595 LXXXIX.

1320 348 1371 398 S.
1419 340 1693 398 .lO.‘t-.\'.\'lS
1725 336 1856 388 Clin
1869 329 2153 386 YSOSTOV

2253 325 2534 379 .llClllEP.
2578 319 3108 378 CthxTANTINOP.
3685 315 3774 368 Τῖσῖ

2221 465 2335 474 ..ο--
2348 465 2404 472 ..-

2407 460 2752 471 ..._____.——.——

2221 681 2502 750 quatsivit;
2538 679 2700 733 nmlta
2739 694 2950 748 quoque
2977 687 3105 732 tunc
3145 676 3390 747 impietas
3414 691 3477 730 ex
3516 688 3779 730 consuetu-

2221 772 2344 826 dine
2375 771 2712 840 pr.evalebat.
2761 769 2943 839 Neque
2983 769 3225 824 sciebant
3270 784 3387 836 qtre
3442 782 3598 822 causa
3636 777 3782 838 gestio

2221 863 2298 918 rei
2329 871 2470 916 esset
2501 880 2512 916 :
2541 861 2678 916 forte
2703 861 2959 930 putabant
2988 875 3082 930 per
3101 859 3362 930 eclipsim,
3396 861 3475 912 vel
3503 861 3650 911 aliam
3699 875 3784 912 ua-

2225 955 2445 1008 turalem
2473 970 2686 1008 causam
2715 953 2762 1006 id
2789 954 3054 1007 evenisse.
3089 953 3289 1020 Ecquid
3330 951 3540 1005 miraris
3567 951 3629 1005 de
3651 960 3788 1005 cxte-

2225 1051 2294 1100 ris
2322 1046 2412 1116 qui
2441 1046 2570 1098 nihil
2607 1046 2868 1107 sciebant,
2903 1045 3099 1114 quique
3135 1043 3206 1096 ob
3247 1043 3504 1096 desidiam
3534 1043 3599 1096 de
3635 1058 3688 1096 re
3717 1047 3788 1094 iu-

2239 1139 2478 1204 ptircnda
2530 1154 2632 1190 non
2675 1137 3017 1207 cogitabant,
3067 1136 3281 1205 quando
3331 1139 3363 1188 ii
3413 1136 3572 1188 etiam
3616 1135 3698 1204 qui
3744 1135 3789 1190 in

2222 1231 2399 1283 .todaza
2426 1238 2594 1294 erant,
2629 1237 2744 1298 post
2778 1237 2854 1282 tot
2887 1228 3163 1291 miracula,
3200 1226 3372 1280 adhuc
3403 1226 3790 1294 perseverabant

2225 1320 2577 1374 contumelias
2609 1319 2916 1382 inferentes,
2951 1335 3268 1389 quamquam
3299 1318 3427 1386 ipsis
3457 1318 3599 1372 clare
3628 1327 3791 1372 osten-

2227 1415 2411 1477 disset,
2441 1427 2500 1467 se
2529 1412 2648 1466 talia
2677 1421 2952 1480 operatum
2982 1409 3188 1464 fuisse?
3213 1409 3335 1463 Ideo
3359 1420 3410 1461 et
3439 1418 3615 1478 posma
3644 1409 3793 1477 loqtti~

2231 1516 2333 1570 tur,
2369 1514 2424 1558 ut
2450 1504 2736 1560 discantse
2761 1503 2934 1557 adlntc
2963 1503 3161 1564 vivere,
3193 1508 3246 1555 et
3269 1501 3356 1554 illa
3391 1499 3596 1561 fecisse.
3618 1509 3668 1554 et
3688 1500 3793 1555 hinc

2229 1597 2415 1650 saltem
2463 1594 2846 1648 moderatiores
2906 1595 3060 1656 fiant,
3108 1606 3171 1647 ac
3211 1592 3360 1655 dicit,
3394 1590 3498 1655 Eli,
3553 1588 3792 1655 Eli,tama

2229 1686 2542 1749 sabuci/iuni,
2570 1694 2628 1739 ut
2651 1683 2893 1739 viderent
2918 1699 3038 1738 eunt
3073 1698 3238 1752 usque
3262 1681 3327 1736 ad
3355 1693 3647 1736 extremum
3682 1681 3792 1734 Itali-

2235 1794 2342 1837 tum
2374 1782 2638 1836 honorare
2678 1779 2911 1843 Patrem,
2942 1793 3114 1847 neque
3145 1791 3263 1832 esse
3296 1777 3406 1832 Deo
3435 1775 3793 1830 adversarium.

2233 1873 2357 1928 Ideo
2383 1871 2742 1942 propheticam
2773 1868 3056 1940 quamdam
3098 1867 3277 1922 emisit
3305 1882 3512 1930 vocem,
3559 1881 3712 1936 usque
3740 1865 3796 1919 ad

2233 1966 2472 2021 ultimam
2519 1964 2702 2017 horam
2751 1961 2920 2016 veteri
2965 1959 3064 2029 legi
3118 1960 3364 2029 pra'bens
3418 1956 3797 2012 testimonium:

2233 2074 2335 2114 nec
2371 2058 2528 2113 modo
2577 2056 2959 2127 prepheticam,
3003 2053 3098 2109 sed
3140 2062 3194 2108 et
3239 2052 3548 2108 llebraicnm
3603 2066 3798 2109 vocent;

2237 2155 2308 2208 ita
2339 2164 2393 2205 ut
2415 2152 2518 2206 illis
2541 2160 2721 2205 notum
2742 2157 2797 2202 et
2824 2147 3162 2202 manifestum
3195 2144 3244 2199 id
3270 2155 3449 2208 esset;
3483 2159 3672 2212 perque
3696 2157 3800 2197 om-

2236 2246 2320 2298 nia
2350 2241 2579 2298 ostendit
2601 2255 2748 2295 suam
2779 2255 2898 2294 cum
2925 2239 3176 2293 Genitore
3199 2236 3558 2290 concordiam.
3593 2235 3666 2289 Tu
3691 2248 3800 2286 vero

2238 2336 2358 2390 vide
2399 2334 2606 2389 illorum
2663 2330 3004 2401 petulantiam
3058 2337 3217 2398 atque
3254 2328 3547 2382 vesaniam.
3600 2327 3802 2380 Putare-

2238 2438 2380 2491 runt,
2412 2427 2601 2497 inquit,
2621 2425 2788 2479 Eliatn
2809 2425 2878 2478 ab
2907 2439 2970 2478 eo
2995 2423 3194 2486 vocari,
3221 2431 3272 2477 et
3300 2422 3479 2475 statim
3508 2426 3805 2490 putaverunt

2241 2526 2389 2580 illum
2416 2533 2584 2576 aceto.
2613 2520 2759 2574 Alius
2797 2526 2974 2572 autem
3010 2517 3194 2571 lancea
3239 2515 3378 2568 latus
3421 2515 3535 2583 ejus
3577 2512 3811 2581 aperuit‘.

2241 2613 2375 2682 Quid
2403 2613 2486 2667 his
2512 2613 2760 2681 iniquius,
2789 2608 2913 2679 quid
2945 2607 3191 2671 ferocius,
3222 2605 3312 2676 qui
3334 2620 3569 2675 eousque
3599 2605 3809 2655 furorem

2243 2723 2393 2763 Sttttm
2437 2705 2816 2768 extenderunt,
2867 2709 2922 2756 et
2971 2712 3236 2755 mortuum
3268 2711 3466 2767 corpus
3510 2694 3807 2751 contumelia

2244 2797 2570 2853 affecerunt?
2620 2794 2700 2849 Tu
2739 2808 2865 2847 vero
2918 2789 3188 2861 perpende
3229 2788 3500 2858 quomodo
3541 2784 3812 2840 sceleribus

2245 2905 2430 2946 eorum
2459 2902 2585 2942 usus
2610 2887 2680 2940 sit
2700 2885 2766 2939 ad
2795 2883 3016 2938 salutem
3045 2891 3299 2938 nostram.
3322 2881 3450 2934 Post
3471 2880 3667 2949 plagam
3686 2878 3811 2929 enim

2249 2980 2421 3036 fontes
2449 2979 2636 3035 salutis
2684 2976 2806 3032 inde
2837 2983 3140 3030 manarunt.
3190 2973 3280 3028 50.
3326 2971 3480 3026 Jesus
3519 2980 3674 3024 autem
3708 2966 3810 3016 cla-

2249 3092 2392 3129 mans
2417 3090 2532 3128 voce
2551 3087 2755 3140 magna,
2785 3069 2945 3122 emisit
2973 3067 3225 3135 spiritum.
3257 3064 3370 3118 Hoc
3407 3072 3485 3118 est
3521 3061 3652 3130 quod
3681 3059 3812 3112 diee-

2250 3167 2340 3223 bat
2372 3185 2385 3220 :
2420 3163 2727 3220 Potestatem
2757 3161 2914 3215 habeo
2947 3156 3164 3228 ponendi
3202 3157 3428 3208 animum
3471 3169 3644 3213 meum,
3668 3160 3708 3203 et
3743 3164 3812 3217 ρο-

2253 3271 2474 3316 testatem
2501 3259 2656 3312 habeo
2683 3257 2859 3309 iterum
2883 3251 3112 3306 sumendi
3141 3265 3252 3302 eam
3276 3247 3454 3318 (Joan.
3489 3245 3570 3300 ιθ.
3611 3244 3721 3311 l8);
3750 3249 3812 3304 et,

2254 3355 2367 3426 Ego
2412 3369 2542 3424 pono
2589 3367 2700 3405 eam
2745 3365 2777 3401 a
2822 3363 2901 3400 me
2946 3345 3078 3414 ipso.
3134 3341 3258 3396 Ideo
3308 3355 3443 3394 voce
3492 3335 3809 3396 exclamavit,

2256 3456 2315 3502 ut
2355 3442 2664 3498 ostenderet
2707 3455 2769 3495 ex
2819 3445 3079 3509 potestate
3131 3447 3224 3488 sua
3278 3446 3397 3486 rem
3445 3429 3575 3484 fieri.
3635 3427 3814 3481 Marcus

2260 3537 2411 3611 (Cap.
2439 3535 2521 3591 l5.
2551 3535 2639 3588 44.
2669 3531 2758 3601 59)
2797 3544 2920 3585 vero
2947 3527 3092 3590 dicit,
3117 3524 3373 3579 miratum
3405 3521 3566 3575 fuisse
3595 3518 3813 3572 Pilatum.

2259 3632 2302 3686 si
2325 3631 2435 3701 jam
2464 3637 2704 3681 mortuus
2729 3631 2871 3679 esset
2899 3639 2911 3675 :
2940 3635 3002 3675 ac
3039 3617 3407 3674 centurionem
3454 3612 3572 3667 ideo
3615 3607 3818 3664 maxime

2260 3720 2570 3780 credidisse,
2603 3717 2723 3786 quia
2749 3730 2868 3769 cum
2912 3709 3187 3782 potestatis
3222 3708 3378 3778 signo
3414 3714 3648 3760 mortuus
3677 3707 3818 3754 esset.

2266 3816 2390 3871 llaec
2421 3827 2520 3867 vox
2549 3809 2721 3863 velum
2750 3804 2979 3866 discidit,
3012 3808 3353 3856 monumenta
3399 3795 3620 3868 aperuit,
3660 3801 3709 3846 et
3737 3790 3822 3843 do-

2265 3927 2409 3967 mum
2451 3908 2716 3962 desertam
2770 3898 3020 3956 reddidit.
3076 3895 3186 3949 lloc
3229 3901 3407 3947 autem
3455 3890 3593 3950 fecit,
3639 3900 3736 3940 non
3778 3890 3825 3933 ttt

2268 4000 2520 4069 templum
2563 3993 2937 4050 dehonestaret
2993 3983 3282 4059 (quomodo
3323 3982 3466 4036 enim
3507 3979 3556 4034 id
3597 3974 3826 4045 potuisset

2269 4096 2356 4165 qtti
2387 4093 2510 4148 dicit
2545 4106 2560 4142 :
2588 4087 2758 4142 Nolite
2783 4089 2946 4152 facere
2975 4080 3179 4132 domum
3209 4075 3382 4129 Patris
3413 4073 3506 4126 mei
3535 4072 3725 4123 domum
3749 4079 3824 4116 nc-

2272 4157 2598 4258 qotiationis?
2625 4177 2801 4251 [10am
2831 4176 2885 4229 2.
2921 4171 3032 4244 16])
3063 4169 3158 4224 sed
3189 4167 3435 4235 indignos
3469 4164 3583 4216 illos
3625 4157 3827 4212 reddens

2274 4280 2360 4347 qui
2391 4274 2460 4330 ibi
2491 4277 2850 4326 versarentur,
2879 4274 2937 4318 ut
2961 4263 3118 4315 etiatn
3141 4273 3260 4313 cum
3285 4255 3413 4310 illud
3440 4248 3726 4322 Babyloniis
3746 4256 3827 4296 tra-

2275 4368 2427 4424 didit.
2462 4365 2582 4418 llatc
2607 4375 2768 4432 porro
2799 4371 2901 4410 non
2929 4370 2989 4409 ea
3024 4353 3194 4406 solum
3225 4349 3293 4403 de
3320 4362 3480 4402 causa
3514 4343 3716 4403 ﬁebant,
3749 4333 3826 4389 Sl‘d

2278 4469 2395 4516 erat
2421 4455 2543 4511 illud
2570 4451 2842 4522 prophetia
2871 4446 3060 4500 futura:
3083 4439 3446 4499 desolationis,
3475 4444 3528 4490 et
3551 4428 3828 4487 conversio-

2280 4553 2364 4608 nis
2399 4554 2447 4603 iu
2489 4546 2706 4602 meliora
2737 4539 3170 4606 sublimioraque,
3203 4547 3410 4587 necnon
3447 4525 3684 4598 potentia:
3711 4519 3830 4573 illius

2281 4646 2511 4714 signum.

2351 4733 2406 4787 2.
2434 4731 2510 4786 Ad
2540 4730 2652 4782 haec
2681 4735 2857 4780 autem
2887 4737 2950 4775 ex
2980 4719 3064 4784 iis,
3096 4731 3212 4785 quae
3239 4723 3422 4784 postea
3463 4713 3672 4776 sequuta
3708 4704 3832 4760 sunt.

2285 4827 2518 4894 scipsutn
2557 4815 2941 4874 manifestavit,
2979 4827 3043 4865 ex
3086 4817 3415 4864 mortuorum
3457 4794 3835 4856 resurrectione,

2287 4867 2518 4894 ..ι-..υ-..η
2811 4867 2834 4869 η
2931 4867 2941 4874 ,

2287 4933 2352 4971 ex
2395 4914 2676 4968 obscurata
2731 4909 2868 4972 luce,
2919 4914 2974 4957 et
3011 4918 3075 4957 ex
3119 4899 3505 4954 elementorum
3556 4867 3835 4944 mutatione.

2288 5008 2466 5064 Elismi
2503 5005 2644 5060 enim
2683 5011 2925 5068 tempore
2954 5004 3195 5048 mortuus
3226 4999 3491 5042 mortuum
3531 4991 3736 5048 tangens
3765 4986 3839 5024 re-

2291 5098 2519 5157 surrexit
2547 5095 2624 5164 (4.
2669 5095 2794 5164 Reg.
2828 5092 2914 5144 15.
2946 5088 3079 5156 9|):
3110 5099 3247 5139 ttuue
3281 5092 3455 5134 autem
3500 5089 3594 5125 vox
3627 5071 3733 5123 illos
3761 5078 3842 5116 ex-

2291 5195 2491 5256 citavit,
2521 5190 2645 5244 dutn
2675 5200 2868 5253 eorpus
2899 5183 2950 5234 itt
2986 5194 3144 5234 cruce
3187 5187 3414 5243 superne
3457 5166 3664 5222 affixutn
3698 5166 3843 5211 ρειαί.

2295 5237 2491 5256 ...η-η,
2681 5237 2703 5242 -
2745 5237 2786 5253 _,
3254 5237 3265 5243 _

2295 5290 2540 5358 Alioquin
2564 5302 2690 5340 vero
2717 5283 2800 5336 illa
2832 5281 3018 5334 horum
3053 5277 3233 5346 figura:
3260 5280 3433 5328 erant.
3477 5269 3594 5322 Ideo
3619 5261 3747 5316 enim
3773 5237 3845 5305 illa

2298 5383 2432 5437 facta
2474 5387 2617 5440 sunt,
2651 5386 2709 5430 ut
2737 5374 2850 5427 hinc
2880 5370 3248 5425 crederentur.
3282 5364 3462 5431 Neque
3489 5359 3653 5414 Solum
3681 5341 3848 5403 mortui

2298 5475 2652 5533 suscitantur,
2697 5467 2788 5521 sed
2837 5466 2997 5520 etiam
3041 5471 3203 5532 petrze
3245 5459 3590 5514 scinduntur.
3631 5448 3848 5508 terraque

2299 5569 2616 5630 concutitur,
2667 5574 2720 5617 ut
2750 5561 2956 5615 discant
2986 5573 3044 5612 se
3088 5555 3208 5610 illos
3255 5565 3412 5624 posse
3459 5556 3510 5601 ct
3537 5551 3788 5598 excacare
3809 5535 3850 5583 et

2391 5777 2407 5808 ι
2435 5771 2489 5820 In
2515 5777 2623 5820 Mss.
2640 5778 2734 5815 non
2761 5759 2930 5828 raucis
2955 5755 3160 5820 legitur,
3177 5745 3418 5808 lacerarit,
3439 5754 3544 5807 rro,
3561 5725 3756 5798 aperuit.
