4094 6216
574 330 676 388 τῖῗ
1403 326 1467 380 IN
1509 325 1909 382 MATTll/EU.“
1953 325 2160 380 IlOlllL

572 446 894 511 dirtunperc.
928 441 1056 497 Nam
1095 443 1180 510 qui
1223 451 1400 512 petras
1440 441 1667 505 discidit,
1699 452 1751 495 et
1778 451 1970 494 terram
2005 449 2144 494 tene-

579 535 689 590 bris
708 535 948 599 obduxit,
993 534 1157 588 multo
1188 534 1352 602 magis
1394 533 1443 586 in
1477 532 1580 586 illis
1614 533 1733 585 talia
1763 542 2016 599 pt'azstarc
2057 544 2150 598 po.

575 627 783 691 luisset,
832 626 877 680 si
905 627 1118 696 quidem
1158 627 1456 680 voluisset:
1490 642 1672 680 verum
1724 624 1774 678 id
1827 625 2012 681 notuit.
2059 621 2152 675 sed

576 721 809 774 immissa
858 720 909 772 in
954 720 1218 773 elementa
1253 720 1325 773 ira
1357 735 1473 780 sua,
1517 735 1582 772 ex
1631 717 2035 771 mansuetudine
2060 731 2152 769 sua

578 815 809 880 ipsorum
834 811 1057 884 salutem
1081 813 1317 870 curabat.
1345 811 1446 866 Sed
1486 810 1557 864 illi
1586 811 1636 863 in
1669 810 1870 864 insania
1904 808 2154 876 perstite-

578 915 718 959 runt.
748 904 891 960 Talis
919 920 1002 960 res
1043 914 1124 958 est
1171 904 1399 964 invidia;
1433 919 1534 956 non
1568 902 1718 957 facile
1747 901 1976 956 sedatur.
2009 899 2156 952 Tune

578 1015 704 1067 ergo
732 997 816 1052 bis
837 998 1137 1061 constieetis
1163 997 1434 1066 prodigiis,
1463 996 1593 1049 nihil
1619 1012 1681 1050 ex
1714 993 2037 1062 impudentia
2071 1007 2157 1044 re-

581 1093 871 1156 miserunt;
923 1101 1100 1157 posma
1147 1100 1322 1144 autem
1375 1090 1586 1158 quando
1623 1088 1796 1154 sigillo
1837 1086 2080 1153 apposito
2107 1091 2160 1137 et

580 1179 836 1234 militibus
867 1178 1284 1233 custodientibus
1314 1179 1634 1240 resurrexit;
1671 1178 1722 1230 id
1759 1176 1899 1245 quod
1938 1176 2004 1230 ab
2033 1174 2159 1242 ipsis

581 1272 891 1328 custodibus
929 1271 1260 1336 didicerunt;
1297 1279 1519 1340 argento
1555 1270 1673 1323 illos
1699 1274 2070 1336 corruperunt.
2105 1275 2161 1318 ut

582 1363 987 1417 resurrectionis
1036 1363 1330 1416 testimonia
1384 1361 1785 1415 sulfurarcnlur.
1837 1359 1912 1413 Ne
1953 1357 2162 1410 mireris

584 1455 782 1521 itaque,
825 1454 866 1507 si
901 1465 1025 1508 tunc
1053 1454 1212 1506 etiam
1255 1452 1494 1520 improbe
1524 1467 1580 1506 se
1604 1459 1920 1521 gesserunt;
1970 1450 2046 1502 sic
2079 1462 2164 1500 se-

587 1544 691 1599 mel
733 1559 790 1598 se
829 1551 1268 1610 comparaverant
1294 1542 1359 1596 ad
1388 1557 1598 1595 onmem
1632 1541 1975 1609 impudentia:
2004 1539 2163 1592 ratio-

587 1649 709 1688 nem
744 1650 757 1686 :
790 1632 882 1686 sed
909 1631 1034 1686 illud
1061 1631 1366 1686 consideres
1394 1632 1575 1696 velim,
1607 1632 1778 1700 qualia
1809 1631 1956 1699 signa
1985 1628 2166 1682 fecerit

586 1740 650 1778 cx
674 1723 826 1788 Cll‘IO,
857 1723 906 1776 in
936 1731 1074 1776 terra
1106 1731 1159 1776 et
1185 1722 1236 1776 in
1257 1721 1371 1791 ipsi)
1400 1722 1631 1792 templo;
1658 1721 1812 1775 simul
1848 1719 2165 1787 indignatio-

589 1830 708 1868 nem
755 1829 906 1868 suam
955 1824 1413 1878 commonstrans,
1462 1813 1724 1882 simulque
1773 1811 2048 1866 declarans
2105 1824 2166 1862 ea

588 1922 707 1973 qua:
731 1906 855 1960 olim
887 1906 1153 1960 inaccessa
1191 1916 1362 1971 erant,
1397 1905 1512 1970 jam
1561 1904 1692 1958 adiri
1746 1918 1899 1972 posse
1933 1921 1946 1956 :
1979 1901 2165 1954 cadum

590 2014 707 2051 esse
725 1998 1089 2067 aperiendum,
1118 2006 1171 2051 et
1193 1997 1256 2050 ad
1278 2013 1398 2051 vera
1423 2006 1603 2050 sancta
1625 2006 1925 2050 sanctorum
1950 2009 2033 2046 res
2050 2008 2168 2045 esse

594 2087 1005 2141 transferendas.
1047 2088 1114 2142 Et
1140 2087 1225 2141 alii
1252 2088 1464 2157 quidem
1504 2087 1771 2148 dicebant,
1805 2085 1866 2140 Si
1891 2102 1978 2138 rex
2007 2083 2171 2138 Israel

593 2187 683 2238 est,
715 2177 977 2230 descendat
1002 2189 1140 2230 nunc
1182 2176 1244 2229 de
1287 2193 1469 2239 cruce;
1502 2178 1614 2246 ipse
1663 2192 1788 2230 vero
1817 2175 2072 2240 ostendit,
2113 2189 2172 2227 se

595 2284 698 2320 non
741 2268 948 2321 lsraelis
986 2269 1163 2329 modo,
1197 2268 1290 2322 sed
1334 2271 1491 2322 totius
1520 2269 1663 2322 orbis
1689 2284 1866 2338 regem
1911 2283 2051 2320 csse.
2094 2266 2170 2320 Illi

595 2357 860 2418 dicebant,
895 2359 993 2424 Qui
1026 2357 1171 2412 solvit
1211 2359 1446 2429 templum
1495 2360 1608 2424 hoc,
1651 2370 1695 2412 et
1739 2360 1790 2412 in
1819 2358 1974 2410 tribus
2003 2357 2174 2410 diebus

597 2446 815 2513 aediﬁcat
845 2447 972 2500 illud
990 2465 1008 2510 ;
1052 2448 1165 2516 ipse
1191 2465 1316 2503 vero
1347 2450 1604 2510 declarat,
1637 2449 1886 2518 templum
1931 2463 2096 2516 usque
2121 2447 2172 2501 in

601 2537 1053 2593 tinem'dcsertum
1084 2538 1217 2594 fore.
1248 2539 1476 2594 Rursum
1509 2540 1579 2593 illi
1611 2539 1875 2600 dicebant,
1901 2539 2039 2592 Alios
2081 2538 2176 2591 sai-

600 2645 684 2679 ros
715 2629 850 2699 fecit,
875 2629 1093 2698 seipsum
1131 2645 1230 2682 non
1262 2640 1419 2699 potest
1456 2631 1645 2683 salvum
1673 2632 1872 2698 facere;
1911 2629 2024 2699 ipse
2051 2643 2177 2683 vero

603 2719 653 2770 in
680 2732 860 2782 cruce,
889 2717 939 2771 in
971 2734 1246 2774 servorum
1275 2721 1586 2789 corporibus
1627 2719 1675 2772 id
1706 2734 1822 2772 cum
1866 2734 2052 2788 magna
2084 2734 2178 2788 po-

602 2808 762 2861 tentia
808 2809 1058 2862 ostendit.
1092 2807 1222 2863 Nam
1269 2811 1310 2863 si
1359 2811 1766 2880 quatriduaonm
1818 2809 2073 2863 Lazarum
2112 2823 2179 2863 ex

602 2899 848 2967 sopulcro
895 2900 1041 2954 exire
1079 2917 1328 2970 magnum
1365 2911 1501 2966 erat,
1545 2903 1710 2956 multo
1751 2901 1920 2969 majus
1965 2909 2180 2955 sanctos

604 2991 722 3046 illos
747 3007 940 3047 omnes
962 2993 1070 3058 jam
1115 2993 1238 3046 olim
1268 2995 1503 3062 sepultos
1531 2994 1810 3048 confertim
1838 2996 1987 3047 vivos
2013 3008 2177 3062 appa-

605 3100 756 3148 rere;
786 3084 926 3154 quod
974 3084 1160 3138 futura:
1205 3085 1607 3140 resurrectionis
1650 3087 1854 3156 signum
1907 3095 2042 3140 erat.
2096 3085 2182 3139 Ait

606 3176 744 3228 enirn
777 3196 787 3228 :
819 3175 907 3230 52.
943 3175 1105 3228 Μυίιιι
1155 3193 1368 3246 corpora
1411 3189 1698 3230 sanctorum
1736 3178 1820 3244 qui
1851 3178 2177 3240 dormierunt,

606 3276 944 3320 surrexerunt.
974 3267 1061 3322 53.
1087 3265 1150 3319 Et
1178 3267 1473 3320 introierunt
1501 3268 1553 3320 in
1586 3279 1811 3320 sanctam
1841 3269 2104 3331 civitatem,
2137 3276 2185 3319 et

606 3368 948 3427 apparuerunt
978 3359 1167 3412 multis.
1208 3359 1284 3413 Nc
1312 3359 1452 3412 enim
1480 3370 1753 3429 putaretur
1775 3359 1824 3413 id
1854 3360 1993 3429 quod
2027 3361 2185 3413 ﬁebat

611 3451 921 3516 phantasma
951 3464 1088 3513 esse,
1119 3450 1299 3506 multis
1321 3451 1476 3504 etiam
1501 3460 1756 3521 apparent
1779 3451 1833 3504 in
1856 3452 2087 3505 civitate.
2122 3452 2186 3505 Et

608 3539 852 3592 centurio
871 3555 1079 3609 quoque
1112 3540 1274 3594 Deum
1301 3549 1425 3594 tunc
1453 3541 1764 3610 glorificavit
1793 3541 1973 3596 dicens
2007 3561 2019 3596 :
2063 3542 2188 3595 Vere

610 3630 690 3682 llic
726 3630 873 3683 homo
893 3631 1065 3699 justus
1093 3640 1218 3686 erat.
1267 3629 1334 3685 Et
1365 3632 1520 3686 turba:
1547 3649 1657 3701 qua:
1698 3643 1934 3686 venerant
1973 3635 2040 3686 ad
2083 3651 2191 3704 spe-

609 3721 865 3782 claudum,
909 3723 1237 3788 percutientes
1262 3733 1462 3792 pectora
1489 3740 1600 3787 sua,
1630 3723 1998 3778 revertebantur
2036 3723 2185 3793 (Luc.

609 3812 680 3865 9.5
723 3809 810 3866 A7.
843 3813 954 3883 48).
1003 3813 1168 3866 Tanta
1216 3825 1298 3869 est
1341 3816 1510 3868 virtus
1554 3816 1812 3875 cruciﬁxi,
1858 3825 1914 3870 ut
1957 3826 2074 3886 post
2113 3825 2190 3871 tot

614 3903 888 3957 irrisiones
914 3912 967 3958 et
992 3903 1232 3970 dicteria,
1263 3913 1318 3959 et
1343 3906 1586 3961 centurio
1605 3917 1660 3960 et
1682 3906 1903 3975 populus
1929 3922 2188 3976 compun-

611 4003 881 4062 gerentur.
931 3993 1153 4059 Quidam
1212 4009 1336 4048 vero
1379 4007 1596 4049 narrant
1647 3995 1785 4050 hunc
1823 3999 2186 4054 centurionem

618 4095 797 4147 postea
821 4085 869 4137 in
896 4085 996 4138 title
1021 4087 1342 4148 roboratam,
1371 4089 1676 4157 martyrium
1706 4087 1911 4143 fortiter
1939 4090 2185 4144 subiisse.

614 4175 702 4231 55’.
732 4174 888 4228 Erant
918 4187 1083 4230 autem
1111 4178 1214 4231 illic
1240 4179 1470 4232 mulieres
1497 4181 1666 4232 multa:
1712 4198 1741 4232 a
1776 4181 1920 4248 longe
1950 4182 2186 4247 videntes,

614 4283 728 4333 qua:
756 4278 976 4347 sequuta:
1016 4272 1216 4338 fuerant
1259 4268 1434 4323 .Iesum
1458 4287 1489 4322 (ι
1521 4269 1733 4325 Gali/ma
1763 4273 2096 4325 ministrantes
2123 4273 2186 4339 ei,

618 4358 705 4418 L6,
737 4358 789 4410 in
817 4359 993 4427 quibus
1021 4371 1124 4412 erat
1165 4359 1332 4414 Maria
1364 4362 1680 4432 Magdalene,
1712 4374 1758 4416 et
1793 4364 1959 4418 .Ilaria
1987 4365 2185 4428 Jacobi,

615 4460 661 4501 et
684 4449 805 4502 Jose
834 4459 1009 4516 mater,
1038 4462 1082 4504 et
1103 4462 1258 4506 mater
1279 4455 1496 4521 ﬁliorum
1522 4455 1763 4510 Zebedwi.
1800 4457 1922 4512 flare
1947 4459 2078 4512 facta
2117 4459 2191 4511 \i-

616 4539 741 4592 dent
770 4539 1018 4595 mulieres
1051 4542 1174 4608 ίιιιυ,
1199 4559 1317 4612 qua:
1346 4546 1574 4598 maxime
1598 4546 1777 4599 dolent
1803 4562 1864 4600 ac
1896 4548 2095 4614 lugent.
2127 4547 2192 4601 Et

615 4631 921 4686 consideres
963 4634 1121 4687 velint
1164 4650 1320 4704 quain
1373 4636 1599 4689 assidum
1644 4637 1770 4690 sint.
1821 4639 2192 4706 Sequebantur

619 4724 789 4791 ipsum
831 4724 1218 4789 ministrantes,
1264 4736 1316 4779 et
1353 4742 1519 4797 usque
1560 4727 1624 4780 ad
1674 4730 1904 4796 pericula
1945 4731 2186 4786 aderant.

619 4811 846 4881 Ideoque
884 4815 1060 4866 omnia
1107 4816 1436 4885 spectabant,
1489 4819 1752 4886 quomodo
1800 4821 2112 4874 clamaverit
2141 4831 2193 4876 et

617 4904 1000 4971 exspiraverit;
1053 4907 1316 4974 quomodo
1348 4919 1509 4974 petra:
1542 4911 1718 4962 scissa:
1743 4910 1866 4970 sint,
1897 4921 2193 4982 meti-raque

619 4997 814 5048 omnia.
847 4997 1081 5067 Ipseque
1118 4999 1298 5068 prinne
1326 4999 1504 5053 Iesum
1552 5000 1760 5066 vident;
1805 5001 1995 5070 Ilioque
2032 5019 2194 5058 sexus

619 5086 848 5140 tnaxime
872 5087 1170 5150 damnatus,
1207 5089 1402 5163 primus
1430 5089 1687 5144 bonorum
1719 5093 2024 5160 Spectaculo
2067 5095 2196 5147 friti-

620 5185 702 5226 tur
731 5192 746 5225 :
775 5175 916 5242 quod
946 5178 1173 5232 maxime
1205 5180 1408 5234 illarum
1437 5181 1796 5237 fortitudinem
1828 5184 2187 5240 commendat.

620 5265 867 5332 Discipuli
907 5265 1170 5335 fugerunt,
1203 5270 1305 5324 illa:
1326 5272 1564 5326 aderant.
1602 5274 1854 5342 Quantam
1883 5276 1986 5329 illa!
2007 5277 2195 5331 erant?

619 5356 784 5409 Mater
808 5357 943 5426 ejus,
976 5375 1131 5428 quam
1154 5361 1278 5415 dicit
1302 5362 1502 5427 Jacobi,
1530 5375 1581 5418 et
1603 5367 1840 5435 reliquie.
1870 5368 2017 5421 Alitis
2044 5383 2195 5422 evan-

617 5448 801 5514 gelista
831 5447 1038 5517 (Lucas,
1063 5451 1210 5522 ibid.)
1241 5453 1387 5517 dicit,
1419 5456 1610 5509 multos
1638 5457 1800 5512 fuisse
1837 5461 1925 5528 qui
1966 5446 2035 5512 ob
2081 5460 2193 5514 hu-c

619 5539 928 5606 pinnigeri-nt
977 5552 1260 5612 pectusque
1303 5547 1609 5611 tondet-cut;
1645 5549 1784 5618 quod
1833 5554 2066 5606 maxime
2096 5553 2192 5606 Ju-

615 5629 850 5683 d.rorum
883 5633 1249 5688 crudelitati-tn
1281 5638 1615 5704 oSteudebat,
1649 5641 1738 5709 qui
1776 5641 1842 5695 de
1878 5645 2071 5713 quibus
2101 5646 2189 5699 alii

621 5723 894 5790 gemebant
930 5725 1300 5796 lugebanttpic,
1333 5729 1398 5784 de
1441 5730 1624 5787 iisdem
1663 5733 1758 5802 ipsi
1803 5734 2186 5804 gloriabantur,

2171 368 2180 377 .
2229 322 2558 380 LXXXVIII.
2601 322 2670 374 al.
2714 322 3000 376 LXXXIX.

3732 324 3832 379 77S

2259 455 2428 504 neque
2459 437 2820 492 misericordia
2842 439 2991 498 moti,
3018 453 3189 508 neque
3214 439 3398 492 timore
3420 439 3658 494 cohibiti.
3679 440 3836 508 Signa

2257 533 2453 600 quippe
2481 531 2590 595 illa,
2635 545 2737 582 non
2784 530 2941 582 modo
2982 532 3149 598 signa,
3203 531 3295 584 sed
3328 532 3419 585 ira:
3451 547 3654 600 magum
3699 532 3841 584 furo-

2260 625 2437 694 risqne
2458 624 2604 692 signa
2646 630 2830 686 erant;
2865 624 3122 686 tenebrae,
3153 634 3320 693 petrae
3353 624 3554 688 scissae,
3597 625 3767 678 velum
3810 641 3838 676 a

2261 717 2440 770 medio
2468 716 2778 781 rescissum,
2825 725 2980 770 terra!
3022 726 3194 769 motus
3226 734 3238 769 :
3273 715 3389 769 haec
3425 716 3652 785 ingentis
3691 725 3842 770 erant

2264 809 2656 878 indignationis.
2691 810 2780 862 58.
2812 807 3066 861 Accedens
3109 818 3274 860 autem
3316 808 3528 874 Joseplt,
3565 809 3701 877 petiit
3739 825 3844 862 cor-

2263 917 2373 970 pus.
2410 901 2504 953 llic
2532 910 2646 954 erat
2685 899 2882 968 .loseph
2915 900 3021 962 ille,
3053 900 3141 968 qui
3181 914 3240 954 se
3272 901 3414 968 prius
3444 900 3801 954 occultaverat
3829 917 3842 958 ;

2265 1005 2406 1044 nunc
2441 1005 2568 1044 vero
2604 991 2851 1059 magnum
2887 990 3154 1058 quidpiam
3181 1006 3344 1044 ausus
3382 1001 3465 1046 est
3496 999 3616 1058 post
3645 987 3842 1044 Christi

2266 1091 2511 1134 mortem.
2543 1079 2656 1134 Non
2686 1081 2829 1134 enim
2861 1080 3108 1147 ignobilis
3137 1083 3470 1151 ignotusque,
3503 1080 3598 1136 sed
3630 1096 3694 1134 ex
3717 1096 3842 1134 con—

2265 1172 2386 1224 silio
2414 1188 2546 1224 unus
2575 1170 2966 1238 admodumque
2996 1171 3217 1238 insignis
3257 1183 3372 1227 erat
3401 1190 3414 1226 :
3446 1173 3585 1228 unde
3617 1173 3844 1226 maxime

2266 1263 2381 1327 ejus
2413 1262 2666 1316 lortitndo
2695 1262 2981 1332 spectanda
3014 1274 3135 1319 est:
3165 1280 3285 1318 nam
3326 1266 3375 1320 in
3417 1265 3606 1321 mortis
3634 1265 3847 1334 perieu-

2271 1354 2376 1406 bnn
2417 1354 2682 1418 veniebat,
2713 1370 2832 1408 cum
2876 1356 3111 1408 omniunt
3149 1358 3200 1410 in
3233 1372 3290 1411 se
3323 1357 3502 1412 odium
3529 1358 3843 1422 concitaret,

2269 1444 2394 1497 dum
2437 1461 2585 1499 suam
2617 1460 2738 1515 erga
2773 1445 2956 1501 Jesum
2989 1447 3411 1502 benevolentiam
3452 1447 3848 1512 demonstrans,

2269 1550 2464 1603 corpus
2493 1543 2672 1604 petere
2702 1551 2863 1591 ausus
2898 1546 2998 1600 est,
3031 1554 3199 1606 neque
3225 1537 3448 1601 destitit,
3477 1538 3650 1593 donec
3693 1537 3742 1590 id
3770 1552 3854 1591 as-

2272 1633 2525 1693 scquutus
2574 1634 2735 1680 esset.
2768 1625 2874 1682 Nec
2915 1629 3120 1696 accepit
3165 1628 3324 1681 modo
3370 1639 3424 1682 et
3465 1643 3585 1683 cum
3635 1639 3850 1697 sumptu

2273 1717 2531 1784 sepelivit,
2561 1717 2652 1770 sed
2683 1719 2732 1771 in
2757 1718 3002 1786 sepulcro
3027 1733 3124 1772 suo
3153 1735 3310 1784 novo,
3337 1720 3458 1774 hinc
3481 1735 3718 1776 amorem
3746 1721 3853 1775 t‘or-

2275 1809 2661 1878 titudinemque
2687 1826 2835 1862 suam
2865 1809 3260 1864 demonstrans.
3291 1811 3402 1865 Hoc
3443 1826 3568 1866 vero
3601 1828 3704 1866 non
3737 1811 3854 1864 sine

2274 1914 2316 1953 c:
2341 1915 2453 1963 usa,
2482 1915 2581 1954 nec
2608 1899 2722 1954 sine
2766 1901 3094 1969 providentia
3120 1902 3188 1955 ita
3217 1901 3410 1956 factum
3444 1912 3546 1966 est,
3575 1903 3668 1956 sed
3704 1917 3750 1956 ut
3789 1919 3856 1956 ne

2278 1993 2380 2044 tilla
2407 1992 2489 2047 vel
2522 1992 2740 2046 minima
2785 1992 3016 2060 suspicio
3051 2000 3370 2055 remaneret,
3419 1992 3580 2045 alium
3625 2008 3724 2061 pro
3753 1993 3857 2046 alio

2277 2086 2595 2140 surrexisse.
2645 2085 2733 2140 6|.
2787 2084 2947 2137 Erant
2986 2093 3150 2136 autem
3197 2083 3368 2138 Maria
3420 2083 3768 2151 Magdalene,
3811 2095 3858 2137 et

2279 2176 2440 2228 altera
2486 2175 2654 2228 Maria
2686 2175 2910 2228 sedentes
2953 2191 2979 2228 e
3012 2176 3212 2242 regione
3240 2175 3480 2244 seputcri.
3515 2175 3622 2229 Cur
3657 2177 3758 2228 illze
3791 2177 3858 2230 ita

2279 2267 2564 2321 assident?
2613 2267 2753 2321 Nihil
2791 2265 2967 2320 adhuc
3012 2282 3258 2333 magnum
3294 2267 3375 2320 vel
3405 2267 3635 2320 siiblitne
3673 2267 3740 2319 de
3771 2267 3862 2320 illo

2281 2359 2519 2412 sciebant
2548 2375 2562 2414 :
2593 2359 2819 2427 ideoque
2848 2369 3113 2428 unguenta
3141 2358 3452 2421 attulerunt,
3495 2366 3550 2412 et
3576 2373 3742 2426 prope
3772 2373 3861 2411 sc-

2290 2443 2540 2513 pulerum
2573 2449 2886 2514 manebant,
2923 2461 3000 2515 ut,
3032 2449 3077 2504 si
3120 2447 3432 2502 Judazorum
3473 2449 3626 2503 furor
3652 2449 3868 2504 sedare-

2294 2542 2406 2600 tur,
2443 2538 2764 2592 accederent
2792 2547 2847 2594 et
2878 2538 3046 2594 effuse
3074 2539 3556 2607 amplecterentur.

2353 2633 2407 2686 5.
2460 2631 2791 2702 Eleemosyna
2819 2629 3027 2698 pauperi
3075 2629 3216 2694 datu,
3272 2615 3865 2698 Christo-erogatur.—

2293 2723 2447 2778 Vides
2476 2724 2756 2777 mulierum
2791 2720 3191 2776 fortitudinem?
3221 2721 3370 2774 vides
3401 2720 3684 2776 amorem?
3717 2718 3864 2772 vides

2289 2815 2660 2870 liberalitatem
2691 2815 2742 2867 in
2769 2827 2998 2881 expensa
3027 2826 3195 2881 usque
3227 2811 3293 2864 ad
3319 2811 3509 2865 mortis
3529 2797 3821 2880 periculum
3844 2810 3866 2862 ?

2289 2907 2462 2960 llasve
2483 2906 2732 2958 mulieres
2771 2904 3059 2964 imitemur,
3107 2903 3202 2955 viri
3238 2919 3250 2955 :
3290 2916 3356 2956 ne
3383 2901 3564 2957 Iesum
3607 2901 3658 2955 in
3693 2910 3868 2956 tenta-

2290 2997 2519 3051 tionibus
2544 2996 2926 3064 relinquamus.
2962 2995 3068 3048 Illze
3101 2993 3151 3046 in
3186 3001 3452 3046 mortuum
3488 3001 3565 3046 tot
3599 2991 3868 3060 impende-

2290 3097 2433 3154 runt,
2458 3086 2510 3140 in
2535 3089 2655 3140 vitae
2684 3100 2794 3140 suae
2835 3086 3126 3154 periculurn
3157 3104 3170 3136 :
3201 3099 3299 3138 nos
3334 3093 3511 3138 autem
3543 3082 3694 3153 (libet
3727 3084 3868 3136 enim

2292 3181 2520 3249 idipsum
2545 3182 2812 3248 repetere)
2839 3193 2937 3232 nec
2955 3178 3279 3232 esurientem
3297 3177 3512 3241 alimus,
3545 3189 3645 3230 nec
3666 3174 3869 3228 nudum

2293 3273 2581 3336 induimus,
2625 3270 2719 3324 sed
2759 3270 2908 3324 illum
2949 3268 3341 3324 mendicantem
3372 3267 3612 3321 videntes
3647 3276 3870 3336 prauor-

2291 3365 2577 3420 currimus.
2622 3363 2762 3417 Sane
2817 3363 2862 3416 si
2918 3363 3090 3430 ipsum
3136 3358 3406 3415 Christum
3454 3358 3731 3424 videretis,
3777 3373 3873 3412 sua

2293 3457 2487 3527 singuli
2531 3454 2931 3525 profunderent.
2974 3453 3078 3509 Sed
3112 3469 3253 3508 nunc
3295 3452 3432 3507 idem
3464 3451 3580 3522 ipse
3621 3460 3722 3507 est.
3757 3450 3874 3519 Ipse

2294 3563 2527 3618 namque
2550 3547 2702 3612 dixit,
2735 3545 2848 3616 Ego
2887 3560 3024 3600 sum.
3051 3543 3160 3600 Cur
3187 3559 3314 3613 ergo
3344 3558 3448 3598 non
3474 3543 3650 3596 omnia
3700 3541 3873 3596 eﬂ'nu-

2293 3641 2414 3696 dis?
2441 3638 2646 3694 Etenim
2678 3653 2817 3692 nunc
2841 3637 3105 3691 dicentem
3129 3635 3300 3699 audis,
3323 3633 3450 3688 Illi/ii
3481 3635 3658 3706 facit‘.
3687 3632 3870 3701 Neque

2295 3731 2562 3803 quidpiam
2608 3732 2831 3785 interest
2875 3738 3048 3783 utrum
3094 3728 3234 3788 huic,
3289 3738 3463 3782 utrum
3519 3727 3592 3780 illi
3635 3726 3868 3785 dederis.

2299 3843 2474 3897 neque
2501 3827 2676 3880 minus
2703 3825 2914 3890 feceris,
2955 3839 3114 3892 quam
3161 3824 3413 3876 mulieres
3453 3824 3576 3886 illm,
3606 3839 3723 3891 quae
3753 3833 3877 3877 time

2300 3918 2470 3987 ipsum
2511 3917 2836 3978 nutriebant,
2866 3914 2973 3968 imo
3013 3915 3181 3968 multo
3221 3914 3411 3982 majus.
3445 3913 3638 3966 Verum
3670 3929 3738 3968 ne
3766 3922 3879 3966 tur-

2299 4009 2333 4061 b
2353 4007 2516 4061 ‘ntini.
2561 4007 2675 4060 Non
2703 4015 2783 4060 cst
2813 4005 2954 4059 enim
2985 4005 3189 4073 mquale
3217 4004 3387 4073 ipsum
3420 4003 3699 4057 Dominum
3741 4019 3876 4070 prm-

2299 4109 2506 4153 st-ntem
2540 4099 2708 4160 alere,
2747 4097 2886 4167 quod
2916 4096 2998 4150 vel
3031 4095 3295 4164 lapideum
3327 4094 3559 4148 animum
3593 4093 3870 4164 pertrahe-

2302 4200 2401 4249 ret,
2458 4200 2511 4243 ct
2558 4198 2776 4258 prOpter
2819 4189 2980 4242 verba
3031 4187 3148 4256 ejus
3195 4187 3507 4248 dmutaxat,
3563 4200 3874 4256 pauperi-tn,

2301 4285 2566 4343 tnutilnm,
2601 4283 2872 4336 incurvum
2904 4283 3170 4336 hominem
3221 4283 3417 4338 fovere.
3451 4281 3524 4336 lbi
3556 4282 3695 4336 enim
3721 4297 3876 4350 aspe-

2301 4387 2415 4428 ctus
2437 4375 2773 4443 dignitasque
2803 4375 3079 4442 praesentis
3107 4373 3359 4437 attrahit;
3395 4375 3478 4428 hic
3502 4383 3678 4430 autem
3710 4383 3876 4429 totum

2303 4465 2681 4519 misericordia:
2711 4465 2801 4517 tibi
2826 4463 3100 4532 pranninm
3124 4464 3440 4518 adscribitur
3466 4483 3478 4518 :
3505 4467 3782 4535 majusque
3801 4475 3881 4519 est

2303 4565 2404 4609 tua».
2428 4571 2553 4623 erga
2585 4555 2729 4607 illum
2760 4555 3078 4608 reverentia:
3107 4565 3501 4624 argumentum,
3527 4556 3740 4625 quando
3759 4573 3880 4623 pro-

2302 4657 2420 4715 pter
2449 4646 2563 4712 ejus
2599 4649 2758 4699 verba
2803 4660 3118 4700 conservum
3158 4645 3302 4699 foves
3335 4648 3384 4699 in
3421 4648 3690 4700 omnibus.
3739 4647 3778 4701 li
3781 4665 3880 4701 ove

2305 4737 2484 4801 igitur,
2530 4751 2594 4790 ac
2641 4735 2800 4790 crede
2841 4737 3123 4805 accipienti
3155 4747 3207 4790 et
3235 4736 3453 4802 dicenti,
3499 4737 3627 4790 Mihi
3668 4737 3866 4792 dedisti.

2304 4827 2411 4880 l\'isi
2455 4827 2595 4881 cnim
2629 4826 2728 4896 ipsi
2768 4826 2947 4893 dares,
2988 4841 3094 4882 non
3126 4837 3176 4882 te
3216 4828 3302 4882 ille
3348 4844 3511 4895 regno
3547 4828 3878 4898 dignaretur.

2301 4917 2410 4971 Nisi
2441 4918 2609 4986 ipsum
2639 4918 2982 4984 aversareris,
3020 4935 3122 4974 non
3155 4930 3204 4974 te
3229 4919 3278 4972 in
3305 4919 3602 4989 gehennam
3621 4921 3874 4982 mitteret,

2304 5007 2445 5076 quod
2475 5008 2630 5061 vilem
2667 5008 2896 5076 aliquem
2936 5007 3207 5064 hominem
3235 5011 3588 5078 ili-SpexiSses.
3615 5011 3720 5066 Sed
3759 5015 3878 5080 quia

2305 5099 2393 5152 ille
2427 5100 2538 5167 ipse
2565 5109 2646 5154 est
2674 5101 2762 5169 qui
2789 5100 3099 5168 despicitur,
3135 5103 3251 5155 ideo
3275 5119 3516 5170 magnum
3551 5103 3600 5156 id
3620 5103 3873 5173 flagitium

2303 5201 2406 5244 cst.
2428 5191 2518 5246 Sic
2546 5203 2598 5246 et
2623 5192 2816 5246 Paulus
2851 5192 2998 5244 illum
3024 5194 3461 5260 persequebatur;
3495 5193 3614 5248 ideo
3641 5193 3872 5258 dicebat,

2309 5281 2444 5347 Quid
2465 5299 2541 5334 me
2565 5284 2870 5351 persequeris
2889 5283 3026 5351 (Act.
3047 5284 3099 5337 9.
3125 5285 3177 5353 4)
3199 5285 3221 5335 ?
3245 5284 3331 5337 Sic
3348 5299 3494 5352 ergo,
3518 5301 3637 5338 cum
3665 5285 3874 5350 damus,

2303 5369 2477 5425 affecti
2507 5373 2693 5434 simus,
2733 5387 2796 5426 ac
2836 5373 2877 5424 si
2909 5373 3120 5425 Christo
3147 5388 3487 5442 erogarentus
3517 5392 3530 5428 :
3563 5391 3682 5428 nam
3718 5377 3876 5430 verba

2304 5461 2438 5530 ejus,
2472 5463 2585 5532 plus
2623 5478 2779 5530 quam
2820 5477 2882 5516 ea
2922 5478 3043 5532 qua:
3073 5464 3172 5516 sub
3218 5474 3487 5532 aspectum
3521 5467 3716 5519 cadttnt
3751 5482 3872 5522 cre-

2303 5554 2494 5608 denda.
2551 5555 2684 5608 Cum
2744 5556 2936 5610 videris
2995 5573 3122 5626 ergo
3189 5572 3515 5626 pauperem.
3584 5561 3869 5616 recordtru

2371 5687 2396 5751 τι
2423 5687 2614 5754 ποι-(31ηΔ
2630 5696 2724 5734 (‘ttr
2749 5701 2838 5736 non
2863 5688 3018 5736 omnia
3035 5689 3258 5751 effundis,
3283 5693 3473 5754 quando
3493 5694 3682 5754 quidem
3717 5690 3875 5743 «Mitti

2297 5747 2440 5808 facta,
2474 5767 2488 5795 ι
2517 5749 2714 5801 omissis
2737 5756 3062 5808 internas-itis.
