  <div class='ocr_page' id='page_1' title='image "/cluster/home/n/w/nwhite01/storage/ocr_20150623/58/hvd.32044054202999/319.png"; bbox 0 0 4094 6216; ppageno 0'>
   <div class='ocr_carea' id='block_1_1' title="bbox 337 294 438 351">
    <p class='ocr_par' dir='ltr' id='par_1_1' title="bbox 337 294 438 351">
     <span class='ocr_line' id='line_1_1' title="bbox 337 294 438 351; baseline 0 -1"><span class='ocrx_word' id='word_1_1' title='bbox 337 294 438 351; x_wconf 78' lang='lat'><strong>779</strong></span> 
     </span>
    </p>
   </div>
   <div class='ocr_carea' id='block_1_2' title="bbox 338 387 1918 476">
    <p class='ocr_par' dir='ltr' id='par_1_2' title="bbox 338 387 1918 476">
     <span class='ocr_line' id='line_1_2' title="bbox 338 387 1918 476; baseline -0.016 -13"><span class='ocrx_word' id='word_1_2' title='bbox 338 412 645 473; x_wconf 72' lang='lat' dir='ltr'><strong>verborum,</strong></span> <span class='ocrx_word' id='word_1_3' title='bbox 692 404 883 476; x_wconf 80' lang='lat' dir='ltr'><strong>quibus</strong></span> <span class='ocrx_word' id='word_1_4' title='bbox 925 416 981 454; x_wconf 89' lang='lat' dir='ltr'><strong>se</strong></span> <span class='ocrx_word' id='word_1_5' title='bbox 1028 399 1141 469; x_wconf 88' lang='lat' dir='ltr'><strong>ipse</strong></span> <span class='ocrx_word' id='word_1_6' title='bbox 1189 396 1317 450; x_wconf 95' lang='lat' dir='ltr'><strong>dicit</strong></span> <span class='ocrx_word' id='word_1_7' title='bbox 1367 391 1636 447; x_wconf 75' lang='lat' dir='ltr'><strong>alendum.</strong></span> <span class='ocrx_word' id='word_1_8' title='bbox 1691 387 1918 442; x_wconf 82' lang='lat' dir='ltr'><strong>Etiamsi</strong></span> 
     </span>
    </p>
   </div>
   <div class='ocr_carea' id='block_1_3' title="bbox 343 478 1921 569">
    <p class='ocr_par' dir='ltr' id='par_1_3' title="bbox 343 478 1921 569">
     <span class='ocr_line' id='line_1_3' title="bbox 343 478 1921 569; baseline -0.016 -11"><span class='ocrx_word' id='word_1_9' title='bbox 343 504 478 558; x_wconf 78' lang='lat' dir='ltr'><strong>enim</strong></span> <span class='ocrx_word' id='word_1_10' title='bbox 512 500 556 555; x_wconf 90' lang='lat' dir='ltr'><strong>is</strong></span> <span class='ocrx_word' id='word_1_11' title='bbox 583 497 669 569; x_wconf 93' lang='lat' dir='ltr'><strong>qui</strong></span> <span class='ocrx_word' id='word_1_12' title='bbox 698 502 919 565; x_wconf 87' lang='lat' dir='ltr'><strong>apparet</strong></span> <span class='ocrx_word' id='word_1_13' title='bbox 949 506 1052 545; x_wconf 92' lang='lat' dir='ltr'><strong>non</strong></span> <span class='ocrx_word' id='word_1_14' title='bbox 1084 488 1153 543; x_wconf 90' lang='lat' dir='ltr'><strong>sit</strong></span> <span class='ocrx_word' id='word_1_15' title='bbox 1174 487 1440 549; x_wconf 73' lang='lat' dir='ltr'><strong>Christus,</strong></span> <span class='ocrx_word' id='word_1_16' title='bbox 1467 482 1559 538; x_wconf 89' lang='lat' dir='ltr'><strong>sed</strong></span> <span class='ocrx_word' id='word_1_17' title='bbox 1582 480 1681 536; x_wconf 87' lang='lat' dir='ltr'><strong>sub</strong></span> <span class='ocrx_word' id='word_1_18' title='bbox 1711 479 1807 533; x_wconf 84' lang='lat' dir='ltr'><strong>hac</strong></span> <span class='ocrx_word' id='word_1_19' title='bbox 1830 478 1921 532; x_wconf 88' lang='lat' dir='ltr'><strong>ille</strong></span> 
     </span>
    </p>
   </div>
   <div class='ocr_carea' id='block_1_4' title="bbox 343 569 1919 663">
    <p class='ocr_par' dir='ltr' id='par_1_4' title="bbox 343 569 1919 663">
     <span class='ocr_line' id='line_1_4' title="bbox 343 569 1919 663; baseline -0.016 -16"><span class='ocrx_word' id='word_1_20' title='bbox 343 597 509 663; x_wconf 84' lang='lat' dir='ltr'><strong>ﬁgura</strong></span> <span class='ocrx_word' id='word_1_21' title='bbox 549 590 677 661; x_wconf 86' lang='lat' dir='ltr'><strong>petit</strong></span> <span class='ocrx_word' id='word_1_22' title='bbox 704 598 756 640; x_wconf 85' lang='lat' dir='ltr'><strong>et</strong></span> <span class='ocrx_word' id='word_1_23' title='bbox 790 584 999 653; x_wconf 88' lang='lat' dir='ltr'><strong>accipit.</strong></span> <span class='ocrx_word' id='word_1_24' title='bbox 1033 580 1299 635; x_wconf 75' lang='lat' dir='ltr'><strong>Erubesce</strong></span> <span class='ocrx_word' id='word_1_25' title='bbox 1344 577 1520 646; x_wconf 88' lang='lat' dir='ltr'><strong>igitur,</strong></span> <span class='ocrx_word' id='word_1_26' title='bbox 1559 588 1679 627; x_wconf 92' lang='lat' dir='ltr'><strong>cntn</strong></span> <span class='ocrx_word' id='word_1_27' title='bbox 1720 569 1919 640; x_wconf 91' lang='lat' dir='ltr'><strong>petenti</strong></span> 
     </span>
    </p>
   </div>
   <div class='ocr_carea' id='block_1_5' title="bbox 344 661 1922 745">
    <p class='ocr_par' dir='ltr' id='par_1_5' title="bbox 344 661 1922 745">
     <span class='ocr_line' id='line_1_5' title="bbox 344 661 1922 745; baseline -0.017 -6"><span class='ocrx_word' id='word_1_28' title='bbox 344 661 449 740; x_wconf 78' lang='lat' dir='ltr'><strong>non</strong></span> <span class='ocrx_word' id='word_1_29' title='bbox 485 681 714 737; x_wconf 86' lang='lat' dir='ltr'><strong>dederis.</strong></span> <span class='ocrx_word' id='word_1_30' title='bbox 749 678 858 732; x_wconf 86' lang='lat' dir='ltr'><strong>Hoc</strong></span> <span class='ocrx_word' id='word_1_31' title='bbox 896 673 1079 745; x_wconf 86' lang='lat' dir='ltr'><strong>pudori</strong></span> <span class='ocrx_word' id='word_1_32' title='bbox 1111 681 1213 734; x_wconf 89' lang='lat' dir='ltr'><strong>est,</strong></span> <span class='ocrx_word' id='word_1_33' title='bbox 1252 668 1353 722; x_wconf 88' lang='lat' dir='ltr'><strong>hoc</strong></span> <span class='ocrx_word' id='word_1_34' title='bbox 1389 681 1595 737; x_wconf 76' lang='lat' dir='ltr'><strong>ptenam</strong></span> <span class='ocrx_word' id='word_1_35' title='bbox 1625 672 1679 717; x_wconf 91' lang='lat' dir='ltr'><strong>et</strong></span> <span class='ocrx_word' id='word_1_36' title='bbox 1719 661 1922 729; x_wconf 82' lang='lat' dir='ltr'><strong>suppli-</strong></span> 
     </span>
    </p>
   </div>
   <div class='ocr_carea' id='block_1_6' title="bbox 343 755 1922 835">
    <p class='ocr_par' dir='ltr' id='par_1_6' title="bbox 343 755 1922 835">
     <span class='ocr_line' id='line_1_6' title="bbox 343 755 1922 835; baseline -0.014 -6"><span class='ocrx_word' id='word_1_37' title='bbox 343 778 485 831; x_wconf 76' lang='lat' dir='ltr'><strong>cium</strong></span> <span class='ocrx_word' id='word_1_38' title='bbox 518 780 771 827; x_wconf 85' lang='lat' dir='ltr'><strong>meretur.</strong></span> <span class='ocrx_word' id='word_1_39' title='bbox 803 768 931 823; x_wconf 77' lang='lat' dir='ltr'><strong>Nam</strong></span> <span class='ocrx_word' id='word_1_40' title='bbox 960 764 1101 835; x_wconf 89' lang='lat' dir='ltr'><strong>quod</strong></span> <span class='ocrx_word' id='word_1_41' title='bbox 1125 762 1410 823; x_wconf 87' lang='lat' dir='ltr'><strong>mendicet,</strong></span> <span class='ocrx_word' id='word_1_42' title='bbox 1449 758 1515 813; x_wconf 92' lang='lat' dir='ltr'><strong>ad</strong></span> <span class='ocrx_word' id='word_1_43' title='bbox 1542 758 1658 824; x_wconf 85' lang='lat' dir='ltr'><strong>ejus</strong></span> <span class='ocrx_word' id='word_1_44' title='bbox 1693 755 1922 824; x_wconf 85' lang='lat' dir='ltr'><strong>pertinet</strong></span> 
     </span>
    </p>
   </div>
   <div class='ocr_carea' id='block_1_7' title="bbox 348 847 1927 930">
    <p class='ocr_par' dir='ltr' id='par_1_7' title="bbox 348 847 1927 930">
     <span class='ocr_line' id='line_1_7' title="bbox 348 847 1927 930; baseline -0.016 -10"><span class='ocrx_word' id='word_1_45' title='bbox 348 866 658 926; x_wconf 87' lang='lat' dir='ltr'><strong>bonitatem,</strong></span> <span class='ocrx_word' id='word_1_46' title='bbox 684 878 745 917; x_wconf 90' lang='lat' dir='ltr'><strong>ac</strong></span> <span class='ocrx_word' id='word_1_47' title='bbox 768 870 983 930; x_wconf 87' lang='lat' dir='ltr'><strong>prepter</strong></span> <span class='ocrx_word' id='word_1_48' title='bbox 999 857 1099 910; x_wconf 89' lang='lat' dir='ltr'><strong>hoc</strong></span> <span class='ocrx_word' id='word_1_49' title='bbox 1121 869 1216 908; x_wconf 90' lang='lat' dir='ltr'><strong>nos</strong></span> <span class='ocrx_word' id='word_1_50' title='bbox 1235 852 1446 923; x_wconf 81' lang='lat' dir='ltr'><strong>gloriari</strong></span> <span class='ocrx_word' id='word_1_51' title='bbox 1473 864 1568 917; x_wconf 92' lang='lat' dir='ltr'><strong>par</strong></span> <span class='ocrx_word' id='word_1_52' title='bbox 1587 857 1668 902; x_wconf 71' lang='lat' dir='ltr'><strong>est</strong></span> <span class='ocrx_word' id='word_1_53' title='bbox 1693 863 1705 899; x_wconf 90' lang='lat'><strong>:</strong></span> <span class='ocrx_word' id='word_1_54' title='bbox 1735 847 1778 900; x_wconf 89' lang='lat' dir='ltr'><strong>si</strong></span> <span class='ocrx_word' id='word_1_55' title='bbox 1801 860 1927 899; x_wconf 88' lang='lat' dir='ltr'><strong>vero</strong></span> 
     </span>
    </p>
   </div>
   <div class='ocr_carea' id='block_1_8' title="bbox 350 942 1926 1016">
    <p class='ocr_par' dir='ltr' id='par_1_8' title="bbox 350 942 1926 1016">
     <span class='ocr_line' id='line_1_8' title="bbox 350 942 1926 1016; baseline -0.015 -3"><span class='ocrx_word' id='word_1_56' title='bbox 350 975 454 1013; x_wconf 91' lang='lat' dir='ltr'><strong>non</strong></span> <span class='ocrx_word' id='word_1_57' title='bbox 485 956 721 1016; x_wconf 86' lang='lat' dir='ltr'><strong>dederis,</strong></span> <span class='ocrx_word' id='word_1_58' title='bbox 756 964 859 1006; x_wconf 73' lang='lat' dir='ltr'><strong>tua:</strong></span> <span class='ocrx_word' id='word_1_59' title='bbox 890 952 992 1005; x_wconf 89' lang='lat' dir='ltr'><strong>erit</strong></span> <span class='ocrx_word' id='word_1_60' title='bbox 1020 946 1367 1002; x_wconf 71' lang='lat' dir='ltr'><strong>crudelitatis.</strong></span> <span class='ocrx_word' id='word_1_61' title='bbox 1400 942 1550 1011; x_wconf 86' lang='lat' dir='ltr'><strong>Quod</strong></span> <span class='ocrx_word' id='word_1_62' title='bbox 1579 942 1622 995; x_wconf 88' lang='lat' dir='ltr'><strong>si</strong></span> <span class='ocrx_word' id='word_1_63' title='bbox 1652 956 1791 993; x_wconf 83' lang='lat' dir='ltr'><strong>nunc</strong></span> <span class='ocrx_word' id='word_1_64' title='bbox 1822 955 1926 991; x_wconf 90' lang='lat' dir='ltr'><strong>non</strong></span> 
     </span>
    </p>
   </div>
   <div class='ocr_carea' id='block_1_9' title="bbox 347 1029 1927 1112">
    <p class='ocr_par' dir='ltr' id='par_1_9' title="bbox 347 1029 1927 1112">
     <span class='ocr_line' id='line_1_9' title="bbox 347 1029 1927 1112; baseline -0.015 -11"><span class='ocrx_word' id='word_1_65' title='bbox 347 1049 536 1104; x_wconf 81' lang='lat' dir='ltr'><strong>eredas</strong></span> <span class='ocrx_word' id='word_1_66' title='bbox 565 1056 636 1110; x_wconf 88' lang='lat' dir='ltr'><strong>te,</strong></span> <span class='ocrx_word' id='word_1_67' title='bbox 661 1059 780 1100; x_wconf 91' lang='lat' dir='ltr'><strong>cum</strong></span> <span class='ocrx_word' id='word_1_68' title='bbox 805 1055 1091 1112; x_wconf 82' lang='lat' dir='ltr'><strong>pauperem</strong></span> <span class='ocrx_word' id='word_1_69' title='bbox 1115 1036 1323 1091; x_wconf 88' lang='lat' dir='ltr'><strong>ﬁdelem</strong></span> <span class='ocrx_word' id='word_1_70' title='bbox 1353 1043 1630 1104; x_wconf 63' lang='lat' dir='ltr'><strong>printer-cur</strong></span> <span class='ocrx_word' id='word_1_71' title='bbox 1644 1030 1734 1090; x_wconf 82' lang='lat' dir='ltr'><strong>ris,</strong></span> <span class='ocrx_word' id='word_1_72' title='bbox 1757 1029 1927 1096; x_wconf 78' lang='lat' dir='ltr'><strong>ipsum</strong></span> 
     </span>
    </p>
   </div>
   <div class='ocr_carea' id='block_1_10' title="bbox 350 1119 1927 1208">
    <p class='ocr_par' dir='ltr' id='par_1_10' title="bbox 350 1119 1927 1208">
     <span class='ocr_line' id='line_1_10' title="bbox 350 1119 1927 1208; baseline -0.016 -15"><span class='ocrx_word' id='word_1_73' title='bbox 350 1148 784 1208; x_wconf 63' lang='lat' dir='ltr'><strong>prastercnrrere,</strong></span> <span class='ocrx_word' id='word_1_74' title='bbox 812 1143 935 1186; x_wconf 89' lang='lat' dir='ltr'><strong>tunc</strong></span> <span class='ocrx_word' id='word_1_75' title='bbox 960 1128 1146 1183; x_wconf 89' lang='lat' dir='ltr'><strong>credes</strong></span> <span class='ocrx_word' id='word_1_76' title='bbox 1174 1141 1294 1179; x_wconf 89' lang='lat' dir='ltr'><strong>cttm</strong></span> <span class='ocrx_word' id='word_1_77' title='bbox 1333 1134 1383 1177; x_wconf 92' lang='lat' dir='ltr'><strong>te</strong></span> <span class='ocrx_word' id='word_1_78' title='bbox 1415 1123 1464 1176; x_wconf 93' lang='lat' dir='ltr'><strong>in</strong></span> <span class='ocrx_word' id='word_1_79' title='bbox 1505 1120 1681 1174; x_wconf 89' lang='lat' dir='ltr'><strong>medio</strong></span> <span class='ocrx_word' id='word_1_80' title='bbox 1718 1119 1927 1171; x_wconf 88' lang='lat' dir='ltr'><strong>illortttn</strong></span> 
     </span>
    </p>
   </div>
   <div class='ocr_carea' id='block_1_11' title="bbox 353 1214 1932 1300">
    <p class='ocr_par' dir='ltr' id='par_1_11' title="bbox 353 1214 1932 1300">
     <span class='ocr_line' id='line_1_11' title="bbox 353 1214 1932 1300; baseline -0.014 -15"><span class='ocrx_word' id='word_1_81' title='bbox 353 1230 631 1300; x_wconf 89' lang='lat' dir='ltr'><strong>producto,</strong></span> <span class='ocrx_word' id='word_1_82' title='bbox 671 1227 810 1280; x_wconf 93' lang='lat' dir='ltr'><strong>dicct</strong></span> <span class='ocrx_word' id='word_1_83' title='bbox 837 1243 849 1279; x_wconf 92' lang='lat'>:</span> <span class='ocrx_word' id='word_1_84' title='bbox 878 1223 945 1276; x_wconf 87' lang='lat' dir='ltr'><strong>In</strong></span> <span class='ocrx_word' id='word_1_85' title='bbox 988 1230 1231 1291; x_wconf 82' lang='lat' dir='ltr'><strong>quantum</strong></span> <span class='ocrx_word' id='word_1_86' title='bbox 1269 1218 1345 1270; x_wconf 86' lang='lat' dir='ltr'><strong>Itis</strong></span> <span class='ocrx_word' id='word_1_87' title='bbox 1384 1233 1483 1269; x_wconf 88' lang='lat' dir='ltr'><strong>non</strong></span> <span class='ocrx_word' id='word_1_88' title='bbox 1528 1214 1733 1285; x_wconf 74' lang='lat' dir='ltr'><strong>fecistis,</strong></span> <span class='ocrx_word' id='word_1_89' title='bbox 1774 1226 1932 1279; x_wconf 81' lang='lat' dir='ltr'><strong>neque</strong></span> 
     </span>
    </p>
   </div>
   <div class='ocr_carea' id='block_1_12' title="bbox 354 1301 1931 1391">
    <p class='ocr_par' dir='ltr' id='par_1_12' title="bbox 354 1301 1931 1391">
     <span class='ocr_line' id='line_1_12' title="bbox 354 1301 1931 1391; baseline -0.013 -16"><span class='ocrx_word' id='word_1_90' title='bbox 354 1322 476 1375; x_wconf 83' lang='lat' dir='ltr'><strong>mihi</strong></span> <span class='ocrx_word' id='word_1_91' title='bbox 505 1320 715 1391; x_wconf 71' lang='lat' dir='ltr'><strong>feriatis.</strong></span> <span class='ocrx_word' id='word_1_92' title='bbox 757 1316 862 1372; x_wconf 90' lang='lat' dir='ltr'><strong>Sed</strong></span> <span class='ocrx_word' id='word_1_93' title='bbox 900 1313 1038 1368; x_wconf 88' lang='lat' dir='ltr'><strong>absit</strong></span> <span class='ocrx_word' id='word_1_94' title='bbox 1067 1322 1121 1365; x_wconf 87' lang='lat' dir='ltr'><strong>ttt</strong></span> <span class='ocrx_word' id='word_1_95' title='bbox 1155 1325 1249 1364; x_wconf 88' lang='lat' dir='ltr'><strong>vos</strong></span> <span class='ocrx_word' id='word_1_96' title='bbox 1292 1308 1420 1362; x_wconf 92' lang='lat' dir='ltr'><strong>illud</strong></span> <span class='ocrx_word' id='word_1_97' title='bbox 1456 1309 1525 1360; x_wconf 90' lang='lat' dir='ltr'><strong>ita</strong></span> <span class='ocrx_word' id='word_1_98' title='bbox 1565 1305 1804 1369; x_wconf 89' lang='lat' dir='ltr'><strong>discatis,</strong></span> <span class='ocrx_word' id='word_1_99' title='bbox 1837 1301 1931 1356; x_wconf 86' lang='lat' dir='ltr'><strong>sed</strong></span> 
     </span>
    </p>
   </div>
   <div class='ocr_carea' id='block_1_13' title="bbox 358 1396 1931 1469">
    <p class='ocr_par' dir='ltr' id='par_1_13' title="bbox 358 1396 1931 1469">
     <span class='ocr_line' id='line_1_13' title="bbox 358 1396 1931 1469; baseline -0.012 -3"><span class='ocrx_word' id='word_1_100' title='bbox 358 1414 558 1466; x_wconf 89' lang='lat' dir='ltr'><strong>utinam</strong></span> <span class='ocrx_word' id='word_1_101' title='bbox 583 1424 721 1464; x_wconf 91' lang='lat' dir='ltr'><strong>nunc</strong></span> <span class='ocrx_word' id='word_1_102' title='bbox 745 1408 1044 1469; x_wconf 89' lang='lat' dir='ltr'><strong>credentes,</strong></span> <span class='ocrx_word' id='word_1_103' title='bbox 1071 1412 1126 1458; x_wconf 91' lang='lat' dir='ltr'><strong>et</strong></span> <span class='ocrx_word' id='word_1_104' title='bbox 1153 1402 1546 1462; x_wconf 86' lang='lat' dir='ltr'><strong>fructiﬁcantes,</strong></span> <span class='ocrx_word' id='word_1_105' title='bbox 1571 1396 1931 1453; x_wconf 80' lang='lat' dir='ltr'><strong>beatissimam</strong></span> 
     </span>
    </p>
   </div>
   <div class='ocr_carea' id='block_1_14' title="bbox 359 1486 1931 1565">
    <p class='ocr_par' dir='ltr' id='par_1_14' title="bbox 359 1486 1931 1565">
     <span class='ocr_line' id='line_1_14' title="bbox 359 1486 1931 1565; baseline -0.015 -6"><span class='ocrx_word' id='word_1_106' title='bbox 359 1508 501 1560; x_wconf 87' lang='lat' dir='ltr'><strong>illatn</strong></span> <span class='ocrx_word' id='word_1_107' title='bbox 530 1501 756 1557; x_wconf 77' lang='lat' dir='ltr'><strong>audiatis</strong></span> <span class='ocrx_word' id='word_1_108' title='bbox 783 1514 987 1563; x_wconf 87' lang='lat' dir='ltr'><strong>vocem,</strong></span> <span class='ocrx_word' id='word_1_109' title='bbox 1020 1511 1137 1565; x_wconf 77' lang='lat' dir='ltr'><strong>qua:</strong></span> <span class='ocrx_word' id='word_1_110' title='bbox 1165 1508 1259 1547; x_wconf 89' lang='lat' dir='ltr'><strong>vos</strong></span> <span class='ocrx_word' id='word_1_111' title='bbox 1285 1493 1335 1545; x_wconf 88' lang='lat' dir='ltr'><strong>itt</strong></span> <span class='ocrx_word' id='word_1_112' title='bbox 1365 1504 1585 1555; x_wconf 76' lang='lat' dir='ltr'><strong>regnum</strong></span> <span class='ocrx_word' id='word_1_113' title='bbox 1612 1486 1931 1541; x_wconf 86' lang='lat' dir='ltr'><strong>introducat.</strong></span> 
     </span>
    </p>
   </div>
   <div class='ocr_carea' id='block_1_15' title="bbox 358 1574 1936 1656">
    <p class='ocr_par' dir='ltr' id='par_1_15' title="bbox 358 1574 1936 1656">
     <span class='ocr_line' id='line_1_15' title="bbox 358 1574 1936 1656; baseline -0.014 -7"><span class='ocrx_word' id='word_1_114' title='bbox 358 1596 556 1651; x_wconf 75' lang='lat' dir='ltr'><strong>Verum</strong></span> <span class='ocrx_word' id='word_1_115' title='bbox 594 1593 736 1647; x_wconf 84' lang='lat' dir='ltr'><strong>dicet</strong></span> <span class='ocrx_word' id='word_1_116' title='bbox 772 1592 997 1643; x_wconf 79' lang='lat' dir='ltr'><strong>fortasse</strong></span> <span class='ocrx_word' id='word_1_117' title='bbox 1041 1584 1301 1656; x_wconf 82' lang='lat' dir='ltr'><strong>quispiam</strong></span> <span class='ocrx_word' id='word_1_118' title='bbox 1342 1598 1356 1634; x_wconf 93' lang='lat'>:</span> <span class='ocrx_word' id='word_1_119' title='bbox 1398 1578 1647 1647; x_wconf 83' lang='lat' dir='ltr'><strong>Quotidie</strong></span> <span class='ocrx_word' id='word_1_120' title='bbox 1679 1576 1832 1630; x_wconf 89' lang='lat' dir='ltr'><strong>nobis</strong></span> <span class='ocrx_word' id='word_1_121' title='bbox 1868 1574 1936 1629; x_wconf 90' lang='lat' dir='ltr'><strong>de</strong></span> 
     </span>
    </p>
   </div>
   <div class='ocr_carea' id='block_1_16' title="bbox 360 1667 1935 1757">
    <p class='ocr_par' dir='ltr' id='par_1_16' title="bbox 360 1667 1935 1757">
     <span class='ocr_line' id='line_1_16' title="bbox 360 1667 1935 1757; baseline -0.016 -14"><span class='ocrx_word' id='word_1_122' title='bbox 360 1691 697 1757; x_wconf 84' lang='lat' dir='ltr'><strong>eleemosyna</strong></span> <span class='ocrx_word' id='word_1_123' title='bbox 743 1692 797 1737; x_wconf 89' lang='lat' dir='ltr'><strong>et</strong></span> <span class='ocrx_word' id='word_1_124' title='bbox 843 1677 1204 1736; x_wconf 89' lang='lat' dir='ltr'><strong>misericordia</strong></span> <span class='ocrx_word' id='word_1_125' title='bbox 1256 1675 1497 1730; x_wconf 88' lang='lat' dir='ltr'><strong>disseris.</strong></span> <span class='ocrx_word' id='word_1_126' title='bbox 1551 1671 1731 1738; x_wconf 72' lang='lat' dir='ltr'><strong>Neque</strong></span> <span class='ocrx_word' id='word_1_127' title='bbox 1778 1667 1935 1721; x_wconf 88' lang='lat' dir='ltr'><strong>fluctu</strong></span> 
     </span>
    </p>
   </div>
   <div class='ocr_carea' id='block_1_17' title="bbox 360 1765 1936 1835">
    <p class='ocr_par' dir='ltr' id='par_1_17' title="bbox 360 1765 1936 1835">
     <span class='ocr_line' id='line_1_17' title="bbox 360 1765 1936 1835; baseline -0.014 -1"><span class='ocrx_word' id='word_1_128' title='bbox 360 1777 572 1834; x_wconf 84' lang='lat' dir='ltr'><strong>dicendi</strong></span> <span class='ocrx_word' id='word_1_129' title='bbox 596 1776 805 1830; x_wconf 84' lang='lat' dir='ltr'><strong>faciant.</strong></span> <span class='ocrx_word' id='word_1_130' title='bbox 841 1770 1058 1827; x_wconf 77' lang='lat' dir='ltr'><strong>Etiamsi</strong></span> <span class='ocrx_word' id='word_1_131' title='bbox 1088 1770 1228 1823; x_wconf 86' lang='lat' dir='ltr'><strong>enim</strong></span> <span class='ocrx_word' id='word_1_132' title='bbox 1253 1783 1314 1821; x_wconf 91' lang='lat' dir='ltr'><strong>ea</strong></span> <span class='ocrx_word' id='word_1_133' title='bbox 1346 1765 1484 1835; x_wconf 87' lang='lat' dir='ltr'><strong>apud</strong></span> <span class='ocrx_word' id='word_1_134' title='bbox 1512 1778 1604 1818; x_wconf 90' lang='lat' dir='ltr'><strong>vos</strong></span> <span class='ocrx_word' id='word_1_135' title='bbox 1640 1771 1784 1817; x_wconf 88' lang='lat' dir='ltr'><strong>recte</strong></span> <span class='ocrx_word' id='word_1_136' title='bbox 1812 1773 1936 1829; x_wconf 88' lang='lat' dir='ltr'><strong>pro-</strong></span> 
     </span>
    </p>
   </div>
   <div class='ocr_carea' id='block_1_18' title="bbox 362 1852 1938 1935">
    <p class='ocr_par' dir='ltr' id='par_1_18' title="bbox 362 1852 1938 1935">
     <span class='ocr_line' id='line_1_18' title="bbox 362 1852 1938 1935; baseline -0.013 -11"><span class='ocrx_word' id='word_1_137' title='bbox 362 1870 634 1933; x_wconf 79' lang='lat' dir='ltr'><strong>cederent,</strong></span> <span class='ocrx_word' id='word_1_138' title='bbox 669 1880 841 1935; x_wconf 89' lang='lat' dir='ltr'><strong>neque</strong></span> <span class='ocrx_word' id='word_1_139' title='bbox 868 1874 993 1917; x_wconf 92' lang='lat' dir='ltr'><strong>tunc</strong></span> <span class='ocrx_word' id='word_1_140' title='bbox 1015 1856 1378 1915; x_wconf 87' lang='lat' dir='ltr'><strong>desistendum</strong></span> <span class='ocrx_word' id='word_1_141' title='bbox 1408 1864 1566 1917; x_wconf 89' lang='lat' dir='ltr'><strong>esset,</strong></span> <span class='ocrx_word' id='word_1_142' title='bbox 1601 1870 1668 1908; x_wconf 88' lang='lat' dir='ltr'><strong>ne</strong></span> <span class='ocrx_word' id='word_1_143' title='bbox 1694 1852 1814 1906; x_wconf 89' lang='lat' dir='ltr'><strong>hinc</strong></span> <span class='ocrx_word' id='word_1_144' title='bbox 1843 1865 1938 1905; x_wconf 84' lang='lat' dir='ltr'><strong>ne-</strong></span> 
     </span>
    </p>
   </div>
   <div class='ocr_carea' id='block_1_19' title="bbox 363 1945 1943 2028">
    <p class='ocr_par' dir='ltr' id='par_1_19' title="bbox 363 1945 1943 2028">
     <span class='ocr_line' id='line_1_19' title="bbox 363 1945 1943 2028; baseline -0.013 -15"><span class='ocrx_word' id='word_1_145' title='bbox 363 1958 704 2028; x_wconf 76' lang='lat' dir='ltr'><strong>gligentiores</strong></span> <span class='ocrx_word' id='word_1_146' title='bbox 744 1952 1061 2008; x_wconf 86' lang='lat' dir='ltr'><strong>cvaderetis.</strong></span> <span class='ocrx_word' id='word_1_147' title='bbox 1096 1951 1341 2003; x_wconf 85' lang='lat' dir='ltr'><strong>Attamen</strong></span> <span class='ocrx_word' id='word_1_148' title='bbox 1379 1946 1421 1999; x_wconf 92' lang='lat' dir='ltr'><strong>si</strong></span> <span class='ocrx_word' id='word_1_149' title='bbox 1464 1945 1597 1999; x_wconf 90' lang='lat' dir='ltr'><strong>bene</strong></span> <span class='ocrx_word' id='word_1_150' title='bbox 1633 1957 1718 1997; x_wconf 89' lang='lat' dir='ltr'><strong>res</strong></span> <span class='ocrx_word' id='word_1_151' title='bbox 1757 1956 1943 2010; x_wconf 86' lang='lat' dir='ltr'><strong>proce-</strong></span> 
     </span>
    </p>
   </div>
   <div class='ocr_carea' id='block_1_20' title="bbox 364 2030 1940 2116">
    <p class='ocr_par' dir='ltr' id='par_1_20' title="bbox 364 2030 1940 2116">
     <span class='ocr_line' id='line_1_20' title="bbox 364 2030 1940 2116; baseline -0.016 -9"><span class='ocrx_word' id='word_1_152' title='bbox 364 2052 536 2116; x_wconf 74' lang='lat' dir='ltr'><strong>deret,</strong></span> <span class='ocrx_word' id='word_1_153' title='bbox 568 2048 743 2103; x_wconf 92' lang='lat' dir='ltr'><strong>minus</strong></span> <span class='ocrx_word' id='word_1_154' title='bbox 770 2046 1022 2098; x_wconf 88' lang='lat' dir='ltr'><strong>instaretn</strong></span> <span class='ocrx_word' id='word_1_155' title='bbox 1048 2042 1124 2095; x_wconf 85' lang='lat' dir='ltr'><strong>:si</strong></span> <span class='ocrx_word' id='word_1_156' title='bbox 1154 2054 1283 2093; x_wconf 87' lang='lat' dir='ltr'><strong>vero</strong></span> <span class='ocrx_word' id='word_1_157' title='bbox 1304 2052 1371 2091; x_wconf 92' lang='lat' dir='ltr'><strong>ne</strong></span> <span class='ocrx_word' id='word_1_158' title='bbox 1390 2036 1457 2090; x_wconf 87' lang='lat' dir='ltr'><strong>ad</strong></span> <span class='ocrx_word' id='word_1_159' title='bbox 1476 2034 1705 2088; x_wconf 89' lang='lat' dir='ltr'><strong>tncdinm</strong></span> <span class='ocrx_word' id='word_1_160' title='bbox 1728 2030 1940 2101; x_wconf 84' lang='lat' dir='ltr'><strong>quidem</strong></span> 
     </span>
    </p>
   </div>
   <div class='ocr_carea' id='block_1_21' title="bbox 328 2121 1942 2209">
    <p class='ocr_par' dir='ltr' id='par_1_21' title="bbox 328 2121 1942 2209">
     <span class='ocr_line' id='line_1_21' title="bbox 328 2121 1942 2209; baseline -0.011 -17"><span class='ocrx_word' id='word_1_161' title='bbox 328 2176 333 2183; x_wconf 70' lang='lat'><strong>.</strong></span> <span class='ocrx_word' id='word_1_162' title='bbox 383 2140 717 2209; x_wconf 70' lang='lat' dir='ltr'><strong>pervenistis,</strong></span> <span class='ocrx_word' id='word_1_163' title='bbox 745 2153 812 2191; x_wconf 93' lang='lat' dir='ltr'><strong>ne</strong></span> <span class='ocrx_word' id='word_1_164' title='bbox 842 2135 989 2196; x_wconf 90' lang='lat' dir='ltr'><strong>mihi,</strong></span> <span class='ocrx_word' id='word_1_165' title='bbox 1012 2131 1105 2188; x_wconf 91' lang='lat' dir='ltr'><strong>sed</strong></span> <span class='ocrx_word' id='word_1_166' title='bbox 1136 2130 1282 2185; x_wconf 80' lang='lat' dir='ltr'><strong>vobis</strong></span> <span class='ocrx_word' id='word_1_167' title='bbox 1310 2128 1437 2199; x_wconf 85' lang='lat' dir='ltr'><strong>ipsis</strong></span> <span class='ocrx_word' id='word_1_168' title='bbox 1463 2127 1512 2181; x_wconf 89' lang='lat' dir='ltr'><strong>id</strong></span> <span class='ocrx_word' id='word_1_169' title='bbox 1552 2124 1785 2193; x_wconf 82' lang='lat' dir='ltr'><strong>oltjicite.</strong></span> <span class='ocrx_word' id='word_1_170' title='bbox 1810 2121 1942 2175; x_wconf 82' lang='lat' dir='ltr'><strong>Nam</strong></span> 
     </span>
    </p>
   </div>
   <div class='ocr_carea' id='block_1_22' title="bbox 326 2212 1943 2304">
    <p class='ocr_par' dir='ltr' id='par_1_22' title="bbox 326 2212 1943 2304">
     <span class='ocr_line' id='line_1_22' title="bbox 326 2212 1943 2304; baseline -0.015 -15"><span class='ocrx_word' id='word_1_171' title='bbox 326 2224 334 2256; x_wconf 72' lang='grc'><strong><em>³</em></strong></span> <span class='ocrx_word' id='word_1_172' title='bbox 378 2232 597 2304; x_wconf 83' lang='lat' dir='ltr'><strong>perinde</strong></span> <span class='ocrx_word' id='word_1_173' title='bbox 637 2231 784 2294; x_wconf 90' lang='lat' dir='ltr'><strong>facis,</strong></span> <span class='ocrx_word' id='word_1_174' title='bbox 816 2229 940 2283; x_wconf 92' lang='lat' dir='ltr'><strong>dum</strong></span> <span class='ocrx_word' id='word_1_175' title='bbox 972 2222 1335 2295; x_wconf 86' lang='lat' dir='ltr'><strong>conquereris,</strong></span> <span class='ocrx_word' id='word_1_176' title='bbox 1365 2229 1523 2289; x_wconf 92' lang='lat' dir='ltr'><strong>atque</strong></span> <span class='ocrx_word' id='word_1_177' title='bbox 1559 2217 1600 2271; x_wconf 91' lang='lat' dir='ltr'><strong>si</strong></span> <span class='ocrx_word' id='word_1_178' title='bbox 1636 2231 1766 2285; x_wconf 90' lang='lat' dir='ltr'><strong>pucr</strong></span> <span class='ocrx_word' id='word_1_179' title='bbox 1789 2212 1943 2284; x_wconf 89' lang='lat' dir='ltr'><strong>alpha</strong></span> 
     </span>
    </p>
   </div>
   <div class='ocr_carea' id='block_1_23' title="bbox 368 2310 1945 2393">
    <p class='ocr_par' dir='ltr' id='par_1_23' title="bbox 368 2310 1945 2393">
     <span class='ocr_line' id='line_1_23' title="bbox 368 2310 1945 2393; baseline -0.014 -12"><span class='ocrx_word' id='word_1_180' title='bbox 368 2339 511 2393; x_wconf 73' lang='lat' dir='ltr'><strong>sat-pe</strong></span> <span class='ocrx_word' id='word_1_181' title='bbox 536 2323 778 2385; x_wconf 76' lang='lat' dir='ltr'><strong>audiens,</strong></span> <span class='ocrx_word' id='word_1_182' title='bbox 807 2335 903 2374; x_wconf 90' lang='lat' dir='ltr'><strong>nec</strong></span> <span class='ocrx_word' id='word_1_183' title='bbox 928 2318 1193 2381; x_wconf 89' lang='lat' dir='ltr'><strong>ediscens,</strong></span> <span class='ocrx_word' id='word_1_184' title='bbox 1224 2312 1360 2384; x_wconf 89' lang='lat' dir='ltr'><strong>apud</strong></span> <span class='ocrx_word' id='word_1_185' title='bbox 1384 2310 1690 2381; x_wconf 86' lang='lat' dir='ltr'><strong>magistrum</strong></span> <span class='ocrx_word' id='word_1_186' title='bbox 1712 2321 1945 2376; x_wconf 87' lang='lat' dir='ltr'><strong>conque-</strong></span> 
     </span>
    </p>
   </div>
   <div class='ocr_carea' id='block_1_24' title="bbox 374 2399 1942 2483">
    <p class='ocr_par' dir='ltr' id='par_1_24' title="bbox 374 2399 1942 2483">
     <span class='ocr_line' id='line_1_24' title="bbox 374 2399 1942 2483; baseline -0.014 -13"><span class='ocrx_word' id='word_1_187' title='bbox 374 2428 602 2477; x_wconf 76' lang='lat' dir='ltr'><strong>reretur,</strong></span> <span class='ocrx_word' id='word_1_188' title='bbox 646 2416 786 2483; x_wconf 90' lang='lat' dir='ltr'><strong>quod</strong></span> <span class='ocrx_word' id='word_1_189' title='bbox 838 2410 1147 2479; x_wconf 88' lang='lat' dir='ltr'><strong>frequenter</strong></span> <span class='ocrx_word' id='word_1_190' title='bbox 1199 2420 1264 2460; x_wconf 90' lang='lat' dir='ltr'><strong>ac</strong></span> <span class='ocrx_word' id='word_1_191' title='bbox 1307 2412 1565 2474; x_wconf 90' lang='lat' dir='ltr'><strong>perpetuo</strong></span> <span class='ocrx_word' id='word_1_192' title='bbox 1606 2400 1655 2454; x_wconf 90' lang='lat' dir='ltr'><strong>id</strong></span> <span class='ocrx_word' id='word_1_193' title='bbox 1709 2399 1942 2452; x_wconf 83' lang='lat' dir='ltr'><strong>dot-cret.</strong></span> 
     </span>
    </p>
   </div>
   <div class='ocr_carea' id='block_1_25' title="bbox 374 2485 1947 2575">
    <p class='ocr_par' dir='ltr' id='par_1_25' title="bbox 374 2485 1947 2575">
     <span class='ocr_line' id='line_1_25' title="bbox 374 2485 1947 2575; baseline -0.013 -15"><span class='ocrx_word' id='word_1_194' title='bbox 374 2508 503 2575; x_wconf 89' lang='lat' dir='ltr'><strong>Quis</strong></span> <span class='ocrx_word' id='word_1_195' title='bbox 544 2506 683 2560; x_wconf 90' lang='lat' dir='ltr'><strong>enim</strong></span> <span class='ocrx_word' id='word_1_196' title='bbox 730 2519 795 2557; x_wconf 78' lang='lat' dir='ltr'><strong>ex</strong></span> <span class='ocrx_word' id='word_1_197' title='bbox 837 2501 1016 2555; x_wconf 78' lang='lat' dir='ltr'><strong>verbis</strong></span> <span class='ocrx_word' id='word_1_198' title='bbox 1060 2497 1191 2552; x_wconf 90' lang='lat' dir='ltr'><strong>meis</strong></span> <span class='ocrx_word' id='word_1_199' title='bbox 1223 2496 1390 2551; x_wconf 90' lang='lat' dir='ltr'><strong>factus</strong></span> <span class='ocrx_word' id='word_1_200' title='bbox 1426 2502 1510 2548; x_wconf 92' lang='lat' dir='ltr'><strong>est</strong></span> <span class='ocrx_word' id='word_1_201' title='bbox 1547 2489 1843 2559; x_wconf 73' lang='lat' dir='ltr'><strong>expeditior</strong></span> <span class='ocrx_word' id='word_1_202' title='bbox 1880 2485 1947 2540; x_wconf 90' lang='lat' dir='ltr'><strong>ad</strong></span> 
     </span>
    </p>
   </div>
   <div class='ocr_carea' id='block_1_26' title="bbox 373 2582 1948 2668">
    <p class='ocr_par' dir='ltr' id='par_1_26' title="bbox 373 2582 1948 2668">
     <span class='ocr_line' id='line_1_26' title="bbox 373 2582 1948 2668; baseline -0.012 -16"><span class='ocrx_word' id='word_1_203' title='bbox 373 2600 766 2668; x_wconf 84' lang='lat' dir='ltr'><strong>eleemosynatn</strong></span> <span class='ocrx_word' id='word_1_204' title='bbox 790 2593 1056 2649; x_wconf 89' lang='lat' dir='ltr'><strong>dandam?</strong></span> <span class='ocrx_word' id='word_1_205' title='bbox 1084 2591 1202 2661; x_wconf 89' lang='lat' dir='ltr'><strong>quis</strong></span> <span class='ocrx_word' id='word_1_206' title='bbox 1250 2586 1501 2659; x_wconf 88' lang='lat' dir='ltr'><strong>pecunias</strong></span> <span class='ocrx_word' id='word_1_207' title='bbox 1538 2582 1801 2654; x_wconf 89' lang='lat' dir='ltr'><strong>profudit?</strong></span> <span class='ocrx_word' id='word_1_208' title='bbox 1829 2583 1948 2650; x_wconf 89' lang='lat' dir='ltr'><strong>quis</strong></span> 
     </span>
    </p>
   </div>
   <div class='ocr_carea' id='block_1_27' title="bbox 374 2671 1948 2757">
    <p class='ocr_par' dir='ltr' id='par_1_27' title="bbox 374 2671 1948 2757">
     <span class='ocr_line' id='line_1_27' title="bbox 374 2671 1948 2757; baseline -0.013 -14"><span class='ocrx_word' id='word_1_209' title='bbox 374 2691 649 2745; x_wconf 87' lang='lat' dir='ltr'><strong>dimidium</strong></span> <span class='ocrx_word' id='word_1_210' title='bbox 697 2703 893 2757; x_wconf 81' lang='lat' dir='ltr'><strong>epum,</strong></span> <span class='ocrx_word' id='word_1_211' title='bbox 953 2685 1071 2755; x_wconf 90' lang='lat' dir='ltr'><strong>quis</strong></span> <span class='ocrx_word' id='word_1_212' title='bbox 1125 2683 1333 2737; x_wconf 88' lang='lat' dir='ltr'><strong>terti.nn</strong></span> <span class='ocrx_word' id='word_1_213' title='bbox 1387 2690 1589 2749; x_wconf 88' lang='lat' dir='ltr'><strong>partem</strong></span> <span class='ocrx_word' id='word_1_214' title='bbox 1643 2671 1948 2730; x_wconf 76' lang='lat' dir='ltr'><strong>distribuit?</strong></span> 
     </span>
    </p>
   </div>
   <div class='ocr_carea' id='block_1_28' title="bbox 374 2765 1950 2845">
    <p class='ocr_par' dir='ltr' id='par_1_28' title="bbox 374 2765 1950 2845">
     <span class='ocr_line' id='line_1_28' title="bbox 374 2765 1950 2845; baseline -0.013 -7"><span class='ocrx_word' id='word_1_215' title='bbox 374 2783 565 2837; x_wconf 79' lang='lat' dir='ltr'><strong>Nemo.</strong></span> <span class='ocrx_word' id='word_1_216' title='bbox 593 2777 872 2845; x_wconf 85' lang='lat' dir='ltr'><strong>Quomodo</strong></span> <span class='ocrx_word' id='word_1_217' title='bbox 894 2790 1021 2843; x_wconf 85' lang='lat' dir='ltr'><strong>ergo</strong></span> <span class='ocrx_word' id='word_1_218' title='bbox 1047 2771 1332 2827; x_wconf 90' lang='lat' dir='ltr'><strong>absurdum</strong></span> <span class='ocrx_word' id='word_1_219' title='bbox 1365 2785 1468 2823; x_wconf 92' lang='lat' dir='ltr'><strong>non</strong></span> <span class='ocrx_word' id='word_1_220' title='bbox 1493 2767 1671 2830; x_wconf 89' lang='lat' dir='ltr'><strong>fuerit,</strong></span> <span class='ocrx_word' id='word_1_221' title='bbox 1698 2765 1824 2820; x_wconf 87' lang='lat' dir='ltr'><strong>dtttn</strong></span> <span class='ocrx_word' id='word_1_222' title='bbox 1856 2778 1950 2817; x_wconf 89' lang='lat' dir='ltr'><strong>vos</strong></span> 
     </span>
    </p>
   </div>
   <div class='ocr_carea' id='block_1_29' title="bbox 378 2856 1951 2935">
    <p class='ocr_par' dir='ltr' id='par_1_29' title="bbox 378 2856 1951 2935">
     <span class='ocr_line' id='line_1_29' title="bbox 378 2856 1951 2935; baseline -0.012 -9"><span class='ocrx_word' id='word_1_223' title='bbox 378 2888 483 2926; x_wconf 92' lang='lat' dir='ltr'><strong>non</strong></span> <span class='ocrx_word' id='word_1_224' title='bbox 505 2870 729 2932; x_wconf 84' lang='lat' dir='ltr'><strong>discitis,</strong></span> <span class='ocrx_word' id='word_1_225' title='bbox 756 2868 944 2935; x_wconf 87' lang='lat' dir='ltr'><strong>jubere</strong></span> <span class='ocrx_word' id='word_1_226' title='bbox 971 2880 1067 2919; x_wconf 88' lang='lat' dir='ltr'><strong>ttos</strong></span> <span class='ocrx_word' id='word_1_227' title='bbox 1091 2880 1118 2915; x_wconf 88' lang='lat' dir='ltr'><strong>a</strong></span> <span class='ocrx_word' id='word_1_228' title='bbox 1149 2860 1389 2916; x_wconf 90' lang='lat' dir='ltr'><strong>docendo</strong></span> <span class='ocrx_word' id='word_1_229' title='bbox 1420 2856 1720 2912; x_wconf 86' lang='lat' dir='ltr'><strong>absistere?</strong></span> <span class='ocrx_word' id='word_1_230' title='bbox 1753 2856 1951 2909; x_wconf 84' lang='lat' dir='ltr'><strong>Contra</strong></span> 
     </span>
    </p>
   </div>
   <div class='ocr_carea' id='block_1_30' title="bbox 377 2948 1952 3017">
    <p class='ocr_par' dir='ltr' id='par_1_30' title="bbox 377 2948 1952 3017">
     <span class='ocr_line' id='line_1_30' title="bbox 377 2948 1952 3017; baseline -0.012 -1"><span class='ocrx_word' id='word_1_231' title='bbox 377 2961 678 3017; x_wconf 82' lang='lat' dir='ltr'><strong>faciendum</strong></span> <span class='ocrx_word' id='word_1_232' title='bbox 725 2967 866 3012; x_wconf 90' lang='lat' dir='ltr'><strong>esset</strong></span> <span class='ocrx_word' id='word_1_233' title='bbox 900 2972 912 3008; x_wconf 92' lang='lat'>:</span> <span class='ocrx_word' id='word_1_234' title='bbox 947 2956 989 3008; x_wconf 91' lang='lat' dir='ltr'><strong>si</strong></span> <span class='ocrx_word' id='word_1_235' title='bbox 1046 2969 1143 3009; x_wconf 89' lang='lat' dir='ltr'><strong>nos</strong></span> <span class='ocrx_word' id='word_1_236' title='bbox 1190 2952 1451 3005; x_wconf 90' lang='lat' dir='ltr'><strong>absistere</strong></span> <span class='ocrx_word' id='word_1_237' title='bbox 1508 2948 1802 3010; x_wconf 80' lang='lat' dir='ltr'><strong>vellemus,</strong></span> <span class='ocrx_word' id='word_1_238' title='bbox 1857 2960 1952 2997; x_wconf 90' lang='lat' dir='ltr'><strong>vos</strong></span> 
     </span>
    </p>
   </div>
   <div class='ocr_carea' id='block_1_31' title="bbox 378 3035 1951 3123">
    <p class='ocr_par' dir='ltr' id='par_1_31' title="bbox 378 3035 1951 3123">
     <span class='ocr_line' id='line_1_31' title="bbox 378 3035 1951 3123; baseline -0.016 -14"><span class='ocrx_word' id='word_1_239' title='bbox 378 3061 652 3123; x_wconf 64' lang='lat' dir='ltr'><strong>Oportet-et</strong></span> <span class='ocrx_word' id='word_1_240' title='bbox 680 3050 909 3103; x_wconf 89' lang='lat' dir='ltr'><strong>retinere</strong></span> <span class='ocrx_word' id='word_1_241' title='bbox 930 3060 990 3100; x_wconf 91' lang='lat' dir='ltr'><strong>ac</strong></span> <span class='ocrx_word' id='word_1_242' title='bbox 1010 3045 1223 3099; x_wconf 84' lang='lat' dir='ltr'><strong>dicere:</strong></span> <span class='ocrx_word' id='word_1_243' title='bbox 1244 3039 1487 3096; x_wconf 83' lang='lat' dir='ltr'><strong>Nondum</strong></span> <span class='ocrx_word' id='word_1_244' title='bbox 1510 3037 1621 3091; x_wconf 74' lang='lat' dir='ltr'><strong>lnec</strong></span> <span class='ocrx_word' id='word_1_245' title='bbox 1648 3035 1951 3097; x_wconf 86' lang='lat' dir='ltr'><strong>didicimus,</strong></span> 
     </span>
    </p>
   </div>
   <div class='ocr_carea' id='block_1_32' title="bbox 379 3126 1955 3200">
    <p class='ocr_par' dir='ltr' id='par_1_32' title="bbox 379 3126 1955 3200">
     <span class='ocr_line' id='line_1_32' title="bbox 379 3126 1955 3200; baseline -0.014 -2"><span class='ocrx_word' id='word_1_246' title='bbox 379 3154 434 3197; x_wconf 82' lang='lat' dir='ltr'><strong>et</strong></span> <span class='ocrx_word' id='word_1_247' title='bbox 459 3159 555 3197; x_wconf 88' lang='lat' dir='ltr'><strong>cur</strong></span> <span class='ocrx_word' id='word_1_248' title='bbox 582 3156 612 3195; x_wconf 85' lang='lat' dir='ltr'><strong>a</strong></span> <span class='ocrx_word' id='word_1_249' title='bbox 639 3137 904 3194; x_wconf 90' lang='lat' dir='ltr'><strong>monendo</strong></span> <span class='ocrx_word' id='word_1_250' title='bbox 928 3134 1219 3191; x_wconf 88' lang='lat' dir='ltr'><strong>desistitis?</strong></span> <span class='ocrx_word' id='word_1_251' title='bbox 1246 3132 1300 3188; x_wconf 88' lang='lat' dir='ltr'><strong>Si</strong></span> <span class='ocrx_word' id='word_1_252' title='bbox 1328 3131 1446 3200; x_wconf 89' lang='lat' dir='ltr'><strong>quis</strong></span> <span class='ocrx_word' id='word_1_253' title='bbox 1472 3128 1609 3183; x_wconf 82' lang='lat' dir='ltr'><strong>oculi</strong></span> <span class='ocrx_word' id='word_1_254' title='bbox 1648 3126 1955 3180; x_wconf 79' lang='lat' dir='ltr'><strong>inﬁrmitate</strong></span> 
     </span>
    </p>
   </div>
   <div class='ocr_carea' id='block_1_33' title="bbox 381 3218 1959 3299">
    <p class='ocr_par' dir='ltr' id='par_1_33' title="bbox 381 3218 1959 3299">
     <span class='ocr_line' id='line_1_33' title="bbox 381 3218 1959 3299; baseline -0.013 -12"><span class='ocrx_word' id='word_1_255' title='bbox 381 3235 665 3298; x_wconf 83' lang='lat' dir='ltr'><strong>laboraret,</strong></span> <span class='ocrx_word' id='word_1_256' title='bbox 693 3238 747 3285; x_wconf 92' lang='lat' dir='ltr'><strong>et</strong></span> <span class='ocrx_word' id='word_1_257' title='bbox 784 3243 883 3299; x_wconf 86' lang='lat' dir='ltr'><strong>ego</strong></span> <span class='ocrx_word' id='word_1_258' title='bbox 921 3226 1161 3281; x_wconf 90' lang='lat' dir='ltr'><strong>medicus</strong></span> <span class='ocrx_word' id='word_1_259' title='bbox 1198 3238 1394 3286; x_wconf 84' lang='lat' dir='ltr'><strong>essem,</strong></span> <span class='ocrx_word' id='word_1_260' title='bbox 1425 3222 1467 3274; x_wconf 79' lang='lat' dir='ltr'><strong>si</strong></span> <span class='ocrx_word' id='word_1_261' title='bbox 1507 3218 1818 3288; x_wconf 88' lang='lat' dir='ltr'><strong>emplastro,</strong></span> <span class='ocrx_word' id='word_1_262' title='bbox 1862 3232 1959 3268; x_wconf 90' lang='lat' dir='ltr'><strong>un-</strong></span> 
     </span>
    </p>
   </div>
   <div class='ocr_carea' id='block_1_34' title="bbox 381 3306 1956 3392">
    <p class='ocr_par' dir='ltr' id='par_1_34' title="bbox 381 3306 1956 3392">
     <span class='ocr_line' id='line_1_34' title="bbox 381 3306 1956 3392; baseline -0.012 -13"><span class='ocrx_word' id='word_1_263' title='bbox 381 3326 580 3387; x_wconf 86' lang='lat' dir='ltr'><strong>ctione,</strong></span> <span class='ocrx_word' id='word_1_264' title='bbox 621 3321 837 3392; x_wconf 81' lang='lat' dir='ltr'><strong>reliquis</strong></span> <span class='ocrx_word' id='word_1_265' title='bbox 880 3317 1129 3373; x_wconf 90' lang='lat' dir='ltr'><strong>remediis</strong></span> <span class='ocrx_word' id='word_1_266' title='bbox 1164 3314 1438 3372; x_wconf 87' lang='lat' dir='ltr'><strong>adhibitis.</strong></span> <span class='ocrx_word' id='word_1_267' title='bbox 1486 3327 1670 3382; x_wconf 72' lang='lat' dir='ltr'><strong>parum</strong></span> <span class='ocrx_word' id='word_1_268' title='bbox 1726 3306 1956 3378; x_wconf 82' lang='lat' dir='ltr'><strong>profuis-</strong></span> 
     </span>
    </p>
   </div>
   <div class='ocr_carea' id='block_1_35' title="bbox 382 3398 1953 3477">
    <p class='ocr_par' dir='ltr' id='par_1_35' title="bbox 382 3398 1953 3477">
     <span class='ocr_line' id='line_1_35' title="bbox 382 3398 1953 3477; baseline -0.012 -8"><span class='ocrx_word' id='word_1_269' title='bbox 382 3431 516 3477; x_wconf 84' lang='lat' dir='ltr'><strong>sent,</strong></span> <span class='ocrx_word' id='word_1_270' title='bbox 550 3423 604 3467; x_wconf 93' lang='lat' dir='ltr'><strong>et</strong></span> <span class='ocrx_word' id='word_1_271' title='bbox 640 3413 844 3466; x_wconf 74' lang='lat' dir='ltr'><strong>abit-em</strong></span> <span class='ocrx_word' id='word_1_272' title='bbox 876 3422 1090 3463; x_wconf 90' lang='lat' dir='ltr'><strong>:anuon</strong></span> <span class='ocrx_word' id='word_1_273' title='bbox 1121 3406 1185 3460; x_wconf 89' lang='lat' dir='ltr'><strong>ad</strong></span> <span class='ocrx_word' id='word_1_274' title='bbox 1214 3404 1442 3459; x_wconf 65' lang='lat' dir='ltr'><strong>ofﬁcina:</strong></span> <span class='ocrx_word' id='word_1_275' title='bbox 1475 3404 1613 3455; x_wconf 87' lang='lat' dir='ltr'><strong>fores</strong></span> <span class='ocrx_word' id='word_1_276' title='bbox 1655 3398 1953 3461; x_wconf 81' lang='lat' dir='ltr'><strong>accederet,</strong></span> 
     </span>
    </p>
   </div>
   <div class='ocr_carea' id='block_1_36' title="bbox 384 3496 1957 3573">
    <p class='ocr_par' dir='ltr' id='par_1_36' title="bbox 384 3496 1957 3573">
     <span class='ocr_line' id='line_1_36' title="bbox 384 3496 1957 3573; baseline -0.011 -11"><span class='ocrx_word' id='word_1_277' title='bbox 384 3508 659 3570; x_wconf 83' lang='lat' dir='ltr'><strong>clamaret,</strong></span> <span class='ocrx_word' id='word_1_278' title='bbox 700 3517 888 3573; x_wconf 89' lang='lat' dir='ltr'><strong>meque</strong></span> <span class='ocrx_word' id='word_1_279' title='bbox 936 3500 1003 3555; x_wconf 91' lang='lat' dir='ltr'><strong>de</strong></span> <span class='ocrx_word' id='word_1_280' title='bbox 1048 3498 1245 3569; x_wconf 75' lang='lat' dir='ltr'><strong>ingenti</strong></span> <span class='ocrx_word' id='word_1_281' title='bbox 1297 3496 1611 3564; x_wconf 71' lang='lat' dir='ltr'><strong>negligentia</strong></span> <span class='ocrx_word' id='word_1_282' title='bbox 1662 3500 1957 3557; x_wconf 86' lang='lat' dir='ltr'><strong>accusaret,</strong></span> 
     </span>
    </p>
   </div>
   <div class='ocr_carea' id='block_1_37' title="bbox 388 3586 1961 3668">
    <p class='ocr_par' dir='ltr' id='par_1_37' title="bbox 388 3586 1961 3668">
     <span class='ocr_line' id='line_1_37' title="bbox 388 3586 1961 3668; baseline -0.01 -17"><span class='ocrx_word' id='word_1_283' title='bbox 388 3597 527 3668; x_wconf 89' lang='lat' dir='ltr'><strong>quod</strong></span> <span class='ocrx_word' id='word_1_284' title='bbox 558 3604 932 3666; x_wconf 76' lang='lat' dir='ltr'><strong>perseverante</strong></span> <span class='ocrx_word' id='word_1_285' title='bbox 961 3592 1148 3646; x_wconf 90' lang='lat' dir='ltr'><strong>morbo</strong></span> <span class='ocrx_word' id='word_1_286' title='bbox 1185 3588 1563 3644; x_wconf 89' lang='lat' dir='ltr'><strong>recessissem?</strong></span> <span class='ocrx_word' id='word_1_287' title='bbox 1588 3597 1642 3640; x_wconf 91' lang='lat' dir='ltr'><strong>et</strong></span> <span class='ocrx_word' id='word_1_288' title='bbox 1668 3586 1711 3638; x_wconf 81' lang='lat' dir='ltr'><strong>si</strong></span> <span class='ocrx_word' id='word_1_289' title='bbox 1742 3599 1961 3639; x_wconf 85' lang='lat' dir='ltr'><strong>accusa-</strong></span> 
     </span>
    </p>
   </div>
   <div class='ocr_carea' id='block_1_38' title="bbox 390 3678 1959 3759">
    <p class='ocr_par' dir='ltr' id='par_1_38' title="bbox 390 3678 1959 3759">
     <span class='ocr_line' id='line_1_38' title="bbox 390 3678 1959 3759; baseline -0.011 -14"><span class='ocrx_word' id='word_1_290' title='bbox 390 3703 473 3745; x_wconf 90' lang='lat' dir='ltr'><strong>tus</strong></span> <span class='ocrx_word' id='word_1_291' title='bbox 515 3688 894 3759; x_wconf 85' lang='lat' dir='ltr'><strong>responderem</strong></span> <span class='ocrx_word' id='word_1_292' title='bbox 932 3702 946 3739; x_wconf 89' lang='lat'>:</span> <span class='ocrx_word' id='word_1_293' title='bbox 991 3684 1322 3753; x_wconf 86' lang='lat' dir='ltr'><strong>Cataplasma</strong></span> <span class='ocrx_word' id='word_1_294' title='bbox 1365 3679 1609 3750; x_wconf 80' lang='lat' dir='ltr'><strong>apposui,</strong></span> <span class='ocrx_word' id='word_1_295' title='bbox 1654 3678 1800 3743; x_wconf 77' lang='lat' dir='ltr'><strong>unxi,</strong></span> <span class='ocrx_word' id='word_1_296' title='bbox 1836 3693 1959 3730; x_wconf 92' lang='lat' dir='ltr'><strong>num</strong></span> 
     </span>
    </p>
   </div>
   <div class='ocr_carea' id='block_1_39' title="bbox 390 3768 1961 3841">
    <p class='ocr_par' dir='ltr' id='par_1_39' title="bbox 390 3768 1961 3841">
     <span class='ocr_line' id='line_1_39' title="bbox 390 3768 1961 3841; baseline -0.01 -4"><span class='ocrx_word' id='word_1_297' title='bbox 390 3783 517 3837; x_wconf 86' lang='lat' dir='ltr'><strong>illud</strong></span> <span class='ocrx_word' id='word_1_298' title='bbox 562 3781 756 3835; x_wconf 85' lang='lat' dir='ltr'><strong>ferret?</strong></span> <span class='ocrx_word' id='word_1_299' title='bbox 788 3779 1022 3841; x_wconf 77' lang='lat' dir='ltr'><strong>Minime,</strong></span> <span class='ocrx_word' id='word_1_300' title='bbox 1053 3774 1147 3831; x_wconf 87' lang='lat' dir='ltr'><strong>sed</strong></span> <span class='ocrx_word' id='word_1_301' title='bbox 1175 3774 1354 3829; x_wconf 87' lang='lat' dir='ltr'><strong>statim</strong></span> <span class='ocrx_word' id='word_1_302' title='bbox 1388 3774 1588 3827; x_wconf 87' lang='lat' dir='ltr'><strong>diceret</strong></span> <span class='ocrx_word' id='word_1_303' title='bbox 1622 3789 1635 3824; x_wconf 86' lang='lat'><strong>:</strong></span> <span class='ocrx_word' id='word_1_304' title='bbox 1675 3770 1804 3836; x_wconf 82' lang='lat' dir='ltr'><strong>Qua:</strong></span> <span class='ocrx_word' id='word_1_305' title='bbox 1832 3768 1961 3822; x_wconf 89' lang='lat' dir='ltr'><strong>mihi</strong></span> 
     </span>
    </p>
   </div>
   <div class='ocr_carea' id='block_1_40' title="bbox 395 3859 1963 3935">
    <p class='ocr_par' dir='ltr' id='par_1_40' title="bbox 395 3859 1963 3935">
     <span class='ocr_line' id='line_1_40' title="bbox 395 3859 1963 3935; baseline -0.01 -9"><span class='ocrx_word' id='word_1_306' title='bbox 395 3875 516 3927; x_wconf 90' lang='lat' dir='ltr'><strong>hinc</strong></span> <span class='ocrx_word' id='word_1_307' title='bbox 552 3872 770 3935; x_wconf 81' lang='lat' dir='ltr'><strong>utilitas,</strong></span> <span class='ocrx_word' id='word_1_308' title='bbox 803 3868 928 3923; x_wconf 87' lang='lat' dir='ltr'><strong>dum</strong></span> <span class='ocrx_word' id='word_1_309' title='bbox 968 3866 1110 3923; x_wconf 72' lang='lat' dir='ltr'><strong>male</strong></span> <span class='ocrx_word' id='word_1_310' title='bbox 1137 3864 1373 3920; x_wconf 83' lang='lat' dir='ltr'><strong>afﬁcior?</strong></span> <span class='ocrx_word' id='word_1_311' title='bbox 1416 3863 1645 3931; x_wconf 88' lang='lat' dir='ltr'><strong>ldipsutn</strong></span> <span class='ocrx_word' id='word_1_312' title='bbox 1691 3860 1758 3914; x_wconf 87' lang='lat' dir='ltr'><strong>dc</strong></span> <span class='ocrx_word' id='word_1_313' title='bbox 1787 3859 1963 3913; x_wconf 89' lang='lat' dir='ltr'><strong>anitna</strong></span> 
     </span>
    </p>
   </div>
   <div class='ocr_carea' id='block_1_41' title="bbox 392 3956 1963 4034">
    <p class='ocr_par' dir='ltr' id='par_1_41' title="bbox 392 3956 1963 4034">
     <span class='ocr_line' id='line_1_41' title="bbox 392 3956 1963 4034; baseline -0.007 -19"><span class='ocrx_word' id='word_1_314' title='bbox 392 3966 644 4034; x_wconf 71' lang='lat' dir='ltr'><strong>cogitato.</strong></span> <span class='ocrx_word' id='word_1_315' title='bbox 676 3962 837 4029; x_wconf 89' lang='lat' dir='ltr'><strong>Qttid,</strong></span> <span class='ocrx_word' id='word_1_316' title='bbox 861 3962 905 4014; x_wconf 87' lang='lat' dir='ltr'><strong>si</strong></span> <span class='ocrx_word' id='word_1_317' title='bbox 932 3974 1143 4013; x_wconf 89' lang='lat' dir='ltr'><strong>manum</strong></span> <span class='ocrx_word' id='word_1_318' title='bbox 1171 3956 1455 4021; x_wconf 85' lang='lat' dir='ltr'><strong>infirmam,</strong></span> <span class='ocrx_word' id='word_1_319' title='bbox 1487 3963 1806 4025; x_wconf 88' lang='lat' dir='ltr'><strong>torpentem,</strong></span> <span class='ocrx_word' id='word_1_320' title='bbox 1830 3966 1963 4006; x_wconf 85' lang='lat' dir='ltr'><strong>con-</strong></span> 
     </span>
    </p>
   </div>
   <div class='ocr_carea' id='block_1_42' title="bbox 375 4039 1957 4120">
    <p class='ocr_par' dir='ltr' id='par_1_42' title="bbox 375 4039 1957 4120">
     <span class='ocr_line' id='line_1_42' title="bbox 375 4039 1957 4120; baseline -0.015 -9"><span class='ocrx_word' id='word_1_321' title='bbox 375 4067 627 4118; x_wconf 82' lang='lat' dir='ltr'><strong>tractam,</strong></span> <span class='ocrx_word' id='word_1_322' title='bbox 671 4067 815 4120; x_wconf 68' lang='lat' dir='ltr'><strong>saepe</strong></span> <span class='ocrx_word' id='word_1_323' title='bbox 860 4052 1253 4103; x_wconf 87' lang='lat' dir='ltr'><strong>fomentatione</strong></span> <span class='ocrx_word' id='word_1_324' title='bbox 1288 4060 1486 4099; x_wconf 70' lang='lat' dir='ltr'><strong>curans</strong></span> <span class='ocrx_word' id='word_1_325' title='bbox 1510 4084 1524 4104; x_wconf 90' lang='lat'><strong>,</strong></span> <span class='ocrx_word' id='word_1_326' title='bbox 1561 4039 1809 4095; x_wconf 90' lang='lat' dir='ltr'><strong>emollire</strong></span> <span class='ocrx_word' id='word_1_327' title='bbox 1848 4051 1957 4090; x_wconf 90' lang='lat' dir='ltr'><strong>non</strong></span> 
     </span>
    </p>
   </div>
   <div class='ocr_carea' id='block_1_43' title="bbox 384 4130 1961 4221">
    <p class='ocr_par' dir='ltr' id='par_1_43' title="bbox 384 4130 1961 4221">
     <span class='ocr_line' id='line_1_43' title="bbox 384 4130 1961 4221; baseline -0.015 -19"><span class='ocrx_word' id='word_1_328' title='bbox 384 4149 688 4221; x_wconf 88' lang='lat' dir='ltr'><strong>potuissem</strong></span> <span class='ocrx_word' id='word_1_329' title='bbox 712 4144 735 4196; x_wconf 85' lang='lat'><strong>?</strong></span> <span class='ocrx_word' id='word_1_330' title='bbox 760 4157 945 4196; x_wconf 91' lang='lat' dir='ltr'><strong>annon</strong></span> <span class='ocrx_word' id='word_1_331' title='bbox 965 4141 1198 4209; x_wconf 89' lang='lat' dir='ltr'><strong>idipsum</strong></span> <span class='ocrx_word' id='word_1_332' title='bbox 1219 4134 1503 4191; x_wconf 88' lang='lat' dir='ltr'><strong>audirem?</strong></span> <span class='ocrx_word' id='word_1_333' title='bbox 1532 4134 1601 4186; x_wconf 87' lang='lat' dir='ltr'><strong>At</strong></span> <span class='ocrx_word' id='word_1_334' title='bbox 1631 4145 1776 4185; x_wconf 91' lang='lat' dir='ltr'><strong>nunc</strong></span> <span class='ocrx_word' id='word_1_335' title='bbox 1798 4130 1961 4183; x_wconf 85' lang='lat' dir='ltr'><strong>etiam</strong></span> 
     </span>
    </p>
   </div>
   <div class='ocr_carea' id='block_1_44' title="bbox 388 4217 1970 4295">
    <p class='ocr_par' dir='ltr' id='par_1_44' title="bbox 388 4217 1970 4295">
     <span class='ocr_line' id='line_1_44' title="bbox 388 4217 1970 4295; baseline -0.016 0"><span class='ocrx_word' id='word_1_336' title='bbox 388 4217 611 4295; x_wconf 81' lang='lat' dir='ltr'><strong>inanum</strong></span> <span class='ocrx_word' id='word_1_337' title='bbox 679 4242 1017 4290; x_wconf 88' lang='lat' dir='ltr'><strong>contractam</strong></span> <span class='ocrx_word' id='word_1_338' title='bbox 1074 4239 1129 4285; x_wconf 90' lang='lat' dir='ltr'><strong>et</strong></span> <span class='ocrx_word' id='word_1_339' title='bbox 1176 4230 1471 4284; x_wconf 85' lang='lat' dir='ltr'><strong>arel&#39;actatn</strong></span> <span class='ocrx_word' id='word_1_340' title='bbox 1528 4224 1838 4293; x_wconf 84' lang='lat' dir='ltr'><strong>irrigatnus.</strong></span> <span class='ocrx_word' id='word_1_341' title='bbox 1902 4217 1970 4271; x_wconf 86' lang='lat' dir='ltr'><strong>Et</strong></span> 
     </span>
    </p>
   </div>
   <div class='ocr_carea' id='block_1_45' title="bbox 399 4314 1966 4383">
    <p class='ocr_par' dir='ltr' id='par_1_45' title="bbox 399 4314 1966 4383">
     <span class='ocr_line' id='line_1_45' title="bbox 399 4314 1966 4383; baseline -0.006 -7"><span class='ocrx_word' id='word_1_342' title='bbox 399 4325 538 4383; x_wconf 86' lang='lat' dir='ltr'><strong>ideo,</strong></span> <span class='ocrx_word' id='word_1_343' title='bbox 571 4322 741 4375; x_wconf 89' lang='lat' dir='ltr'><strong>donec</strong></span> <span class='ocrx_word' id='word_1_344' title='bbox 774 4319 916 4373; x_wconf 86' lang='lat' dir='ltr'><strong>illam</strong></span> <span class='ocrx_word' id='word_1_345' title='bbox 939 4326 1217 4372; x_wconf 74' lang='lat' dir='ltr'><strong>extensatn</strong></span> <span class='ocrx_word' id='word_1_346' title='bbox 1255 4314 1563 4380; x_wconf 80' lang='lat' dir='ltr'><strong>viderimus,</strong></span> <span class='ocrx_word' id='word_1_347' title='bbox 1595 4314 1821 4369; x_wconf 90' lang='lat' dir='ltr'><strong>circuire</strong></span> <span class='ocrx_word' id='word_1_348' title='bbox 1860 4330 1966 4368; x_wconf 90' lang='lat' dir='ltr'><strong>non</strong></span> 
     </span>
    </p>
   </div>
   <div class='ocr_carea' id='block_1_46' title="bbox 396 4408 1970 4477">
    <p class='ocr_par' dir='ltr' id='par_1_46' title="bbox 396 4408 1970 4477">
     <span class='ocr_line' id='line_1_46' title="bbox 396 4408 1970 4477; baseline -0.006 -8"><span class='ocrx_word' id='word_1_349' title='bbox 396 4415 736 4469; x_wconf 81' lang='lat' dir='ltr'><strong>desistennts.</strong></span> <span class='ocrx_word' id='word_1_350' title='bbox 776 4411 987 4466; x_wconf 88' lang='lat' dir='ltr'><strong>Utinam</strong></span> <span class='ocrx_word' id='word_1_351' title='bbox 1029 4419 1084 4463; x_wconf 89' lang='lat' dir='ltr'><strong>et</strong></span> <span class='ocrx_word' id='word_1_352' title='bbox 1130 4423 1224 4463; x_wconf 90' lang='lat' dir='ltr'><strong>vos</strong></span> <span class='ocrx_word' id='word_1_353' title='bbox 1265 4408 1333 4463; x_wconf 90' lang='lat' dir='ltr'><strong>de</strong></span> <span class='ocrx_word' id='word_1_354' title='bbox 1370 4408 1514 4463; x_wconf 90' lang='lat' dir='ltr'><strong>nullo</strong></span> <span class='ocrx_word' id='word_1_355' title='bbox 1548 4408 1654 4462; x_wconf 92' lang='lat' dir='ltr'><strong>alio</strong></span> <span class='ocrx_word' id='word_1_356' title='bbox 1696 4408 1970 4477; x_wconf 86' lang='lat' dir='ltr'><strong>colloqua-</strong></span> 
     </span>
    </p>
   </div>
   <div class='ocr_carea' id='block_1_47' title="bbox 400 4500 1969 4571">
    <p class='ocr_par' dir='ltr' id='par_1_47' title="bbox 400 4500 1969 4571">
     <span class='ocr_line' id='line_1_47' title="bbox 400 4500 1969 4571; baseline -0.004 -11"><span class='ocrx_word' id='word_1_357' title='bbox 400 4506 551 4571; x_wconf 87' lang='lat' dir='ltr'><strong>mini,</strong></span> <span class='ocrx_word' id='word_1_358' title='bbox 580 4503 821 4568; x_wconf 90' lang='lat' dir='ltr'><strong>ctdomi,</strong></span> <span class='ocrx_word' id='word_1_359' title='bbox 862 4511 916 4556; x_wconf 93' lang='lat' dir='ltr'><strong>et</strong></span> <span class='ocrx_word' id='word_1_360' title='bbox 947 4504 999 4555; x_wconf 91' lang='lat' dir='ltr'><strong>in</strong></span> <span class='ocrx_word' id='word_1_361' title='bbox 1039 4500 1175 4564; x_wconf 88' lang='lat' dir='ltr'><strong>foro,</strong></span> <span class='ocrx_word' id='word_1_362' title='bbox 1222 4510 1273 4554; x_wconf 90' lang='lat' dir='ltr'><strong>et</strong></span> <span class='ocrx_word' id='word_1_363' title='bbox 1305 4500 1356 4553; x_wconf 92' lang='lat' dir='ltr'><strong>in</strong></span> <span class='ocrx_word' id='word_1_364' title='bbox 1401 4515 1604 4565; x_wconf 90' lang='lat' dir='ltr'><strong>mensa,</strong></span> <span class='ocrx_word' id='word_1_365' title='bbox 1648 4508 1827 4564; x_wconf 90' lang='lat' dir='ltr'><strong>noctu,</strong></span> <span class='ocrx_word' id='word_1_366' title='bbox 1862 4500 1969 4554; x_wconf 88' lang='lat' dir='ltr'><strong>into</strong></span> 
     </span>
    </p>
   </div>
   <div class='ocr_carea' id='block_1_48' title="bbox 396 4589 1971 4664">
    <p class='ocr_par' dir='ltr' id='par_1_48' title="bbox 396 4589 1971 4664">
     <span class='ocr_line' id='line_1_48' title="bbox 396 4589 1971 4664; baseline -0.004 -14"><span class='ocrx_word' id='word_1_367' title='bbox 396 4606 449 4649; x_wconf 86' lang='lat' dir='ltr'><strong>et</strong></span> <span class='ocrx_word' id='word_1_368' title='bbox 480 4610 572 4664; x_wconf 93' lang='lat' dir='ltr'><strong>per</strong></span> <span class='ocrx_word' id='word_1_369' title='bbox 601 4592 885 4648; x_wconf 90' lang='lat' dir='ltr'><strong>somnium.</strong></span> <span class='ocrx_word' id='word_1_370' title='bbox 918 4590 1047 4644; x_wconf 86' lang='lat' dir='ltr'><strong>Nam</strong></span> <span class='ocrx_word' id='word_1_371' title='bbox 1076 4590 1120 4643; x_wconf 86' lang='lat' dir='ltr'><strong>si</strong></span> <span class='ocrx_word' id='word_1_372' title='bbox 1152 4589 1378 4643; x_wconf 85' lang='lat' dir='ltr'><strong>interdiu</strong></span> <span class='ocrx_word' id='word_1_373' title='bbox 1402 4589 1513 4643; x_wconf 59' lang='lat' dir='ltr'><strong>huic</strong></span> <span class='ocrx_word' id='word_1_374' title='bbox 1533 4590 1741 4643; x_wconf 91' lang='lat' dir='ltr'><strong>solliciti</strong></span> <span class='ocrx_word' id='word_1_375' title='bbox 1760 4604 1971 4659; x_wconf 88' lang='lat' dir='ltr'><strong>semper</strong></span> 
     </span>
    </p>
   </div>
   <div class='ocr_carea' id='block_1_49' title="bbox 401 4681 1969 4751">
    <p class='ocr_par' dir='ltr' id='par_1_49' title="bbox 401 4681 1969 4751">
     <span class='ocr_line' id='line_1_49' title="bbox 401 4681 1969 4751; baseline -0.003 -9"><span class='ocrx_word' id='word_1_376' title='bbox 401 4685 799 4747; x_wconf 81' lang='lat' dir='ltr'><strong>meditaremur,</strong></span> <span class='ocrx_word' id='word_1_377' title='bbox 829 4683 988 4736; x_wconf 90' lang='lat' dir='ltr'><strong>etiam</strong></span> <span class='ocrx_word' id='word_1_378' title='bbox 1018 4697 1113 4751; x_wconf 90' lang='lat' dir='ltr'><strong>per</strong></span> <span class='ocrx_word' id='word_1_379' title='bbox 1146 4681 1411 4734; x_wconf 87' lang='lat' dir='ltr'><strong>somnium</strong></span> <span class='ocrx_word' id='word_1_380' title='bbox 1442 4681 1492 4734; x_wconf 92' lang='lat' dir='ltr'><strong>in</strong></span> <span class='ocrx_word' id='word_1_381' title='bbox 1524 4681 1585 4734; x_wconf 91' lang='lat' dir='ltr'><strong>iis</strong></span> <span class='ocrx_word' id='word_1_382' title='bbox 1612 4696 1969 4737; x_wconf 88' lang='lat' dir='ltr'><strong>versaremur.</strong></span> 
     </span>
    </p>
   </div>
   <div class='ocr_carea' id='block_1_50' title="bbox 468 4775 1969 4846">
    <p class='ocr_par' dir='ltr' id='par_1_50' title="bbox 468 4775 1969 4846">
     <span class='ocr_line' id='line_1_50' title="bbox 468 4775 1969 4846; baseline -0.003 -14"><span class='ocrx_word' id='word_1_383' title='bbox 468 4778 522 4832; x_wconf 75' lang='grc'><strong>4.</strong></span> <span class='ocrx_word' id='word_1_384' title='bbox 577 4777 747 4844; x_wconf 84' lang='lat' dir='ltr'><strong>Quare</strong></span> <span class='ocrx_word' id='word_1_385' title='bbox 792 4776 1173 4845; x_wconf 74' lang='lat' dir='ltr'><strong>Chrysostontns</strong></span> <span class='ocrx_word' id='word_1_386' title='bbox 1208 4776 1487 4845; x_wconf 79' lang='lat' dir='ltr'><strong>frequenter</strong></span> <span class='ocrx_word' id='word_1_387' title='bbox 1523 4775 1585 4828; x_wconf 87' lang='lat' dir='ltr'><strong>de</strong></span> <span class='ocrx_word' id='word_1_388' title='bbox 1624 4776 1969 4846; x_wconf 78' lang='lat' dir='ltr'><strong>eleetnosyna,</strong></span> 
     </span>
    </p>
   </div>
   <div class='ocr_carea' id='block_1_51' title="bbox 401 4866 1972 4938">
    <p class='ocr_par' dir='ltr' id='par_1_51' title="bbox 401 4866 1972 4938">
     <span class='ocr_line' id='line_1_51' title="bbox 401 4866 1972 4938; baseline -0.001 -17"><span class='ocrx_word' id='word_1_389' title='bbox 401 4886 501 4923; x_wconf 82' lang='lat' dir='ltr'><strong>non</strong></span> <span class='ocrx_word' id='word_1_390' title='bbox 530 4880 695 4923; x_wconf 79' lang='lat' dir='ltr'><strong>autent</strong></span> <span class='ocrx_word' id='word_1_391' title='bbox 724 4868 786 4922; x_wconf 85' lang='lat' dir='ltr'><strong>de</strong></span> <span class='ocrx_word' id='word_1_392' title='bbox 813 4878 1172 4938; x_wconf 83' lang='lat' dir='ltr'><strong>pugnacentra</strong></span> <span class='ocrx_word' id='word_1_393' title='bbox 1188 4866 1843 4923; x_wconf 77' lang='lat' dir='ltr'><strong>adversariosCltristt&#39;anw</strong></span> <span class='ocrx_word' id='word_1_394' title='bbox 1857 4868 1972 4922; x_wconf 83' lang='lat' dir='ltr'><strong>reli-</strong></span> 
     </span>
    </p>
   </div>
   <div class='ocr_carea' id='block_1_52' title="bbox 396 4956 1970 5032">
    <p class='ocr_par' dir='ltr' id='par_1_52' title="bbox 396 4956 1970 5032">
     <span class='ocr_line' id='line_1_52' title="bbox 396 4956 1970 5032; baseline 0 -18"><span class='ocrx_word' id='word_1_395' title='bbox 396 4962 561 5032; x_wconf 78' lang='lat' dir='ltr'><strong>gionis</strong></span> <span class='ocrx_word' id='word_1_396' title='bbox 574 4960 706 5014; x_wconf 81' lang='lat' dir='ltr'><strong>disse</strong></span> <span class='ocrx_word' id='word_1_397' title='bbox 714 4966 814 5012; x_wconf 82' lang='lat' dir='ltr'><strong>rat.</strong></span> <span class='ocrx_word' id='word_1_398' title='bbox 827 4956 1432 5017; x_wconf 81' lang='lat' dir='ltr'><strong>ArmuCItristiunorum,</strong></span> <span class='ocrx_word' id='word_1_399' title='bbox 1443 4958 1664 5012; x_wconf 78' lang='lat' dir='ltr'><strong>virtutes.</strong></span> <span class='ocrx_word' id='word_1_400' title='bbox 1687 4957 1970 5025; x_wconf 73' lang='lat' dir='ltr'><strong>Auditorer,</strong></span> 
     </span>
    </p>
   </div>
   <div class='ocr_carea' id='block_1_53' title="bbox 400 5050 1974 5122">
    <p class='ocr_par' dir='ltr' id='par_1_53' title="bbox 400 5050 1974 5122">
     <span class='ocr_line' id='line_1_53' title="bbox 400 5050 1974 5122; baseline -0.001 -18"><span class='ocrx_word' id='word_1_401' title='bbox 400 5055 534 5122; x_wconf 75' lang='lat' dir='ltr'><strong>num!</strong></span> <span class='ocrx_word' id='word_1_402' title='bbox 563 5052 701 5104; x_wconf 84' lang='lat' dir='ltr'><strong>ntufn&#39;</strong></span> <span class='ocrx_word' id='word_1_403' title='bbox 728 5052 779 5102; x_wconf 84' lang='lat' dir='ltr'><strong>in</strong></span> <span class='ocrx_word' id='word_1_404' title='bbox 810 5050 1014 5102; x_wconf 74' lang='lat' dir='ltr'><strong>ecclesia</strong></span> <span class='ocrx_word' id='word_1_405' title='bbox 1045 5065 1144 5100; x_wconf 87' lang='lat' dir='ltr'><strong>mm</strong></span> <span class='ocrx_word' id='word_1_406' title='bbox 1184 5064 1237 5100; x_wconf 83' lang='lat' dir='ltr'><strong>se</strong></span> <span class='ocrx_word' id='word_1_407' title='bbox 1278 5058 1556 5101; x_wconf 79' lang='lat' dir='ltr'><strong>reverenter</strong></span> <span class='ocrx_word' id='word_1_408' title='bbox 1596 5060 1848 5119; x_wconf 80' lang='lat' dir='ltr'><strong>gererent,</strong></span> <span class='ocrx_word' id='word_1_409' title='bbox 1892 5052 1974 5104; x_wconf 82' lang='lat' dir='ltr'><strong>in-</strong></span> 
     </span>
    </p>
   </div>
   <div class='ocr_carea' id='block_1_54' title="bbox 402 5140 1974 5211">
    <p class='ocr_par' dir='ltr' id='par_1_54' title="bbox 402 5140 1974 5211">
     <span class='ocr_line' id='line_1_54' title="bbox 402 5140 1974 5211; baseline 0 -15"><span class='ocrx_word' id='word_1_410' title='bbox 402 5152 601 5207; x_wconf 70' lang='lat' dir='ltr'><strong>crepat,</strong></span> <span class='ocrx_word' id='word_1_411' title='bbox 659 5143 882 5210; x_wconf 69' lang='lat' dir='ltr'><strong>ipsorum</strong></span> <span class='ocrx_word' id='word_1_412' title='bbox 951 5140 1319 5192; x_wconf 78' lang='lat' dir='ltr'><strong>irreverenn&#39;ntn</strong></span> <span class='ocrx_word' id='word_1_413' title='bbox 1372 5140 1669 5195; x_wconf 74' lang='lat' dir='ltr'><strong>describens.</strong></span> <span class='ocrx_word' id='word_1_414' title='bbox 1718 5171 1791 5182; x_wconf 95' lang='lat'><strong>—</strong></span> <span class='ocrx_word' id='word_1_415' title='bbox 1838 5143 1974 5211; x_wconf 86' lang='lat' dir='ltr'><strong>Quid</strong></span> 
     </span>
    </p>
   </div>
   <div class='ocr_carea' id='block_1_55' title="bbox 402 5229 1977 5300">
    <p class='ocr_par' dir='ltr' id='par_1_55' title="bbox 402 5229 1977 5300">
     <span class='ocr_line' id='line_1_55' title="bbox 402 5229 1977 5300; baseline 0.001 -15"><span class='ocrx_word' id='word_1_416' title='bbox 402 5232 579 5286; x_wconf 86' lang='lat' dir='ltr'><strong>dicis?</strong></span> <span class='ocrx_word' id='word_1_417' title='bbox 623 5232 697 5285; x_wconf 89' lang='lat' dir='ltr'><strong>De</strong></span> <span class='ocrx_word' id='word_1_418' title='bbox 744 5231 1084 5300; x_wconf 85' lang='lat' dir='ltr'><strong>eleemosyna</strong></span> <span class='ocrx_word' id='word_1_419' title='bbox 1130 5244 1344 5297; x_wconf 86' lang='lat' dir='ltr'><strong>semper</strong></span> <span class='ocrx_word' id='word_1_420' title='bbox 1387 5229 1637 5284; x_wconf 83' lang='lat' dir='ltr'><strong>dissero?</strong></span> <span class='ocrx_word' id='word_1_421' title='bbox 1669 5230 1871 5287; x_wconf 82' lang='lat' dir='ltr'><strong>Vellem</strong></span> <span class='ocrx_word' id='word_1_422' title='bbox 1923 5242 1977 5287; x_wconf 89' lang='lat' dir='ltr'><strong>et</strong></span> 
     </span>
    </p>
   </div>
   <div class='ocr_carea' id='block_1_56' title="bbox 401 5319 1972 5390">
    <p class='ocr_par' dir='ltr' id='par_1_56' title="bbox 401 5319 1972 5390">
     <span class='ocr_line' id='line_1_56' title="bbox 401 5319 1972 5390; baseline 0.004 -20"><span class='ocrx_word' id='word_1_423' title='bbox 401 5337 502 5390; x_wconf 68' lang='grc' dir='ltr'><strong>νει)</strong></span> <span class='ocrx_word' id='word_1_424' title='bbox 529 5319 825 5389; x_wconf 85' lang='lat' dir='ltr'><strong>lntjustnodi</strong></span> <span class='ocrx_word' id='word_1_425' title='bbox 857 5319 1225 5372; x_wconf 84' lang='lat' dir='ltr'><strong>adhortatione</strong></span> <span class='ocrx_word' id='word_1_426' title='bbox 1246 5319 1371 5372; x_wconf 86' lang='lat' dir='ltr'><strong>nihil</strong></span> <span class='ocrx_word' id='word_1_427' title='bbox 1401 5321 1539 5390; x_wconf 82' lang='lat' dir='ltr'><strong>apud</strong></span> <span class='ocrx_word' id='word_1_428' title='bbox 1564 5332 1656 5373; x_wconf 81' lang='lat' dir='ltr'><strong>vos</strong></span> <span class='ocrx_word' id='word_1_429' title='bbox 1679 5337 1813 5390; x_wconf 91' lang='lat' dir='ltr'><strong>opus</strong></span> <span class='ocrx_word' id='word_1_430' title='bbox 1832 5336 1972 5389; x_wconf 90' lang='lat' dir='ltr'><strong>esse,</strong></span> 
     </span>
    </p>
   </div>
   <div class='ocr_carea' id='block_1_57' title="bbox 400 5410 1971 5482">
    <p class='ocr_par' dir='ltr' id='par_1_57' title="bbox 400 5410 1971 5482">
     <span class='ocr_line' id='line_1_57' title="bbox 400 5410 1971 5482; baseline 0.004 -20"><span class='ocrx_word' id='word_1_431' title='bbox 400 5411 494 5465; x_wconf 84' lang='lat' dir='ltr'><strong>sed</strong></span> <span class='ocrx_word' id='word_1_432' title='bbox 516 5412 777 5465; x_wconf 85' lang='lat' dir='ltr'><strong>disserere</strong></span> <span class='ocrx_word' id='word_1_433' title='bbox 801 5411 867 5463; x_wconf 91' lang='lat' dir='ltr'><strong>de</strong></span> <span class='ocrx_word' id='word_1_434' title='bbox 889 5425 1057 5480; x_wconf 89' lang='lat' dir='ltr'><strong>pugna</strong></span> <span class='ocrx_word' id='word_1_435' title='bbox 1080 5421 1260 5464; x_wconf 86' lang='lat' dir='ltr'><strong>centra</strong></span> <span class='ocrx_word' id='word_1_436' title='bbox 1281 5410 1513 5474; x_wconf 74' lang='lat' dir='ltr'><strong>Judzeos,</strong></span> <span class='ocrx_word' id='word_1_437' title='bbox 1528 5421 1708 5466; x_wconf 91' lang='lat' dir='ltr'><strong>contra</strong></span> <span class='ocrx_word' id='word_1_438' title='bbox 1727 5415 1971 5482; x_wconf 75' lang='lat' dir='ltr'><strong>gentiles,</strong></span> 
     </span>
    </p>
   </div>
   <div class='ocr_carea' id='block_1_58' title="bbox 405 5500 1976 5572">
    <p class='ocr_par' dir='ltr' id='par_1_58' title="bbox 405 5500 1976 5572">
     <span class='ocr_line' id='line_1_58' title="bbox 405 5500 1976 5572; baseline 0.006 -22"><span class='ocrx_word' id='word_1_439' title='bbox 405 5510 589 5553; x_wconf 78' lang='lat' dir='ltr'><strong>contra</strong></span> <span class='ocrx_word' id='word_1_440' title='bbox 621 5501 900 5554; x_wconf 76' lang='lat' dir='ltr'><strong>lia-retices</strong></span> <span class='ocrx_word' id='word_1_441' title='bbox 933 5518 945 5552; x_wconf 89' lang='lat'><strong>:</strong></span> <span class='ocrx_word' id='word_1_442' title='bbox 978 5502 1071 5553; x_wconf 89' lang='lat' dir='ltr'><strong>sed</strong></span> <span class='ocrx_word' id='word_1_443' title='bbox 1100 5500 1329 5556; x_wconf 90' lang='lat' dir='ltr'><strong>nondum</strong></span> <span class='ocrx_word' id='word_1_444' title='bbox 1358 5503 1598 5558; x_wconf 85' lang='lat' dir='ltr'><strong>valentes</strong></span> <span class='ocrx_word' id='word_1_445' title='bbox 1624 5505 1742 5572; x_wconf 84' lang='lat' dir='ltr'><strong>quis</strong></span> <span class='ocrx_word' id='word_1_446' title='bbox 1767 5521 1976 5560; x_wconf 89' lang='lat' dir='ltr'><strong>armare</strong></span> 
     </span>
    </p>
   </div>
   <div class='ocr_carea' id='block_1_59' title="bbox 407 5590 1976 5667">
    <p class='ocr_par' dir='ltr' id='par_1_59' title="bbox 407 5590 1976 5667">
     <span class='ocr_line' id='line_1_59' title="bbox 407 5590 1976 5667; baseline 0.008 -27"><span class='ocrx_word' id='word_1_447' title='bbox 407 5590 608 5659; x_wconf 79' lang='lat' dir='ltr'><strong>possit?</strong></span> <span class='ocrx_word' id='word_1_448' title='bbox 656 5591 921 5658; x_wconf 88' lang='lat' dir='ltr'><strong>quomodo</strong></span> <span class='ocrx_word' id='word_1_449' title='bbox 965 5593 1013 5645; x_wconf 90' lang='lat' dir='ltr'><strong>in</strong></span> <span class='ocrx_word' id='word_1_450' title='bbox 1058 5593 1224 5647; x_wconf 85' lang='lat' dir='ltr'><strong>aciem</strong></span> <span class='ocrx_word' id='word_1_451' title='bbox 1254 5592 1482 5649; x_wconf 90' lang='lat' dir='ltr'><strong>educere</strong></span> <span class='ocrx_word' id='word_1_452' title='bbox 1522 5595 1695 5649; x_wconf 89' lang='lat' dir='ltr'><strong>adhuc</strong></span> <span class='ocrx_word' id='word_1_453' title='bbox 1722 5597 1888 5667; x_wconf 72' lang='lat' dir='ltr'><strong>plagis</strong></span> <span class='ocrx_word' id='word_1_454' title='bbox 1923 5607 1976 5653; x_wconf 86' lang='lat' dir='ltr'><strong>et</strong></span> 
     </span>
    </p>
   </div>
   <div class='ocr_carea' id='block_1_60' title="bbox 423 5680 1971 5757">
    <p class='ocr_par' dir='ltr' id='par_1_60' title="bbox 423 5680 1971 5757">
     <span class='ocr_line' id='line_1_60' title="bbox 423 5680 1971 5757; baseline 0.008 -25"><span class='ocrx_word' id='word_1_455' title='bbox 423 5680 727 5735; x_wconf 83' lang='lat' dir='ltr'><strong>vulneribus</strong></span> <span class='ocrx_word' id='word_1_456' title='bbox 752 5683 1053 5739; x_wconf 78' lang='lat' dir='ltr'><strong>sauciatos?</strong></span> <span class='ocrx_word' id='word_1_457' title='bbox 1083 5688 1135 5741; x_wconf 86' lang='lat' dir='ltr'><strong>Si</strong></span> <span class='ocrx_word' id='word_1_458' title='bbox 1170 5703 1261 5741; x_wconf 85' lang='lat' dir='ltr'><strong>vos</strong></span> <span class='ocrx_word' id='word_1_459' title='bbox 1292 5687 1426 5742; x_wconf 88' lang='lat' dir='ltr'><strong>bene</strong></span> <span class='ocrx_word' id='word_1_460' title='bbox 1455 5689 1689 5745; x_wconf 86' lang='lat' dir='ltr'><strong>valentes</strong></span> <span class='ocrx_word' id='word_1_461' title='bbox 1716 5690 1971 5757; x_wconf 81' lang='lat' dir='ltr'><strong>viderem,</strong></span> 
     </span>
    </p>
   </div>
   <div class='ocr_carea' id='block_1_61' title="bbox 1078 268 2875 339">
    <p class='ocr_par' dir='ltr' id='par_1_61' title="bbox 1078 268 2875 339">
     <span class='ocr_line' id='line_1_61' title="bbox 1078 268 2875 339; baseline -0.007 0"><span class='ocrx_word' id='word_1_462' title='bbox 1078 284 1130 339; x_wconf 89' lang='lat' dir='ltr'><strong>S.</strong></span> <span class='ocrx_word' id='word_1_463' title='bbox 1171 280 1446 338; x_wconf 60' lang='lat' dir='ltr'><strong>JOANNIS</strong></span> <span class='ocrx_word' id='word_1_464' title='bbox 1483 269 1952 333; x_wconf 73' lang='lat' dir='ltr'><strong>CIIRYSOSTOMI</strong></span> <span class='ocrx_word' id='word_1_465' title='bbox 1992 268 2308 325; x_wconf 74' lang='lat' dir='ltr'><strong>ABCIIIEP.</strong></span> <span class='ocrx_word' id='word_1_466' title='bbox 2347 271 2875 328; x_wconf 68' lang='lat' dir='ltr'><strong>CONSTANTINOP.</strong></span> 
     </span>
    </p>
   </div>
   <div class='ocr_carea' id='block_1_62' title="bbox 3503 276 3609 333">
    <p class='ocr_par' dir='ltr' id='par_1_62' title="bbox 3503 276 3609 333">
     <span class='ocr_line' id='line_1_62' title="bbox 3503 276 3609 333; baseline 0.038 -5"><span class='ocrx_word' id='word_1_467' title='bbox 3503 276 3609 333; x_wconf 73' lang='lat'><strong>780</strong></span> 
     </span>
    </p>
   </div>
   <div class='ocr_carea' id='block_1_63' title="bbox 2018 381 3607 458">
    <p class='ocr_par' dir='ltr' id='par_1_63' title="bbox 2018 381 3607 458">
     <span class='ocr_line' id='line_1_63' title="bbox 2018 381 3607 458; baseline 0.007 -24"><span class='ocrx_word' id='word_1_468' title='bbox 2018 381 2128 453; x_wconf 78' lang='lat' dir='ltr'><strong>jam</strong></span> <span class='ocrx_word' id='word_1_469' title='bbox 2160 400 2211 438; x_wconf 90' lang='lat' dir='ltr'><strong>tn</strong></span> <span class='ocrx_word' id='word_1_470' title='bbox 2241 386 2411 440; x_wconf 85' lang='lat' dir='ltr'><strong>aciem</strong></span> <span class='ocrx_word' id='word_1_471' title='bbox 2444 386 2586 440; x_wconf 90' lang='lat' dir='ltr'><strong>illam</strong></span> <span class='ocrx_word' id='word_1_472' title='bbox 2614 386 2917 441; x_wconf 80' lang='lat' dir='ltr'><strong>ednxissem</strong></span> <span class='ocrx_word' id='word_1_473' title='bbox 2938 428 2952 456; x_wconf 90' lang='lat'><strong>,</strong></span> <span class='ocrx_word' id='word_1_474' title='bbox 3000 396 3156 456; x_wconf 90' lang='lat' dir='ltr'><strong>atque</strong></span> <span class='ocrx_word' id='word_1_475' title='bbox 3199 385 3393 443; x_wconf 88' lang='lat' dir='ltr'><strong>Christi</strong></span> <span class='ocrx_word' id='word_1_476' title='bbox 3438 390 3607 458; x_wconf 84' lang='lat' dir='ltr'><strong>gratia</strong></span> 
     </span>
    </p>
   </div>
   <div class='ocr_carea' id='block_1_64' title="bbox 2026 476 3608 548">
    <p class='ocr_par' dir='ltr' id='par_1_64' title="bbox 2026 476 3608 548">
     <span class='ocr_line' id='line_1_64' title="bbox 2026 476 3608 548; baseline 0.002 -17"><span class='ocrx_word' id='word_1_477' title='bbox 2026 476 2142 531; x_wconf 80' lang='lat' dir='ltr'><strong>fulti</strong></span> <span class='ocrx_word' id='word_1_478' title='bbox 2194 487 2424 548; x_wconf 77' lang='lat' dir='ltr'><strong>stragem</strong></span> <span class='ocrx_word' id='word_1_479' title='bbox 2474 480 2739 534; x_wconf 88' lang='lat' dir='ltr'><strong>vidisselis</strong></span> <span class='ocrx_word' id='word_1_480' title='bbox 2800 480 3199 535; x_wconf 90' lang='lat' dir='ltr'><strong>innumerorum</strong></span> <span class='ocrx_word' id='word_1_481' title='bbox 3246 481 3608 545; x_wconf 82' lang='lat' dir='ltr'><strong>cadaverum,</strong></span> 
     </span>
    </p>
   </div>
   <div class='ocr_carea' id='block_1_65' title="bbox 2026 568 3613 642">
    <p class='ocr_par' dir='ltr' id='par_1_65' title="bbox 2026 568 3613 642">
     <span class='ocr_line' id='line_1_65' title="bbox 2026 568 3613 642; baseline 0.003 -20"><span class='ocrx_word' id='word_1_482' title='bbox 2026 568 2297 638; x_wconf 80' lang='lat' dir='ltr'><strong>multaque</strong></span> <span class='ocrx_word' id='word_1_483' title='bbox 2340 569 2497 623; x_wconf 88' lang='lat' dir='ltr'><strong>allata</strong></span> <span class='ocrx_word' id='word_1_484' title='bbox 2541 585 2725 624; x_wconf 87' lang='lat' dir='ltr'><strong>eorum</strong></span> <span class='ocrx_word' id='word_1_485' title='bbox 2773 570 2966 639; x_wconf 90' lang='lat' dir='ltr'><strong>capita.</strong></span> <span class='ocrx_word' id='word_1_486' title='bbox 3019 570 3075 625; x_wconf 92' lang='lat' dir='ltr'><strong>ln</strong></span> <span class='ocrx_word' id='word_1_487' title='bbox 3124 572 3243 624; x_wconf 88' lang='lat' dir='ltr'><strong>aliis</strong></span> <span class='ocrx_word' id='word_1_488' title='bbox 3269 586 3430 642; x_wconf 83' lang='lat' dir='ltr'><strong>perm</strong></span> <span class='ocrx_word' id='word_1_489' title='bbox 3462 572 3613 627; x_wconf 88' lang='lat' dir='ltr'><strong>libris</strong></span> 
     </span>
    </p>
   </div>
   <div class='ocr_carea' id='block_1_66' title="bbox 2030 660 3612 733">
    <p class='ocr_par' dir='ltr' id='par_1_66' title="bbox 2030 660 3612 733">
     <span class='ocr_line' id='line_1_66' title="bbox 2030 660 3612 733; baseline 0.003 -19"><span class='ocrx_word' id='word_1_490' title='bbox 2030 661 2190 715; x_wconf 86' lang='lat' dir='ltr'><strong>multa</strong></span> <span class='ocrx_word' id='word_1_491' title='bbox 2224 660 2322 716; x_wconf 92' lang='lat' dir='ltr'><strong>hac</strong></span> <span class='ocrx_word' id='word_1_492' title='bbox 2364 661 2430 716; x_wconf 88' lang='lat' dir='ltr'><strong>de</strong></span> <span class='ocrx_word' id='word_1_493' title='bbox 2459 678 2515 716; x_wconf 89' lang='lat' dir='ltr'><strong>re</strong></span> <span class='ocrx_word' id='word_1_494' title='bbox 2549 662 2778 717; x_wconf 82' lang='lat' dir='ltr'><strong>diximus</strong></span> <span class='ocrx_word' id='word_1_495' title='bbox 2810 680 2821 716; x_wconf 90' lang='lat'><strong>:</strong></span> <span class='ocrx_word' id='word_1_496' title='bbox 2855 663 2948 717; x_wconf 90' lang='lat' dir='ltr'><strong>sed</strong></span> <span class='ocrx_word' id='word_1_497' title='bbox 2993 678 3165 733; x_wconf 90' lang='lat' dir='ltr'><strong>neque</strong></span> <span class='ocrx_word' id='word_1_498' title='bbox 3194 664 3269 717; x_wconf 88' lang='lat' dir='ltr'><strong>sic</strong></span> <span class='ocrx_word' id='word_1_499' title='bbox 3302 664 3459 731; x_wconf 82' lang='lat' dir='ltr'><strong>plane</strong></span> <span class='ocrx_word' id='word_1_500' title='bbox 3488 680 3612 733; x_wconf 85' lang='lat' dir='ltr'><strong>pos-</strong></span> 
     </span>
    </p>
   </div>
   <div class='ocr_carea' id='block_1_67' title="bbox 2029 751 3613 822">
    <p class='ocr_par' dir='ltr' id='par_1_67' title="bbox 2029 751 3613 822">
     <span class='ocr_line' id='line_1_67' title="bbox 2029 751 3613 822; baseline 0.002 -18"><span class='ocrx_word' id='word_1_501' title='bbox 2029 765 2233 816; x_wconf 80' lang='lat' dir='ltr'><strong>sumus,</strong></span> <span class='ocrx_word' id='word_1_502' title='bbox 2280 751 2348 805; x_wconf 92' lang='lat' dir='ltr'><strong>ob</strong></span> <span class='ocrx_word' id='word_1_503' title='bbox 2397 752 2683 806; x_wconf 89' lang='lat' dir='ltr'><strong>multorum</strong></span> <span class='ocrx_word' id='word_1_504' title='bbox 2714 751 3111 822; x_wconf 71' lang='lat' dir='ltr'><strong>negligentiam,</strong></span> <span class='ocrx_word' id='word_1_505' title='bbox 3158 756 3295 805; x_wconf 85' lang='lat' dir='ltr'><strong>hanc</strong></span> <span class='ocrx_word' id='word_1_506' title='bbox 3332 754 3613 807; x_wconf 85' lang='lat' dir='ltr'><strong>victoriam</strong></span> 
     </span>
    </p>
   </div>
   <div class='ocr_carea' id='block_1_68' title="bbox 2029 842 3616 914">
    <p class='ocr_par' dir='ltr' id='par_1_68' title="bbox 2029 842 3616 914">
     <span class='ocr_line' id='line_1_68' title="bbox 2029 842 3616 914; baseline 0 -17"><span class='ocrx_word' id='word_1_507' title='bbox 2029 842 2321 897; x_wconf 87' lang='lat' dir='ltr'><strong>celebrare.</strong></span> <span class='ocrx_word' id='word_1_508' title='bbox 2376 843 2661 912; x_wconf 87' lang='lat' dir='ltr'><strong>Postquam</strong></span> <span class='ocrx_word' id='word_1_509' title='bbox 2716 844 2858 897; x_wconf 89' lang='lat' dir='ltr'><strong>enim</strong></span> <span class='ocrx_word' id='word_1_510' title='bbox 2916 843 3037 897; x_wconf 89' lang='lat' dir='ltr'><strong>illos</strong></span> <span class='ocrx_word' id='word_1_511' title='bbox 3084 859 3225 913; x_wconf 76' lang='lat' dir='ltr'><strong>sa:pe</strong></span> <span class='ocrx_word' id='word_1_512' title='bbox 3274 844 3616 914; x_wconf 80' lang='lat' dir='ltr'><strong>dogmatibus</strong></span> 
     </span>
    </p>
   </div>
   <div class='ocr_carea' id='block_1_69' title="bbox 2032 936 3613 1006">
    <p class='ocr_par' dir='ltr' id='par_1_69' title="bbox 2032 936 3613 1006">
     <span class='ocr_line' id='line_1_69' title="bbox 2032 936 3613 1006; baseline 0.003 -19"><span class='ocrx_word' id='word_1_513' title='bbox 2032 936 2426 1006; x_wconf 88' lang='lat' dir='ltr'><strong>profligavimus</strong></span> <span class='ocrx_word' id='word_1_514' title='bbox 2448 977 2463 1002; x_wconf 97' lang='lat'><strong>,</strong></span> <span class='ocrx_word' id='word_1_515' title='bbox 2508 936 2668 990; x_wconf 84' lang='lat' dir='ltr'><strong>vitam</strong></span> <span class='ocrx_word' id='word_1_516' title='bbox 2699 936 2988 990; x_wconf 90' lang='lat' dir='ltr'><strong>multorum</strong></span> <span class='ocrx_word' id='word_1_517' title='bbox 3019 936 3172 990; x_wconf 91' lang='lat' dir='ltr'><strong>nobis</strong></span> <span class='ocrx_word' id='word_1_518' title='bbox 3199 937 3215 968; x_wconf 78' lang='lat'>&#39;</span> <span class='ocrx_word' id='word_1_519' title='bbox 3247 937 3613 1006; x_wconf 74' lang='lat' dir='ltr'><strong>etrprobraut,</strong></span> 
     </span>
    </p>
   </div>
   <div class='ocr_carea' id='block_1_70' title="bbox 2031 1027 3619 1097">
    <p class='ocr_par' dir='ltr' id='par_1_70' title="bbox 2031 1027 3619 1097">
     <span class='ocr_line' id='line_1_70' title="bbox 2031 1027 3619 1097; baseline 0.002 -19"><span class='ocrx_word' id='word_1_520' title='bbox 2031 1028 2118 1095; x_wconf 88' lang='lat' dir='ltr'><strong>qui</strong></span> <span class='ocrx_word' id='word_1_521' title='bbox 2170 1027 2308 1096; x_wconf 88' lang='lat' dir='ltr'><strong>apud</strong></span> <span class='ocrx_word' id='word_1_522' title='bbox 2356 1043 2453 1082; x_wconf 91' lang='lat' dir='ltr'><strong>nos</strong></span> <span class='ocrx_word' id='word_1_523' title='bbox 2497 1038 2909 1097; x_wconf 78' lang='lat' dir='ltr'><strong>congregantur,</strong></span> <span class='ocrx_word' id='word_1_524' title='bbox 2961 1042 3253 1097; x_wconf 89' lang='lat' dir='ltr'><strong>eorumque</strong></span> <span class='ocrx_word' id='word_1_525' title='bbox 3308 1028 3534 1083; x_wconf 83' lang='lat' dir='ltr'><strong>vulnera</strong></span> <span class='ocrx_word' id='word_1_526' title='bbox 3564 1038 3619 1082; x_wconf 87' lang='lat' dir='ltr'><strong>et</strong></span> 
     </span>
    </p>
   </div>
   <div class='ocr_carea' id='block_1_71' title="bbox 2032 1118 3616 1189">
    <p class='ocr_par' dir='ltr' id='par_1_71' title="bbox 2032 1118 3616 1189">
     <span class='ocr_line' id='line_1_71' title="bbox 2032 1118 3616 1189; baseline 0 -16"><span class='ocrx_word' id='word_1_527' title='bbox 2032 1119 2194 1173; x_wconf 89' lang='lat' dir='ltr'><strong>animi</strong></span> <span class='ocrx_word' id='word_1_528' title='bbox 2225 1120 2457 1173; x_wconf 90' lang='lat' dir='ltr'><strong>morbos.</strong></span> <span class='ocrx_word' id='word_1_529' title='bbox 2486 1119 2763 1185; x_wconf 88' lang='lat' dir='ltr'><strong>Quomodo</strong></span> <span class='ocrx_word' id='word_1_530' title='bbox 2792 1134 2921 1189; x_wconf 86' lang='lat' dir='ltr'><strong>ergo</strong></span> <span class='ocrx_word' id='word_1_531' title='bbox 2948 1134 3041 1173; x_wconf 91' lang='lat' dir='ltr'><strong>vos</strong></span> <span class='ocrx_word' id='word_1_532' title='bbox 3086 1118 3313 1173; x_wconf 85' lang='lat' dir='ltr'><strong>fidenter</strong></span> <span class='ocrx_word' id='word_1_533' title='bbox 3356 1120 3408 1173; x_wconf 89' lang='lat' dir='ltr'><strong>itt</strong></span> <span class='ocrx_word' id='word_1_534' title='bbox 3442 1120 3616 1174; x_wconf 84' lang='lat' dir='ltr'><strong>aciem</strong></span> 
     </span>
    </p>
   </div>
   <div class='ocr_carea' id='block_1_72' title="bbox 2035 1211 3617 1276">
    <p class='ocr_par' dir='ltr' id='par_1_72' title="bbox 2035 1211 3617 1276">
     <span class='ocr_line' id='line_1_72' title="bbox 2035 1211 3617 1276; baseline 0.001 -10"><span class='ocrx_word' id='word_1_535' title='bbox 2035 1211 2338 1275; x_wconf 76' lang='lat' dir='ltr'><strong>cducemus,</strong></span> <span class='ocrx_word' id='word_1_536' title='bbox 2383 1227 2501 1265; x_wconf 92' lang='lat' dir='ltr'><strong>cum</strong></span> <span class='ocrx_word' id='word_1_537' title='bbox 2532 1213 2689 1265; x_wconf 88' lang='lat' dir='ltr'><strong>etiam</strong></span> <span class='ocrx_word' id='word_1_538' title='bbox 2720 1211 2872 1266; x_wconf 88' lang='lat' dir='ltr'><strong>nobis</strong></span> <span class='ocrx_word' id='word_1_539' title='bbox 2920 1212 3125 1265; x_wconf 90' lang='lat' dir='ltr'><strong>molesti</strong></span> <span class='ocrx_word' id='word_1_540' title='bbox 3170 1213 3305 1276; x_wconf 89' lang='lat' dir='ltr'><strong>sitis,</strong></span> <span class='ocrx_word' id='word_1_541' title='bbox 3341 1212 3470 1265; x_wconf 88' lang='lat' dir='ltr'><strong>dum</strong></span> <span class='ocrx_word' id='word_1_542' title='bbox 3522 1229 3617 1267; x_wconf 87' lang='lat' dir='ltr'><strong>vos</strong></span> 
     </span>
    </p>
   </div>
   <div class='ocr_carea' id='block_1_73' title="bbox 2038 1303 3622 1358">
    <p class='ocr_par' dir='ltr' id='par_1_73' title="bbox 2038 1303 3622 1358">
     <span class='ocr_line' id='line_1_73' title="bbox 2038 1303 3622 1358; baseline 0.001 -1"><span class='ocrx_word' id='word_1_543' title='bbox 2038 1304 2219 1358; x_wconf 88' lang='lat' dir='ltr'><strong>hostes</strong></span> <span class='ocrx_word' id='word_1_544' title='bbox 2265 1304 2573 1358; x_wconf 90' lang='lat' dir='ltr'><strong>confodiunt</strong></span> <span class='ocrx_word' id='word_1_545' title='bbox 2619 1318 2681 1357; x_wconf 87' lang='lat' dir='ltr'><strong>ac</strong></span> <span class='ocrx_word' id='word_1_546' title='bbox 2725 1303 3013 1357; x_wconf 84' lang='lat' dir='ltr'><strong>derident?</strong></span> <span class='ocrx_word' id='word_1_547' title='bbox 3059 1305 3204 1358; x_wconf 86' lang='lat' dir='ltr'><strong>illius</strong></span> <span class='ocrx_word' id='word_1_548' title='bbox 3248 1304 3391 1358; x_wconf 89' lang='lat' dir='ltr'><strong>enim</strong></span> <span class='ocrx_word' id='word_1_549' title='bbox 3427 1321 3622 1358; x_wconf 89' lang='lat' dir='ltr'><strong>manus</strong></span> 
     </span>
    </p>
   </div>
   <div class='ocr_carea' id='block_1_74' title="bbox 2037 1395 3623 1465">
    <p class='ocr_par' dir='ltr' id='par_1_74' title="bbox 2037 1395 3623 1465">
     <span class='ocr_line' id='line_1_74' title="bbox 2037 1395 3623 1465; baseline 0.001 -15"><span class='ocrx_word' id='word_1_550' title='bbox 2037 1412 2176 1465; x_wconf 64' lang='lat' dir='ltr'><strong>aegra</strong></span> <span class='ocrx_word' id='word_1_551' title='bbox 2216 1407 2295 1450; x_wconf 89' lang='lat' dir='ltr'><strong>est</strong></span> <span class='ocrx_word' id='word_1_552' title='bbox 2322 1407 2371 1451; x_wconf 91' lang='lat' dir='ltr'><strong>et</strong></span> <span class='ocrx_word' id='word_1_553' title='bbox 2401 1397 2465 1450; x_wconf 91' lang='lat' dir='ltr'><strong>ad</strong></span> <span class='ocrx_word' id='word_1_554' title='bbox 2496 1395 2821 1464; x_wconf 72' lang='lat' dir='ltr'><strong>largitionem</strong></span> <span class='ocrx_word' id='word_1_555' title='bbox 2846 1398 2866 1428; x_wconf 77' lang='grc'>¹</span> <span class='ocrx_word' id='word_1_556' title='bbox 2891 1407 3183 1450; x_wconf 89' lang='lat' dir='ltr'><strong>contracta.</strong></span> <span class='ocrx_word' id='word_1_557' title='bbox 3223 1396 3505 1462; x_wconf 86' lang='lat' dir='ltr'><strong>Quomodo</strong></span> <span class='ocrx_word' id='word_1_558' title='bbox 3535 1398 3623 1451; x_wconf 75' lang='lat' dir='ltr'><strong>ille</strong></span> 
     </span>
    </p>
   </div>
   <div class='ocr_carea' id='block_1_75' title="bbox 2038 1486 3625 1557">
    <p class='ocr_par' dir='ltr' id='par_1_75' title="bbox 2038 1486 3625 1557">
     <span class='ocr_line' id='line_1_75' title="bbox 2038 1486 3625 1557; baseline 0.001 -16"><span class='ocrx_word' id='word_1_559' title='bbox 2038 1488 2280 1557; x_wconf 86' lang='lat' dir='ltr'><strong>clypeum</strong></span> <span class='ocrx_word' id='word_1_560' title='bbox 2330 1498 2509 1541; x_wconf 88' lang='lat' dir='ltr'><strong>tenere</strong></span> <span class='ocrx_word' id='word_1_561' title='bbox 2539 1496 2591 1540; x_wconf 90' lang='lat' dir='ltr'><strong>ct</strong></span> <span class='ocrx_word' id='word_1_562' title='bbox 2619 1486 2909 1541; x_wconf 85' lang='lat' dir='ltr'><strong>obtendere</strong></span> <span class='ocrx_word' id='word_1_563' title='bbox 2957 1489 3150 1556; x_wconf 89' lang='lat' dir='ltr'><strong>poterit</strong></span> <span class='ocrx_word' id='word_1_564' title='bbox 3173 1528 3188 1551; x_wconf 96' lang='lat'><strong>,</strong></span> <span class='ocrx_word' id='word_1_565' title='bbox 3216 1503 3284 1542; x_wconf 93' lang='lat' dir='ltr'><strong>ne</strong></span> <span class='ocrx_word' id='word_1_566' title='bbox 3310 1487 3625 1542; x_wconf 72' lang='lat' dir='ltr'><strong>crudelibus</strong></span> 
     </span>
    </p>
   </div>
   <div class='ocr_carea' id='block_1_76' title="bbox 2039 1578 3623 1650">
    <p class='ocr_par' dir='ltr' id='par_1_76' title="bbox 2039 1578 3623 1650">
     <span class='ocr_line' id='line_1_76' title="bbox 2039 1578 3623 1650; baseline 0 -17"><span class='ocrx_word' id='word_1_567' title='bbox 2039 1578 2276 1633; x_wconf 87' lang='lat' dir='ltr'><strong>dicteriis</strong></span> <span class='ocrx_word' id='word_1_568' title='bbox 2307 1578 2560 1632; x_wconf 87' lang='lat' dir='ltr'><strong>feriatur?</strong></span> <span class='ocrx_word' id='word_1_569' title='bbox 2603 1578 2704 1631; x_wconf 83' lang='lat' dir='ltr'><strong>Alii</strong></span> <span class='ocrx_word' id='word_1_570' title='bbox 2746 1579 2968 1646; x_wconf 89' lang='lat' dir='ltr'><strong>pedibus</strong></span> <span class='ocrx_word' id='word_1_571' title='bbox 3010 1579 3313 1634; x_wconf 89' lang='lat' dir='ltr'><strong>clandieant</strong></span> <span class='ocrx_word' id='word_1_572' title='bbox 3359 1590 3623 1650; x_wconf 88' lang='lat' dir='ltr'><strong>quotquot</strong></span> 
     </span>
    </p>
   </div>
   <div class='ocr_carea' id='block_1_77' title="bbox 2041 1669 3625 1740">
    <p class='ocr_par' dir='ltr' id='par_1_77' title="bbox 2041 1669 3625 1740">
     <span class='ocr_line' id='line_1_77' title="bbox 2041 1669 3625 1740; baseline 0.002 -19"><span class='ocrx_word' id='word_1_573' title='bbox 2041 1670 2333 1723; x_wconf 88' lang='lat' dir='ltr'><strong>ascendunt</strong></span> <span class='ocrx_word' id='word_1_574' title='bbox 2364 1672 2428 1721; x_wconf 89' lang='lat' dir='ltr'><strong>ad</strong></span> <span class='ocrx_word' id='word_1_575' title='bbox 2461 1670 2663 1723; x_wconf 84' lang='lat' dir='ltr'><strong>theatra</strong></span> <span class='ocrx_word' id='word_1_576' title='bbox 2688 1711 2700 1732; x_wconf 93' lang='lat'><strong>,</strong></span> <span class='ocrx_word' id='word_1_577' title='bbox 2734 1678 2789 1723; x_wconf 84' lang='lat' dir='ltr'><strong>et</strong></span> <span class='ocrx_word' id='word_1_578' title='bbox 2838 1669 2904 1722; x_wconf 90' lang='lat' dir='ltr'><strong>ad</strong></span> <span class='ocrx_word' id='word_1_579' title='bbox 2950 1670 3247 1740; x_wconf 71' lang='lat' dir='ltr'><strong>diversoria</strong></span> <span class='ocrx_word' id='word_1_580' title='bbox 3281 1672 3625 1725; x_wconf 84' lang='lat' dir='ltr'><strong>meretricum</strong></span> 
     </span>
    </p>
   </div>
   <div class='ocr_carea' id='block_1_78' title="bbox 2044 1758 3628 1830">
    <p class='ocr_par' dir='ltr' id='par_1_78' title="bbox 2044 1758 3628 1830">
     <span class='ocr_line' id='line_1_78' title="bbox 2044 1758 3628 1830; baseline 0.002 -17"><span class='ocrx_word' id='word_1_581' title='bbox 2044 1760 2344 1813; x_wconf 90' lang='lat' dir='ltr'><strong>mulierum.</strong></span> <span class='ocrx_word' id='word_1_582' title='bbox 2376 1760 2653 1826; x_wconf 88' lang='lat' dir='ltr'><strong>Quomodo</strong></span> <span class='ocrx_word' id='word_1_583' title='bbox 2679 1758 2730 1813; x_wconf 91' lang='lat' dir='ltr'><strong>hi</strong></span> <span class='ocrx_word' id='word_1_584' title='bbox 2764 1760 2813 1814; x_wconf 93' lang='lat' dir='ltr'><strong>in</strong></span> <span class='ocrx_word' id='word_1_585' title='bbox 2840 1775 3012 1830; x_wconf 89' lang='lat' dir='ltr'><strong>pugna</strong></span> <span class='ocrx_word' id='word_1_586' title='bbox 3041 1772 3183 1815; x_wconf 89' lang='lat' dir='ltr'><strong>stare</strong></span> <span class='ocrx_word' id='word_1_587' title='bbox 3216 1770 3493 1829; x_wconf 88' lang='lat' dir='ltr'><strong>poterunt,</strong></span> <span class='ocrx_word' id='word_1_588' title='bbox 3530 1778 3628 1816; x_wconf 86' lang='lat' dir='ltr'><strong>nee</strong></span> 
     </span>
    </p>
   </div>
   <div class='ocr_carea' id='block_1_79' title="bbox 2043 1848 3629 1906">
    <p class='ocr_par' dir='ltr' id='par_1_79' title="bbox 2043 1848 3629 1906">
     <span class='ocr_line' id='line_1_79' title="bbox 2043 1848 3629 1906; baseline 0.002 -3"><span class='ocrx_word' id='word_1_589' title='bbox 2043 1848 2273 1903; x_wconf 67' lang='lat' dir='ltr'><strong>lasciviae</strong></span> <span class='ocrx_word' id='word_1_590' title='bbox 2317 1850 2629 1905; x_wconf 88' lang='lat' dir='ltr'><strong>criminibus</strong></span> <span class='ocrx_word' id='word_1_591' title='bbox 2656 1851 2913 1904; x_wconf 89' lang='lat' dir='ltr'><strong>confodi?</strong></span> <span class='ocrx_word' id='word_1_592' title='bbox 2942 1851 3090 1905; x_wconf 84' lang='lat' dir='ltr'><strong>Alius</strong></span> <span class='ocrx_word' id='word_1_593' title='bbox 3119 1851 3292 1906; x_wconf 85' lang='lat' dir='ltr'><strong>oculis</strong></span> <span class='ocrx_word' id='word_1_594' title='bbox 3321 1852 3534 1906; x_wconf 87' lang='lat' dir='ltr'><strong>laborat</strong></span> <span class='ocrx_word' id='word_1_595' title='bbox 3576 1862 3629 1906; x_wconf 89' lang='lat' dir='ltr'><strong>ct</strong></span> 
     </span>
    </p>
   </div>
   <div class='ocr_carea' id='block_1_80' title="bbox 2045 1942 3628 2013">
    <p class='ocr_par' dir='ltr' id='par_1_80' title="bbox 2045 1942 3628 2013">
     <span class='ocr_line' id='line_1_80' title="bbox 2045 1942 3628 2013; baseline 0.004 -18"><span class='ocrx_word' id='word_1_596' title='bbox 2045 1956 2182 2011; x_wconf 89' lang='lat' dir='ltr'><strong>pene</strong></span> <span class='ocrx_word' id='word_1_597' title='bbox 2208 1956 2381 1995; x_wconf 71' lang='lat' dir='ltr'><strong>caecus</strong></span> <span class='ocrx_word' id='word_1_598' title='bbox 2421 1950 2503 1996; x_wconf 91' lang='lat' dir='ltr'><strong>est</strong></span> <span class='ocrx_word' id='word_1_599' title='bbox 2526 1983 2542 2007; x_wconf 94' lang='lat'><strong>,</strong></span> <span class='ocrx_word' id='word_1_600' title='bbox 2589 1956 2694 1996; x_wconf 91' lang='lat' dir='ltr'><strong>non</strong></span> <span class='ocrx_word' id='word_1_601' title='bbox 2722 1942 2885 2011; x_wconf 86' lang='lat' dir='ltr'><strong>probe</strong></span> <span class='ocrx_word' id='word_1_602' title='bbox 2918 1943 3249 2013; x_wconf 88' lang='lat' dir='ltr'><strong>respiciens,</strong></span> <span class='ocrx_word' id='word_1_603' title='bbox 3280 1944 3376 1999; x_wconf 88' lang='lat' dir='ltr'><strong>sed</strong></span> <span class='ocrx_word' id='word_1_604' title='bbox 3410 1945 3628 2001; x_wconf 80' lang='lat' dir='ltr'><strong>lascivia</strong></span> 
     </span>
    </p>
   </div>
   <div class='ocr_carea' id='block_1_81' title="bbox 2048 2032 3631 2102">
    <p class='ocr_par' dir='ltr' id='par_1_81' title="bbox 2048 2032 3631 2102">
     <span class='ocr_line' id='line_1_81' title="bbox 2048 2032 3631 2102; baseline 0.003 -17"><span class='ocrx_word' id='word_1_605' title='bbox 2048 2034 2254 2102; x_wconf 88' lang='lat' dir='ltr'><strong>plenus,</strong></span> <span class='ocrx_word' id='word_1_606' title='bbox 2274 2032 2551 2086; x_wconf 88' lang='lat' dir='ltr'><strong>mulierum</strong></span> <span class='ocrx_word' id='word_1_607' title='bbox 2572 2034 2873 2102; x_wconf 87' lang='lat' dir='ltr'><strong>pudicitiam</strong></span> <span class='ocrx_word' id='word_1_608' title='bbox 2892 2033 3128 2096; x_wconf 84' lang='lat' dir='ltr'><strong>adortus,</strong></span> <span class='ocrx_word' id='word_1_609' title='bbox 3152 2043 3207 2089; x_wconf 90' lang='lat' dir='ltr'><strong>et</strong></span> <span class='ocrx_word' id='word_1_610' title='bbox 3232 2035 3517 2089; x_wconf 89' lang='lat' dir='ltr'><strong>connubiis</strong></span> <span class='ocrx_word' id='word_1_611' title='bbox 3545 2036 3631 2089; x_wconf 85' lang='lat' dir='ltr'><strong>in-</strong></span> 
     </span>
    </p>
   </div>
   <div class='ocr_carea' id='block_1_82' title="bbox 2046 2122 3631 2194">
    <p class='ocr_par' dir='ltr' id='par_1_82' title="bbox 2046 2122 3631 2194">
     <span class='ocr_line' id='line_1_82' title="bbox 2046 2122 3631 2194; baseline 0.001 -16"><span class='ocrx_word' id='word_1_612' title='bbox 2046 2122 2284 2178; x_wconf 87' lang='lat' dir='ltr'><strong>sidiatus.</strong></span> <span class='ocrx_word' id='word_1_613' title='bbox 2318 2123 2595 2191; x_wconf 86' lang='lat' dir='ltr'><strong>Quomodo</strong></span> <span class='ocrx_word' id='word_1_614' title='bbox 2626 2123 2710 2178; x_wconf 87' lang='lat' dir='ltr'><strong>hic</strong></span> <span class='ocrx_word' id='word_1_615' title='bbox 2740 2124 2979 2179; x_wconf 89' lang='lat' dir='ltr'><strong>inimicos</strong></span> <span class='ocrx_word' id='word_1_616' title='bbox 3004 2124 3268 2193; x_wconf 83' lang='lat' dir='ltr'><strong>respicere</strong></span> <span class='ocrx_word' id='word_1_617' title='bbox 3296 2128 3512 2194; x_wconf 77' lang='lat' dir='ltr'><strong>poterit,</strong></span> <span class='ocrx_word' id='word_1_618' title='bbox 3539 2126 3631 2179; x_wconf 84' lang='lat' dir='ltr'><strong>ha-</strong></span> 
     </span>
    </p>
   </div>
   <div class='ocr_carea' id='block_1_83' title="bbox 2048 2215 3632 2286">
    <p class='ocr_par' dir='ltr' id='par_1_83' title="bbox 2048 2215 3632 2286">
     <span class='ocr_line' id='line_1_83' title="bbox 2048 2215 3632 2286; baseline 0.003 -18"><span class='ocrx_word' id='word_1_619' title='bbox 2048 2224 2183 2268; x_wconf 89' lang='lat' dir='ltr'><strong>stam</strong></span> <span class='ocrx_word' id='word_1_620' title='bbox 2214 2215 2423 2269; x_wconf 86' lang='lat' dir='ltr'><strong>vibrare</strong></span> <span class='ocrx_word' id='word_1_621' title='bbox 2446 2254 2460 2279; x_wconf 94' lang='lat'><strong>,</strong></span> <span class='ocrx_word' id='word_1_622' title='bbox 2492 2216 2651 2269; x_wconf 90' lang='lat' dir='ltr'><strong>telum</strong></span> <span class='ocrx_word' id='word_1_623' title='bbox 2682 2216 2944 2283; x_wconf 89' lang='lat' dir='ltr'><strong>emittere,</strong></span> <span class='ocrx_word' id='word_1_624' title='bbox 2975 2215 3099 2269; x_wconf 92' lang='lat' dir='ltr'><strong>dum</strong></span> <span class='ocrx_word' id='word_1_625' title='bbox 3130 2216 3362 2286; x_wconf 91' lang='lat' dir='ltr'><strong>undique</strong></span> <span class='ocrx_word' id='word_1_626' title='bbox 3392 2217 3632 2273; x_wconf 85' lang='lat' dir='ltr'><strong>dicteriis</strong></span> 
     </span>
    </p>
   </div>
   <div class='ocr_carea' id='block_1_84' title="bbox 2048 2306 3630 2366">
    <p class='ocr_par' dir='ltr' id='par_1_84' title="bbox 2048 2306 3630 2366">
     <span class='ocr_line' id='line_1_84' title="bbox 2048 2306 3630 2366; baseline 0.003 -6"><span class='ocrx_word' id='word_1_627' title='bbox 2048 2306 2390 2361; x_wconf 90' lang='lat' dir='ltr'><strong>confoditur?</strong></span> <span class='ocrx_word' id='word_1_628' title='bbox 2420 2308 2567 2361; x_wconf 80' lang='lat' dir='ltr'><strong>Alios</strong></span> <span class='ocrx_word' id='word_1_629' title='bbox 2596 2308 2774 2363; x_wconf 80' lang='lat' dir='ltr'><strong>videre</strong></span> <span class='ocrx_word' id='word_1_630' title='bbox 2814 2318 2895 2362; x_wconf 72' lang='lat' dir='ltr'><strong>est</strong></span> <span class='ocrx_word' id='word_1_631' title='bbox 2918 2318 3099 2363; x_wconf 84' lang='lat' dir='ltr'><strong>ventre</strong></span> <span class='ocrx_word' id='word_1_632' title='bbox 3126 2308 3370 2364; x_wconf 85' lang='lat' dir='ltr'><strong>dolentes</strong></span> <span class='ocrx_word' id='word_1_633' title='bbox 3396 2326 3501 2364; x_wconf 90' lang='lat' dir='ltr'><strong>non</strong></span> <span class='ocrx_word' id='word_1_634' title='bbox 3533 2311 3630 2366; x_wconf 82' lang='lat' dir='ltr'><strong>nti-</strong></span> 
     </span>
    </p>
   </div>
   <div class='ocr_carea' id='block_1_85' title="bbox 2051 2398 3633 2472">
    <p class='ocr_par' dir='ltr' id='par_1_85' title="bbox 2051 2398 3633 2472">
     <span class='ocr_line' id='line_1_85' title="bbox 2051 2398 3633 2472; baseline 0.001 -19"><span class='ocrx_word' id='word_1_635' title='bbox 2051 2415 2152 2453; x_wconf 92' lang='lat' dir='ltr'><strong>nus</strong></span> <span class='ocrx_word' id='word_1_636' title='bbox 2188 2415 2345 2469; x_wconf 84' lang='lat' dir='ltr'><strong>quam</strong></span> <span class='ocrx_word' id='word_1_637' title='bbox 2389 2398 2741 2472; x_wconf 78' lang='lat' dir='ltr'><strong>hydropieos,</strong></span> <span class='ocrx_word' id='word_1_638' title='bbox 2782 2401 2867 2470; x_wconf 92' lang='lat' dir='ltr'><strong>qui</strong></span> <span class='ocrx_word' id='word_1_639' title='bbox 2908 2416 2939 2454; x_wconf 89' lang='lat' dir='ltr'><strong>a</strong></span> <span class='ocrx_word' id='word_1_640' title='bbox 2968 2401 3088 2470; x_wconf 91' lang='lat' dir='ltr'><strong>gula</strong></span> <span class='ocrx_word' id='word_1_641' title='bbox 3128 2413 3180 2455; x_wconf 93' lang='lat' dir='ltr'><strong>et</strong></span> <span class='ocrx_word' id='word_1_642' title='bbox 3210 2401 3470 2457; x_wconf 87' lang='lat' dir='ltr'><strong>ebrietate</strong></span> <span class='ocrx_word' id='word_1_643' title='bbox 3497 2400 3633 2455; x_wconf 87' lang='lat' dir='ltr'><strong>deti-</strong></span> 
     </span>
    </p>
   </div>
   <div class='ocr_carea' id='block_1_86' title="bbox 2052 2490 3630 2562">
    <p class='ocr_par' dir='ltr' id='par_1_86' title="bbox 2052 2490 3630 2562">
     <span class='ocr_line' id='line_1_86' title="bbox 2052 2490 3630 2562; baseline -0.001 -16"><span class='ocrx_word' id='word_1_644' title='bbox 2052 2501 2263 2555; x_wconf 82' lang='lat' dir='ltr'><strong>nentur.</strong></span> <span class='ocrx_word' id='word_1_645' title='bbox 2295 2490 2573 2558; x_wconf 91' lang='lat' dir='ltr'><strong>Quomodo</strong></span> <span class='ocrx_word' id='word_1_646' title='bbox 2606 2491 2761 2560; x_wconf 80' lang='lat' dir='ltr'><strong>igitur</strong></span> <span class='ocrx_word' id='word_1_647' title='bbox 2805 2491 2902 2545; x_wconf 91' lang='lat' dir='ltr'><strong>hos</strong></span> <span class='ocrx_word' id='word_1_648' title='bbox 2944 2492 3120 2545; x_wconf 88' lang='lat' dir='ltr'><strong>ebrios</strong></span> <span class='ocrx_word' id='word_1_649' title='bbox 3152 2492 3204 2546; x_wconf 90' lang='lat' dir='ltr'><strong>itt</strong></span> <span class='ocrx_word' id='word_1_650' title='bbox 3236 2508 3468 2562; x_wconf 85' lang='lat' dir='ltr'><strong>pugnam</strong></span> <span class='ocrx_word' id='word_1_651' title='bbox 3498 2491 3630 2546; x_wconf 89' lang='lat' dir='ltr'><strong>edu-</strong></span> 
     </span>
    </p>
   </div>
   <div class='ocr_carea' id='block_1_87' title="bbox 2052 2580 3629 2652">
    <p class='ocr_par' dir='ltr' id='par_1_87' title="bbox 2052 2580 3629 2652">
     <span class='ocr_line' id='line_1_87' title="bbox 2052 2580 3629 2652; baseline -0.001 -16"><span class='ocrx_word' id='word_1_652' title='bbox 2052 2596 2175 2637; x_wconf 89' lang='lat' dir='ltr'><strong>cere</strong></span> <span class='ocrx_word' id='word_1_653' title='bbox 2207 2581 2430 2650; x_wconf 79' lang='lat' dir='ltr'><strong>porero?</strong></span> <span class='ocrx_word' id='word_1_654' title='bbox 2457 2580 2625 2635; x_wconf 82' lang='lat' dir='ltr'><strong>Alteri</strong></span> <span class='ocrx_word' id='word_1_655' title='bbox 2656 2595 2715 2634; x_wconf 81' lang='lat' dir='ltr'><strong>Os</strong></span> <span class='ocrx_word' id='word_1_656' title='bbox 2744 2582 2914 2650; x_wconf 86' lang='lat' dir='ltr'><strong>ipsum</strong></span> <span class='ocrx_word' id='word_1_657' title='bbox 2941 2584 3299 2652; x_wconf 88' lang='lat' dir='ltr'><strong>computruit;</strong></span> <span class='ocrx_word' id='word_1_658' title='bbox 3330 2583 3629 2652; x_wconf 90' lang='lat' dir='ltr'><strong>cujusmodi</strong></span> 
     </span>
    </p>
   </div>
   <div class='ocr_carea' id='block_1_88' title="bbox 2053 2671 3633 2742">
    <p class='ocr_par' dir='ltr' id='par_1_88' title="bbox 2053 2671 3633 2742">
     <span class='ocr_line' id='line_1_88' title="bbox 2053 2671 3633 2742; baseline -0.002 -15"><span class='ocrx_word' id='word_1_659' title='bbox 2053 2683 2177 2727; x_wconf 91' lang='lat' dir='ltr'><strong>sunt</strong></span> <span class='ocrx_word' id='word_1_660' title='bbox 2220 2671 2477 2738; x_wconf 89' lang='lat' dir='ltr'><strong>iracundi,</strong></span> <span class='ocrx_word' id='word_1_661' title='bbox 2525 2671 2931 2739; x_wconf 88' lang='lat' dir='ltr'><strong>conviciatores,</strong></span> <span class='ocrx_word' id='word_1_662' title='bbox 2986 2672 3300 2742; x_wconf 72' lang='lat' dir='ltr'><strong>blasphemi.</strong></span> <span class='ocrx_word' id='word_1_663' title='bbox 3352 2674 3633 2740; x_wconf 87' lang='lat' dir='ltr'><strong>Quomodo</strong></span> 
     </span>
    </p>
   </div>
   <div class='ocr_carea' id='block_1_89' title="bbox 2056 2764 3634 2837">
    <p class='ocr_par' dir='ltr' id='par_1_89' title="bbox 2056 2764 3634 2837">
     <span class='ocr_line' id='line_1_89' title="bbox 2056 2764 3634 2837; baseline 0.001 -17"><span class='ocrx_word' id='word_1_664' title='bbox 2056 2767 2215 2837; x_wconf 84' lang='lat' dir='ltr'><strong>igitur</strong></span> <span class='ocrx_word' id='word_1_665' title='bbox 2260 2766 2346 2819; x_wconf 93' lang='lat' dir='ltr'><strong>hic</strong></span> <span class='ocrx_word' id='word_1_666' title='bbox 2389 2765 2439 2820; x_wconf 91' lang='lat' dir='ltr'><strong>in</strong></span> <span class='ocrx_word' id='word_1_667' title='bbox 2471 2764 2611 2820; x_wconf 86' lang='lat' dir='ltr'><strong>bello</strong></span> <span class='ocrx_word' id='word_1_668' title='bbox 2660 2782 2909 2835; x_wconf 88' lang='lat' dir='ltr'><strong>umquam</strong></span> <span class='ocrx_word' id='word_1_669' title='bbox 2946 2765 3225 2835; x_wconf 84' lang='lat' dir='ltr'><strong>jubilabit,</strong></span> <span class='ocrx_word' id='word_1_670' title='bbox 3278 2782 3634 2837; x_wconf 88' lang='lat' dir='ltr'><strong>magnumque</strong></span> 
     </span>
    </p>
   </div>
   <div class='ocr_carea' id='block_1_90' title="bbox 2054 2858 3633 2929">
    <p class='ocr_par' dir='ltr' id='par_1_90' title="bbox 2054 2858 3633 2929">
     <span class='ocr_line' id='line_1_90' title="bbox 2054 2858 3633 2929; baseline 0.001 -17"><span class='ocrx_word' id='word_1_671' title='bbox 2054 2858 2324 2928; x_wconf 88' lang='lat' dir='ltr'><strong>quidpiam</strong></span> <span class='ocrx_word' id='word_1_672' title='bbox 2341 2870 2721 2926; x_wconf 90' lang='lat' dir='ltr'><strong>strenuumque</strong></span> <span class='ocrx_word' id='word_1_673' title='bbox 2741 2868 2880 2928; x_wconf 76' lang='lat' dir='ltr'><strong>aget,</strong></span> <span class='ocrx_word' id='word_1_674' title='bbox 2896 2858 3017 2912; x_wconf 91' lang='lat' dir='ltr'><strong>dum</strong></span> <span class='ocrx_word' id='word_1_675' title='bbox 3040 2868 3092 2913; x_wconf 90' lang='lat' dir='ltr'><strong>et</strong></span> <span class='ocrx_word' id='word_1_676' title='bbox 3109 2860 3220 2929; x_wconf 90' lang='lat' dir='ltr'><strong>ipse</strong></span> <span class='ocrx_word' id='word_1_677' title='bbox 3237 2860 3342 2913; x_wconf 89' lang='lat' dir='ltr'><strong>alio</strong></span> <span class='ocrx_word' id='word_1_678' title='bbox 3362 2860 3633 2914; x_wconf 85' lang='lat' dir='ltr'><strong>ebrietatis</strong></span> 
     </span>
    </p>
   </div>
   <div class='ocr_carea' id='block_1_91' title="bbox 2059 2947 3635 3019">
    <p class='ocr_par' dir='ltr' id='par_1_91' title="bbox 2059 2947 3635 3019">
     <span class='ocr_line' id='line_1_91' title="bbox 2059 2947 3635 3019; baseline 0.002 -18"><span class='ocrx_word' id='word_1_679' title='bbox 2059 2963 2254 3018; x_wconf 85' lang='lat' dir='ltr'><strong>genere</strong></span> <span class='ocrx_word' id='word_1_680' title='bbox 2285 2949 2463 3003; x_wconf 83' lang='lat' dir='ltr'><strong>ebrius</strong></span> <span class='ocrx_word' id='word_1_681' title='bbox 2490 2956 2606 3015; x_wconf 88' lang='lat' dir='ltr'><strong>est,</strong></span> <span class='ocrx_word' id='word_1_682' title='bbox 2650 2949 2975 3018; x_wconf 87' lang='lat' dir='ltr'><strong>multamque</strong></span> <span class='ocrx_word' id='word_1_683' title='bbox 3006 2947 3246 3003; x_wconf 84' lang='lat' dir='ltr'><strong>hostibus</strong></span> <span class='ocrx_word' id='word_1_684' title='bbox 3273 2949 3481 3019; x_wconf 69' lang='lat' dir='ltr'><strong>prarbet</strong></span> <span class='ocrx_word' id='word_1_685' title='bbox 3500 2951 3635 3005; x_wconf 88' lang='lat' dir='ltr'><strong>risus</strong></span> 
     </span>
    </p>
   </div>
   <div class='ocr_carea' id='block_1_92' title="bbox 2055 3041 3635 3114">
    <p class='ocr_par' dir='ltr' id='par_1_92' title="bbox 2055 3041 3635 3114">
     <span class='ocr_line' id='line_1_92' title="bbox 2055 3041 3635 3114; baseline -0.005 -15"><span class='ocrx_word' id='word_1_686' title='bbox 2055 3044 2366 3100; x_wconf 79' lang='lat' dir='ltr'><strong>materiam?</strong></span> <span class='ocrx_word' id='word_1_687' title='bbox 2394 3043 2515 3099; x_wconf 87' lang='lat' dir='ltr'><strong>Ideo</strong></span> <span class='ocrx_word' id='word_1_688' title='bbox 2554 3044 2697 3098; x_wconf 89' lang='lat' dir='ltr'><strong>hunc</strong></span> <span class='ocrx_word' id='word_1_689' title='bbox 2735 3043 2978 3114; x_wconf 90' lang='lat' dir='ltr'><strong>quotidie</strong></span> <span class='ocrx_word' id='word_1_690' title='bbox 3017 3041 3635 3101; x_wconf 73' lang='lat' dir='ltr'><strong>evercitumcircumco,</strong></span> 
     </span>
    </p>
   </div>
   <div class='ocr_carea' id='block_1_93' title="bbox 2052 3130 3639 3201">
    <p class='ocr_par' dir='ltr' id='par_1_93' title="bbox 2052 3130 3639 3201">
     <span class='ocr_line' id='line_1_93' title="bbox 2052 3130 3639 3201; baseline -0.003 -14"><span class='ocrx_word' id='word_1_691' title='bbox 2052 3139 2274 3191; x_wconf 84' lang='lat' dir='ltr'><strong>vulnera</strong></span> <span class='ocrx_word' id='word_1_692' title='bbox 2291 3151 2513 3201; x_wconf 90' lang='lat' dir='ltr'><strong>curans,</strong></span> <span class='ocrx_word' id='word_1_693' title='bbox 2544 3136 2724 3191; x_wconf 87' lang='lat' dir='ltr'><strong>ulcera</strong></span> <span class='ocrx_word' id='word_1_694' title='bbox 2754 3150 2949 3190; x_wconf 86' lang='lat' dir='ltr'><strong>sanare</strong></span> <span class='ocrx_word' id='word_1_695' title='bbox 2984 3132 3311 3190; x_wconf 89' lang='lat' dir='ltr'><strong>studens.Si</strong></span> <span class='ocrx_word' id='word_1_696' title='bbox 3337 3143 3519 3186; x_wconf 91' lang='lat' dir='ltr'><strong>autem</strong></span> <span class='ocrx_word' id='word_1_697' title='bbox 3539 3130 3639 3184; x_wconf 87' lang='lat' dir='ltr'><strong>ali—</strong></span> 
     </span>
    </p>
   </div>
   <div class='ocr_carea' id='block_1_94' title="bbox 2051 3222 3639 3300">
    <p class='ocr_par' dir='ltr' id='par_1_94' title="bbox 2051 3222 3639 3300">
     <span class='ocr_line' id='line_1_94' title="bbox 2051 3222 3639 3300; baseline -0.003 -19"><span class='ocrx_word' id='word_1_698' title='bbox 2051 3228 2272 3300; x_wconf 88' lang='lat' dir='ltr'><strong>quando</strong></span> <span class='ocrx_word' id='word_1_699' title='bbox 2287 3228 2629 3298; x_wconf 85' lang='lat' dir='ltr'><strong>evigiletis,si</strong></span> <span class='ocrx_word' id='word_1_700' title='bbox 2648 3227 2829 3282; x_wconf 91' lang='lat' dir='ltr'><strong>idonei</strong></span> <span class='ocrx_word' id='word_1_701' title='bbox 2847 3238 2901 3281; x_wconf 92' lang='lat' dir='ltr'><strong>et</strong></span> <span class='ocrx_word' id='word_1_702' title='bbox 2924 3226 3161 3296; x_wconf 91' lang='lat' dir='ltr'><strong>prompti</strong></span> <span class='ocrx_word' id='word_1_703' title='bbox 3182 3225 3399 3279; x_wconf 88' lang='lat' dir='ltr'><strong>fueritis</strong></span> <span class='ocrx_word' id='word_1_704' title='bbox 3418 3224 3484 3277; x_wconf 89' lang='lat' dir='ltr'><strong>ad</strong></span> <span class='ocrx_word' id='word_1_705' title='bbox 3503 3222 3639 3277; x_wconf 88' lang='lat' dir='ltr'><strong>alios</strong></span> 
     </span>
    </p>
   </div>
   <div class='ocr_carea' id='block_1_95' title="bbox 2051 3313 3640 3386">
    <p class='ocr_par' dir='ltr' id='par_1_95' title="bbox 2051 3313 3640 3386">
     <span class='ocr_line' id='line_1_95' title="bbox 2051 3313 3640 3386; baseline -0.004 -12"><span class='ocrx_word' id='word_1_706' title='bbox 2051 3318 2349 3386; x_wconf 83' lang='lat' dir='ltr'><strong>feriendus,</strong></span> <span class='ocrx_word' id='word_1_707' title='bbox 2374 3320 2490 3374; x_wconf 66' lang='lat' dir='ltr'><strong>haec</strong></span> <span class='ocrx_word' id='word_1_708' title='bbox 2515 3334 2612 3375; x_wconf 88' lang='lat' dir='ltr'><strong>vos</strong></span> <span class='ocrx_word' id='word_1_709' title='bbox 2639 3334 2792 3373; x_wconf 86' lang='lat' dir='ltr'><strong>arma</strong></span> <span class='ocrx_word' id='word_1_710' title='bbox 2827 3328 3060 3373; x_wconf 90' lang='lat' dir='ltr'><strong>tractare</strong></span> <span class='ocrx_word' id='word_1_711' title='bbox 3091 3318 3320 3373; x_wconf 87' lang='lat' dir='ltr'><strong>docebo.</strong></span> <span class='ocrx_word' id='word_1_712' title='bbox 3344 3313 3443 3369; x_wconf 83' lang='lat' dir='ltr'><strong>Vel</strong></span> <span class='ocrx_word' id='word_1_713' title='bbox 3463 3314 3640 3383; x_wconf 88' lang='lat' dir='ltr'><strong>potius</strong></span> 
     </span>
    </p>
   </div>
   <div class='ocr_carea' id='block_1_96' title="bbox 2064 3406 3643 3479">
    <p class='ocr_par' dir='ltr' id='par_1_96' title="bbox 2064 3406 3643 3479">
     <span class='ocr_line' id='line_1_96' title="bbox 2064 3406 3643 3479; baseline -0.003 -16"><span class='ocrx_word' id='word_1_714' title='bbox 2064 3410 2175 3479; x_wconf 89' lang='lat' dir='ltr'><strong>ipsa</strong></span> <span class='ocrx_word' id='word_1_715' title='bbox 2205 3423 2367 3479; x_wconf 85' lang='lat' dir='ltr'><strong>opera</strong></span> <span class='ocrx_word' id='word_1_716' title='bbox 2399 3406 2548 3462; x_wconf 86' lang='lat' dir='ltr'><strong>vobis</strong></span> <span class='ocrx_word' id='word_1_717' title='bbox 2576 3422 2721 3461; x_wconf 89' lang='lat' dir='ltr'><strong>arma</strong></span> <span class='ocrx_word' id='word_1_718' title='bbox 2752 3414 2929 3471; x_wconf 89' lang='lat' dir='ltr'><strong>erunt,</strong></span> <span class='ocrx_word' id='word_1_719' title='bbox 2961 3416 3014 3461; x_wconf 90' lang='lat' dir='ltr'><strong>et</strong></span> <span class='ocrx_word' id='word_1_720' title='bbox 3041 3407 3280 3475; x_wconf 91' lang='lat' dir='ltr'><strong>protinus</strong></span> <span class='ocrx_word' id='word_1_721' title='bbox 3308 3420 3502 3461; x_wconf 89' lang='lat' dir='ltr'><strong>omnes</strong></span> <span class='ocrx_word' id='word_1_722' title='bbox 3527 3422 3643 3460; x_wconf 85' lang='lat' dir='ltr'><strong>sue-</strong></span> 
     </span>
    </p>
   </div>
   <div class='ocr_carea' id='block_1_97' title="bbox 2064 3496 3642 3565">
    <p class='ocr_par' dir='ltr' id='par_1_97' title="bbox 2064 3496 3642 3565">
     <span class='ocr_line' id='line_1_97' title="bbox 2064 3496 3642 3565; baseline -0.003 -10"><span class='ocrx_word' id='word_1_723' title='bbox 2064 3500 2334 3565; x_wconf 89' lang='lat' dir='ltr'><strong>cumbent,</strong></span> <span class='ocrx_word' id='word_1_724' title='bbox 2362 3499 2407 3553; x_wconf 92' lang='lat' dir='ltr'><strong>si</strong></span> <span class='ocrx_word' id='word_1_725' title='bbox 2436 3496 2827 3563; x_wconf 89' lang='lat' dir='ltr'><strong>misericordes,</strong></span> <span class='ocrx_word' id='word_1_726' title='bbox 2856 3498 2899 3551; x_wconf 91' lang='lat' dir='ltr'><strong>si</strong></span> <span class='ocrx_word' id='word_1_727' title='bbox 2937 3497 3186 3563; x_wconf 89' lang='lat' dir='ltr'><strong>modesti,</strong></span> <span class='ocrx_word' id='word_1_728' title='bbox 3214 3498 3259 3553; x_wconf 89' lang='lat' dir='ltr'><strong>si</strong></span> <span class='ocrx_word' id='word_1_729' title='bbox 3287 3498 3576 3562; x_wconf 87' lang='lat' dir='ltr'><strong>mansueti,</strong></span> <span class='ocrx_word' id='word_1_730' title='bbox 3600 3498 3642 3552; x_wconf 90' lang='lat' dir='ltr'><strong>si</strong></span> 
     </span>
    </p>
   </div>
   <div class='ocr_carea' id='block_1_98' title="bbox 2065 3588 3645 3659">
    <p class='ocr_par' dir='ltr' id='par_1_98' title="bbox 2065 3588 3645 3659">
     <span class='ocr_line' id='line_1_98' title="bbox 2065 3588 3645 3659; baseline -0.001 -13"><span class='ocrx_word' id='word_1_731' title='bbox 2065 3592 2375 3659; x_wconf 71' lang='lat' dir='ltr'><strong>iniuriarum</strong></span> <span class='ocrx_word' id='word_1_732' title='bbox 2400 3591 2738 3645; x_wconf 90' lang='lat' dir='ltr'><strong>immemores</strong></span> <span class='ocrx_word' id='word_1_733' title='bbox 2760 3588 2981 3657; x_wconf 89' lang='lat' dir='ltr'><strong>fueritis,</strong></span> <span class='ocrx_word' id='word_1_734' title='bbox 3004 3590 3049 3645; x_wconf 91' lang='lat' dir='ltr'><strong>si</strong></span> <span class='ocrx_word' id='word_1_735' title='bbox 3070 3590 3199 3644; x_wconf 90' lang='lat' dir='ltr'><strong>alias</strong></span> <span class='ocrx_word' id='word_1_736' title='bbox 3214 3605 3406 3646; x_wconf 90' lang='lat' dir='ltr'><strong>omnes</strong></span> <span class='ocrx_word' id='word_1_737' title='bbox 3429 3592 3645 3645; x_wconf 76' lang='lat' dir='ltr'><strong>virtutes</strong></span> 
     </span>
    </p>
   </div>
   <div class='ocr_carea' id='block_1_99' title="bbox 2066 3681 3645 3752">
    <p class='ocr_par' dir='ltr' id='par_1_99' title="bbox 2066 3681 3645 3752">
     <span class='ocr_line' id='line_1_99' title="bbox 2066 3681 3645 3752; baseline -0.001 -16"><span class='ocrx_word' id='word_1_738' title='bbox 2066 3681 2431 3736; x_wconf 70' lang='lat' dir='ltr'><strong>cxhibueritis.</strong></span> <span class='ocrx_word' id='word_1_739' title='bbox 2482 3681 2538 3736; x_wconf 90' lang='lat' dir='ltr'><strong>Si</strong></span> <span class='ocrx_word' id='word_1_740' title='bbox 2583 3696 2712 3735; x_wconf 90' lang='lat' dir='ltr'><strong>vero</strong></span> <span class='ocrx_word' id='word_1_741' title='bbox 2741 3681 2972 3751; x_wconf 89' lang='lat' dir='ltr'><strong>quipiam</strong></span> <span class='ocrx_word' id='word_1_742' title='bbox 3017 3682 3472 3752; x_wconf 87' lang='lat' dir='ltr'><strong>repugnaverint,</strong></span> <span class='ocrx_word' id='word_1_743' title='bbox 3523 3691 3645 3735; x_wconf 90' lang='lat' dir='ltr'><strong>tunc</strong></span> 
     </span>
    </p>
   </div>
   <div class='ocr_carea' id='block_1_100' title="bbox 2067 3772 3643 3842">
    <p class='ocr_par' dir='ltr' id='par_1_100' title="bbox 2067 3772 3643 3842">
     <span class='ocr_line' id='line_1_100' title="bbox 2067 3772 3643 3842; baseline -0.001 -15"><span class='ocrx_word' id='word_1_744' title='bbox 2067 3774 2226 3827; x_wconf 89' lang='lat' dir='ltr'><strong>etiam</strong></span> <span class='ocrx_word' id='word_1_745' title='bbox 2249 3783 2424 3827; x_wconf 89' lang='lat' dir='ltr'><strong>nostra</strong></span> <span class='ocrx_word' id='word_1_746' title='bbox 2443 3772 2808 3842; x_wconf 84' lang='lat' dir='ltr'><strong>adjungemus,</strong></span> <span class='ocrx_word' id='word_1_747' title='bbox 2835 3787 2929 3826; x_wconf 92' lang='lat' dir='ltr'><strong>vos</strong></span> <span class='ocrx_word' id='word_1_748' title='bbox 2951 3772 3001 3826; x_wconf 91' lang='lat' dir='ltr'><strong>in</strong></span> <span class='ocrx_word' id='word_1_749' title='bbox 3025 3772 3257 3827; x_wconf 90' lang='lat' dir='ltr'><strong>medium</strong></span> <span class='ocrx_word' id='word_1_750' title='bbox 3282 3773 3643 3842; x_wconf 67' lang='lat' dir='ltr'><strong>proferentes:</strong></span> 
     </span>
    </p>
   </div>
   <div class='ocr_carea' id='block_1_101' title="bbox 2069 3863 3642 3934">
    <p class='ocr_par' dir='ltr' id='par_1_101' title="bbox 2069 3863 3642 3934">
     <span class='ocr_line' id='line_1_101' title="bbox 2069 3863 3642 3934; baseline -0.001 -15"><span class='ocrx_word' id='word_1_751' title='bbox 2069 3878 2211 3919; x_wconf 90' lang='lat' dir='ltr'><strong>nunc</strong></span> <span class='ocrx_word' id='word_1_752' title='bbox 2252 3864 2393 3918; x_wconf 91' lang='lat' dir='ltr'><strong>enim</strong></span> <span class='ocrx_word' id='word_1_753' title='bbox 2427 3864 2476 3918; x_wconf 93' lang='lat' dir='ltr'><strong>in</strong></span> <span class='ocrx_word' id='word_1_754' title='bbox 2510 3864 2610 3918; x_wconf 88' lang='lat' dir='ltr'><strong>hoc</strong></span> <span class='ocrx_word' id='word_1_755' title='bbox 2654 3878 2812 3918; x_wconf 91' lang='lat' dir='ltr'><strong>cursu</strong></span> <span class='ocrx_word' id='word_1_756' title='bbox 2843 3878 2870 3915; x_wconf 89' lang='lat' dir='ltr'><strong>a</strong></span> <span class='ocrx_word' id='word_1_757' title='bbox 2898 3864 3046 3918; x_wconf 85' lang='lat' dir='ltr'><strong>vobis</strong></span> <span class='ocrx_word' id='word_1_758' title='bbox 3074 3864 3415 3934; x_wconf 92' lang='lat' dir='ltr'><strong>impedimur.</strong></span> <span class='ocrx_word' id='word_1_759' title='bbox 3455 3863 3642 3919; x_wconf 88' lang='lat' dir='ltr'><strong>Consi-</strong></span> 
     </span>
    </p>
   </div>
   <div class='ocr_carea' id='block_1_102' title="bbox 2069 3953 3645 4023">
    <p class='ocr_par' dir='ltr' id='par_1_102' title="bbox 2069 3953 3645 4023">
     <span class='ocr_line' id='line_1_102' title="bbox 2069 3953 3645 4023; baseline -0.002 -14"><span class='ocrx_word' id='word_1_760' title='bbox 2069 3953 2227 4009; x_wconf 83' lang='lat' dir='ltr'><strong>deres</strong></span> <span class='ocrx_word' id='word_1_761' title='bbox 2255 3954 2411 4008; x_wconf 85' lang='lat' dir='ltr'><strong>velim</strong></span> <span class='ocrx_word' id='word_1_762' title='bbox 2430 3995 2445 4018; x_wconf 94' lang='lat'><strong>,</strong></span> <span class='ocrx_word' id='word_1_763' title='bbox 2477 3968 2680 4023; x_wconf 69' lang='lat' dir='ltr'><strong>quwso.</strong></span> <span class='ocrx_word' id='word_1_764' title='bbox 2720 3953 2952 4006; x_wconf 91' lang='lat' dir='ltr'><strong>Dicimus</strong></span> <span class='ocrx_word' id='word_1_765' title='bbox 2980 3968 3169 4023; x_wconf 88' lang='lat' dir='ltr'><strong>magna</strong></span> <span class='ocrx_word' id='word_1_766' title='bbox 3192 3964 3471 4022; x_wconf 88' lang='lat' dir='ltr'><strong>operatum</strong></span> <span class='ocrx_word' id='word_1_767' title='bbox 3493 3953 3645 4007; x_wconf 91' lang='lat' dir='ltr'><strong>Chri-</strong></span> 
     </span>
    </p>
   </div>
   <div class='ocr_carea' id='block_1_103' title="bbox 2071 4043 3642 4114">
    <p class='ocr_par' dir='ltr' id='par_1_103' title="bbox 2071 4043 3642 4114">
     <span class='ocr_line' id='line_1_103' title="bbox 2071 4043 3642 4114; baseline -0.002 -15"><span class='ocrx_word' id='word_1_768' title='bbox 2071 4054 2212 4099; x_wconf 85' lang='lat' dir='ltr'><strong>stum</strong></span> <span class='ocrx_word' id='word_1_769' title='bbox 2240 4059 2378 4108; x_wconf 90' lang='lat' dir='ltr'><strong>csse,</strong></span> <span class='ocrx_word' id='word_1_770' title='bbox 2402 4048 2489 4114; x_wconf 89' lang='lat' dir='ltr'><strong>qui</strong></span> <span class='ocrx_word' id='word_1_771' title='bbox 2517 4043 2734 4112; x_wconf 82' lang='lat' dir='ltr'><strong>angelos</strong></span> <span class='ocrx_word' id='word_1_772' title='bbox 2763 4058 2826 4097; x_wconf 75' lang='lat' dir='ltr'><strong>ex</strong></span> <span class='ocrx_word' id='word_1_773' title='bbox 2862 4043 3164 4097; x_wconf 86' lang='lat' dir='ltr'><strong>hominibus</strong></span> <span class='ocrx_word' id='word_1_774' title='bbox 3193 4043 3377 4099; x_wconf 89' lang='lat' dir='ltr'><strong>fecerit</strong></span> <span class='ocrx_word' id='word_1_775' title='bbox 3406 4061 3420 4110; x_wconf 91' lang='lat'><strong>;</strong></span> <span class='ocrx_word' id='word_1_776' title='bbox 3451 4044 3642 4098; x_wconf 85' lang='lat' dir='ltr'><strong>deinde</strong></span> 
     </span>
    </p>
   </div>
   <div class='ocr_carea' id='block_1_104' title="bbox 2073 4135 3646 4205">
    <p class='ocr_par' dir='ltr' id='par_1_104' title="bbox 2073 4135 3646 4205">
     <span class='ocr_line' id='line_1_104' title="bbox 2073 4135 3646 4205; baseline -0.002 -14"><span class='ocrx_word' id='word_1_777' title='bbox 2073 4152 2200 4192; x_wconf 87' lang='lat' dir='ltr'><strong>vero</strong></span> <span class='ocrx_word' id='word_1_778' title='bbox 2227 4152 2346 4192; x_wconf 91' lang='lat' dir='ltr'><strong>cum</strong></span> <span class='ocrx_word' id='word_1_779' title='bbox 2392 4136 2625 4190; x_wconf 90' lang='lat' dir='ltr'><strong>rationes</strong></span> <span class='ocrx_word' id='word_1_780' title='bbox 2653 4144 3010 4204; x_wconf 81' lang='lat' dir='ltr'><strong>expetuntur,</strong></span> <span class='ocrx_word' id='word_1_781' title='bbox 3055 4135 3188 4203; x_wconf 88' lang='lat' dir='ltr'><strong>jussi</strong></span> <span class='ocrx_word' id='word_1_782' title='bbox 3233 4150 3296 4189; x_wconf 81' lang='lat' dir='ltr'><strong>ex</strong></span> <span class='ocrx_word' id='word_1_783' title='bbox 3343 4135 3448 4190; x_wconf 90' lang='lat' dir='ltr'><strong>hoc</strong></span> <span class='ocrx_word' id='word_1_784' title='bbox 3493 4149 3646 4205; x_wconf 81' lang='lat' dir='ltr'><strong>grege</strong></span> 
     </span>
    </p>
   </div>
   <div class='ocr_carea' id='block_1_105' title="bbox 2072 4226 3645 4298">
    <p class='ocr_par' dir='ltr' id='par_1_105' title="bbox 2072 4226 3645 4298">
     <span class='ocr_line' id='line_1_105' title="bbox 2072 4226 3645 4298; baseline -0.003 -16"><span class='ocrx_word' id='word_1_785' title='bbox 2072 4228 2339 4298; x_wconf 90' lang='lat' dir='ltr'><strong>specimen</strong></span> <span class='ocrx_word' id='word_1_786' title='bbox 2388 4227 2599 4297; x_wconf 88' lang='lat' dir='ltr'><strong>aliquod</strong></span> <span class='ocrx_word' id='word_1_787' title='bbox 2648 4227 2915 4296; x_wconf 85' lang='lat' dir='ltr'><strong>proferre,</strong></span> <span class='ocrx_word' id='word_1_788' title='bbox 2968 4226 3410 4281; x_wconf 70' lang='lat' dir='ltr'><strong>obmutescitnus.</strong></span> <span class='ocrx_word' id='word_1_789' title='bbox 3465 4226 3645 4281; x_wconf 85' lang='lat' dir='ltr'><strong>Timeo</strong></span> 
     </span>
    </p>
   </div>
   <div class='ocr_carea' id='block_1_106' title="bbox 2074 4318 3645 4389">
    <p class='ocr_par' dir='ltr' id='par_1_106' title="bbox 2074 4318 3645 4389">
     <span class='ocr_line' id='line_1_106' title="bbox 2074 4318 3645 4389; baseline -0.003 -14"><span class='ocrx_word' id='word_1_790' title='bbox 2074 4322 2217 4375; x_wconf 90' lang='lat' dir='ltr'><strong>enim</strong></span> <span class='ocrx_word' id='word_1_791' title='bbox 2266 4335 2332 4376; x_wconf 92' lang='lat' dir='ltr'><strong>ne</strong></span> <span class='ocrx_word' id='word_1_792' title='bbox 2384 4336 2479 4388; x_wconf 91' lang='lat' dir='ltr'><strong>pro</strong></span> <span class='ocrx_word' id='word_1_793' title='bbox 2520 4320 2722 4389; x_wconf 85' lang='lat' dir='ltr'><strong>angelis</strong></span> <span class='ocrx_word' id='word_1_794' title='bbox 2763 4335 2954 4389; x_wconf 89' lang='lat' dir='ltr'><strong>porcos</strong></span> <span class='ocrx_word' id='word_1_795' title='bbox 2990 4334 3055 4374; x_wconf 77' lang='lat' dir='ltr'><strong>ex</strong></span> <span class='ocrx_word' id='word_1_796' title='bbox 3103 4318 3227 4372; x_wconf 89' lang='lat' dir='ltr'><strong>hara</strong></span> <span class='ocrx_word' id='word_1_797' title='bbox 3259 4320 3525 4384; x_wconf 88' lang='lat' dir='ltr'><strong>educam,</strong></span> <span class='ocrx_word' id='word_1_798' title='bbox 3558 4328 3645 4371; x_wconf 90' lang='lat' dir='ltr'><strong>aut</strong></span> 
     </span>
    </p>
   </div>
   <div class='ocr_carea' id='block_1_107' title="bbox 2075 4409 3648 4481">
    <p class='ocr_par' dir='ltr' id='par_1_107' title="bbox 2075 4409 3648 4481">
     <span class='ocr_line' id='line_1_107' title="bbox 2075 4409 3648 4481; baseline -0.002 -16"><span class='ocrx_word' id='word_1_799' title='bbox 2075 4426 2242 4481; x_wconf 91' lang='lat' dir='ltr'><strong>equos</strong></span> <span class='ocrx_word' id='word_1_800' title='bbox 2288 4412 2614 4465; x_wconf 89' lang='lat' dir='ltr'><strong>emissarios.</strong></span> <span class='ocrx_word' id='word_1_801' title='bbox 2662 4410 2784 4465; x_wconf 88' lang='lat' dir='ltr'><strong>Scio</strong></span> <span class='ocrx_word' id='word_1_802' title='bbox 2831 4410 2945 4463; x_wconf 67' lang='lat' dir='ltr'><strong>harc</strong></span> <span class='ocrx_word' id='word_1_803' title='bbox 2974 4409 3125 4464; x_wconf 88' lang='lat' dir='ltr'><strong>vobis</strong></span> <span class='ocrx_word' id='word_1_804' title='bbox 3155 4411 3379 4465; x_wconf 90' lang='lat' dir='ltr'><strong>molesta</strong></span> <span class='ocrx_word' id='word_1_805' title='bbox 3412 4426 3533 4467; x_wconf 89' lang='lat' dir='ltr'><strong>esse</strong></span> <span class='ocrx_word' id='word_1_806' title='bbox 3555 4450 3571 4472; x_wconf 86' lang='lat'><strong>,</strong></span> <span class='ocrx_word' id='word_1_807' title='bbox 3596 4418 3648 4462; x_wconf 91' lang='lat' dir='ltr'><strong>at</strong></span> 
     </span>
    </p>
   </div>
   <div class='ocr_carea' id='block_1_108' title="bbox 2076 4500 3647 4560">
    <p class='ocr_par' dir='ltr' id='par_1_108' title="bbox 2076 4500 3647 4560">
     <span class='ocr_line' id='line_1_108' title="bbox 2076 4500 3647 4560; baseline -0.001 -6"><span class='ocrx_word' id='word_1_808' title='bbox 2076 4515 2180 4554; x_wconf 90' lang='lat' dir='ltr'><strong>non</strong></span> <span class='ocrx_word' id='word_1_809' title='bbox 2231 4512 2414 4554; x_wconf 80' lang='lat' dir='ltr'><strong>contra</strong></span> <span class='ocrx_word' id='word_1_810' title='bbox 2467 4515 2562 4553; x_wconf 92' lang='lat' dir='ltr'><strong>vos</strong></span> <span class='ocrx_word' id='word_1_811' title='bbox 2611 4516 2797 4554; x_wconf 90' lang='lat' dir='ltr'><strong>omnes</strong></span> <span class='ocrx_word' id='word_1_812' title='bbox 2836 4501 2949 4554; x_wconf 79' lang='lat' dir='ltr'><strong>Ita-c</strong></span> <span class='ocrx_word' id='word_1_813' title='bbox 2975 4500 3240 4560; x_wconf 88' lang='lat' dir='ltr'><strong>dicuntur,</strong></span> <span class='ocrx_word' id='word_1_814' title='bbox 3272 4500 3364 4554; x_wconf 89' lang='lat' dir='ltr'><strong>sed</strong></span> <span class='ocrx_word' id='word_1_815' title='bbox 3396 4500 3647 4555; x_wconf 89' lang='lat' dir='ltr'><strong>adversus</strong></span> 
     </span>
    </p>
   </div>
   <div class='ocr_carea' id='block_1_109' title="bbox 2075 4589 3645 4661">
    <p class='ocr_par' dir='ltr' id='par_1_109' title="bbox 2075 4589 3645 4661">
     <span class='ocr_line' id='line_1_109' title="bbox 2075 4589 3645 4661; baseline -0.003 -15"><span class='ocrx_word' id='word_1_816' title='bbox 2075 4607 2168 4646; x_wconf 87' lang='lat' dir='ltr'><strong>eos</strong></span> <span class='ocrx_word' id='word_1_817' title='bbox 2190 4592 2276 4661; x_wconf 93' lang='lat' dir='ltr'><strong>qui</strong></span> <span class='ocrx_word' id='word_1_818' title='bbox 2302 4591 2383 4645; x_wconf 90' lang='lat' dir='ltr'><strong>his</strong></span> <span class='ocrx_word' id='word_1_819' title='bbox 2407 4589 2622 4645; x_wconf 80' lang='lat' dir='ltr'><strong>obnoxii</strong></span> <span class='ocrx_word' id='word_1_820' title='bbox 2654 4601 2809 4654; x_wconf 90' lang='lat' dir='ltr'><strong>sunt;</strong></span> <span class='ocrx_word' id='word_1_821' title='bbox 2842 4591 2946 4643; x_wconf 91' lang='lat' dir='ltr'><strong>imo</strong></span> <span class='ocrx_word' id='word_1_822' title='bbox 2976 4606 3041 4645; x_wconf 92' lang='lat' dir='ltr'><strong>ne</strong></span> <span class='ocrx_word' id='word_1_823' title='bbox 3067 4598 3248 4644; x_wconf 91' lang='lat' dir='ltr'><strong>contra</strong></span> <span class='ocrx_word' id='word_1_824' title='bbox 3274 4590 3393 4644; x_wconf 92' lang='lat' dir='ltr'><strong>illos</strong></span> <span class='ocrx_word' id='word_1_825' title='bbox 3414 4590 3645 4661; x_wconf 88' lang='lat' dir='ltr'><strong>quidem,</strong></span> 
     </span>
    </p>
   </div>
   <div class='ocr_carea' id='block_1_110' title="bbox 2076 4680 3646 4751">
    <p class='ocr_par' dir='ltr' id='par_1_110' title="bbox 2076 4680 3646 4751">
     <span class='ocr_line' id='line_1_110' title="bbox 2076 4680 3646 4751; baseline -0.002 -15"><span class='ocrx_word' id='word_1_826' title='bbox 2076 4682 2120 4736; x_wconf 86' lang='lat' dir='ltr'><strong>si</strong></span> <span class='ocrx_word' id='word_1_827' title='bbox 2153 4681 2495 4750; x_wconf 77' lang='lat' dir='ltr'><strong>resipiscam,</strong></span> <span class='ocrx_word' id='word_1_828' title='bbox 2528 4680 2619 4734; x_wconf 80' lang='lat' dir='ltr'><strong>sed</strong></span> <span class='ocrx_word' id='word_1_829' title='bbox 2648 4696 2744 4751; x_wconf 90' lang='lat' dir='ltr'><strong>pro</strong></span> <span class='ocrx_word' id='word_1_830' title='bbox 2767 4681 2887 4734; x_wconf 91' lang='lat' dir='ltr'><strong>illis.</strong></span> <span class='ocrx_word' id='word_1_831' title='bbox 2924 4680 3071 4734; x_wconf 85' lang='lat' dir='ltr'><strong>Nune</strong></span> <span class='ocrx_word' id='word_1_832' title='bbox 3100 4680 3241 4734; x_wconf 87' lang='lat' dir='ltr'><strong>enim</strong></span> <span class='ocrx_word' id='word_1_833' title='bbox 3268 4682 3446 4735; x_wconf 88' lang='lat' dir='ltr'><strong>omnia</strong></span> <span class='ocrx_word' id='word_1_834' title='bbox 3479 4680 3646 4749; x_wconf 90' lang='lat' dir='ltr'><strong>perie-</strong></span> 
     </span>
    </p>
   </div>
   <div class='ocr_carea' id='block_1_111' title="bbox 2077 4772 3646 4844">
    <p class='ocr_par' dir='ltr' id='par_1_111' title="bbox 2077 4772 3646 4844">
     <span class='ocr_line' id='line_1_111' title="bbox 2077 4772 3646 4844; baseline -0.004 -14"><span class='ocrx_word' id='word_1_835' title='bbox 2077 4784 2201 4830; x_wconf 71' lang='lat' dir='ltr'><strong>runt</strong></span> <span class='ocrx_word' id='word_1_836' title='bbox 2246 4783 2600 4844; x_wconf 63' lang='lat' dir='ltr'><strong>corruptaque</strong></span> <span class='ocrx_word' id='word_1_837' title='bbox 2647 4783 2810 4828; x_wconf 89' lang='lat' dir='ltr'><strong>sunt:</strong></span> <span class='ocrx_word' id='word_1_838' title='bbox 2846 4774 3081 4843; x_wconf 90' lang='lat' dir='ltr'><strong>nihilque</strong></span> <span class='ocrx_word' id='word_1_839' title='bbox 3130 4772 3307 4828; x_wconf 71' lang='lat' dir='ltr'><strong>dilfert</strong></span> <span class='ocrx_word' id='word_1_840' title='bbox 3354 4773 3576 4829; x_wconf 71' lang='lat' dir='ltr'><strong>ecclesia</strong></span> <span class='ocrx_word' id='word_1_841' title='bbox 3618 4786 3646 4824; x_wconf 89' lang='lat' dir='ltr'><strong>a</strong></span> 
     </span>
    </p>
   </div>
   <div class='ocr_carea' id='block_1_112' title="bbox 2076 4863 3645 4930">
    <p class='ocr_par' dir='ltr' id='par_1_112' title="bbox 2076 4863 3645 4930">
     <span class='ocr_line' id='line_1_112' title="bbox 2076 4863 3645 4930; baseline -0.004 -9"><span class='ocrx_word' id='word_1_842' title='bbox 2076 4866 2259 4930; x_wconf 91' lang='lat' dir='ltr'><strong>boum,</strong></span> <span class='ocrx_word' id='word_1_843' title='bbox 2284 4866 2550 4919; x_wconf 74' lang='lat' dir='ltr'><strong>asinorum</strong></span> <span class='ocrx_word' id='word_1_844' title='bbox 2573 4864 2967 4919; x_wconf 86' lang='lat' dir='ltr'><strong>camelornntve</strong></span> <span class='ocrx_word' id='word_1_845' title='bbox 2991 4863 3196 4918; x_wconf 90' lang='lat' dir='ltr'><strong>stabulo</strong></span> <span class='ocrx_word' id='word_1_846' title='bbox 3226 4880 3239 4917; x_wconf 90' lang='lat'><strong>:</strong></span> <span class='ocrx_word' id='word_1_847' title='bbox 3264 4879 3327 4918; x_wconf 89' lang='lat' dir='ltr'><strong>ac</strong></span> <span class='ocrx_word' id='word_1_848' title='bbox 3350 4863 3477 4918; x_wconf 91' lang='lat' dir='ltr'><strong>dum</strong></span> <span class='ocrx_word' id='word_1_849' title='bbox 3501 4876 3645 4917; x_wconf 88' lang='lat' dir='ltr'><strong>ovem</strong></span> 
     </span>
    </p>
   </div>
   <div class='ocr_carea' id='block_1_113' title="bbox 2080 4958 3647 5029">
    <p class='ocr_par' dir='ltr' id='par_1_113' title="bbox 2080 4958 3647 5029">
     <span class='ocr_line' id='line_1_113' title="bbox 2080 4958 3647 5029; baseline -0.004 -14"><span class='ocrx_word' id='word_1_850' title='bbox 2080 4959 2315 5029; x_wconf 87' lang='lat' dir='ltr'><strong>requiro,</strong></span> <span class='ocrx_word' id='word_1_851' title='bbox 2352 4975 2418 5014; x_wconf 92' lang='lat' dir='ltr'><strong>nc</strong></span> <span class='ocrx_word' id='word_1_852' title='bbox 2448 4975 2607 5013; x_wconf 90' lang='lat' dir='ltr'><strong>unam</strong></span> <span class='ocrx_word' id='word_1_853' title='bbox 2636 4958 2848 5029; x_wconf 92' lang='lat' dir='ltr'><strong>quidem</strong></span> <span class='ocrx_word' id='word_1_854' title='bbox 2882 4974 3095 5028; x_wconf 90' lang='lat' dir='ltr'><strong>possum</strong></span> <span class='ocrx_word' id='word_1_855' title='bbox 3122 4958 3322 5014; x_wconf 89' lang='lat' dir='ltr'><strong>videre.</strong></span> <span class='ocrx_word' id='word_1_856' title='bbox 3354 4959 3427 5013; x_wconf 88' lang='lat' dir='ltr'><strong>lta</strong></span> <span class='ocrx_word' id='word_1_857' title='bbox 3466 4971 3647 5024; x_wconf 90' lang='lat' dir='ltr'><strong>nempe</strong></span> 
     </span>
    </p>
   </div>
   <div class='ocr_carea' id='block_1_114' title="bbox 2078 5048 3647 5121">
    <p class='ocr_par' dir='ltr' id='par_1_114' title="bbox 2078 5048 3647 5121">
     <span class='ocr_line' id='line_1_114' title="bbox 2078 5048 3647 5121; baseline -0.002 -18"><span class='ocrx_word' id='word_1_858' title='bbox 2078 5066 2267 5105; x_wconf 79' lang='lat' dir='ltr'><strong>omnes</strong></span> <span class='ocrx_word' id='word_1_859' title='bbox 2294 5051 2572 5104; x_wconf 91' lang='lat' dir='ltr'><strong>caleitrant</strong></span> <span class='ocrx_word' id='word_1_860' title='bbox 2593 5092 2607 5111; x_wconf 91' lang='lat'><strong>,</strong></span> <span class='ocrx_word' id='word_1_861' title='bbox 2634 5059 2689 5103; x_wconf 93' lang='lat' dir='ltr'><strong>ut</strong></span> <span class='ocrx_word' id='word_1_862' title='bbox 2714 5051 2833 5119; x_wconf 89' lang='lat' dir='ltr'><strong>equi</strong></span> <span class='ocrx_word' id='word_1_863' title='bbox 2860 5060 2913 5104; x_wconf 92' lang='lat' dir='ltr'><strong>et</strong></span> <span class='ocrx_word' id='word_1_864' title='bbox 2950 5051 3083 5105; x_wconf 90' lang='lat' dir='ltr'><strong>asini</strong></span> <span class='ocrx_word' id='word_1_865' title='bbox 3111 5062 3349 5121; x_wconf 87' lang='lat' dir='ltr'><strong>agrestes</strong></span> <span class='ocrx_word' id='word_1_866' title='bbox 3373 5092 3387 5114; x_wconf 90' lang='lat'><strong>,</strong></span> <span class='ocrx_word' id='word_1_867' title='bbox 3420 5050 3507 5119; x_wconf 90' lang='lat' dir='ltr'><strong>qui</strong></span> <span class='ocrx_word' id='word_1_868' title='bbox 3539 5048 3647 5103; x_wconf 67' lang='lat' dir='ltr'><strong>base</strong></span> 
     </span>
    </p>
   </div>
   <div class='ocr_carea' id='block_1_115' title="bbox 2079 5140 3645 5210">
    <p class='ocr_par' dir='ltr' id='par_1_115' title="bbox 2079 5140 3645 5210">
     <span class='ocr_line' id='line_1_115' title="bbox 2079 5140 3645 5210; baseline -0.003 -16"><span class='ocrx_word' id='word_1_869' title='bbox 2079 5142 2256 5195; x_wconf 84' lang='lat' dir='ltr'><strong>omnia</strong></span> <span class='ocrx_word' id='word_1_870' title='bbox 2304 5149 2540 5195; x_wconf 87' lang='lat' dir='ltr'><strong>stercore</strong></span> <span class='ocrx_word' id='word_1_871' title='bbox 2586 5142 2898 5210; x_wconf 86' lang='lat' dir='ltr'><strong>complent:</strong></span> <span class='ocrx_word' id='word_1_872' title='bbox 2935 5142 3055 5195; x_wconf 87' lang='lat' dir='ltr'><strong>talia</strong></span> <span class='ocrx_word' id='word_1_873' title='bbox 3102 5143 3243 5196; x_wconf 89' lang='lat' dir='ltr'><strong>enim</strong></span> <span class='ocrx_word' id='word_1_874' title='bbox 3284 5151 3406 5196; x_wconf 93' lang='lat' dir='ltr'><strong>sunt</strong></span> <span class='ocrx_word' id='word_1_875' title='bbox 3445 5140 3645 5194; x_wconf 89' lang='lat' dir='ltr'><strong>illorum</strong></span> 
     </span>
    </p>
   </div>
   <div class='ocr_carea' id='block_1_116' title="bbox 2079 5232 3645 5302">
    <p class='ocr_par' dir='ltr' id='par_1_116' title="bbox 2079 5232 3645 5302">
     <span class='ocr_line' id='line_1_116' title="bbox 2079 5232 3645 5302; baseline -0.001 -18"><span class='ocrx_word' id='word_1_876' title='bbox 2079 5234 2363 5301; x_wconf 87' lang='lat' dir='ltr'><strong>colloquia.</strong></span> <span class='ocrx_word' id='word_1_877' title='bbox 2406 5234 2483 5285; x_wconf 86' lang='lat' dir='ltr'><strong>Ac</strong></span> <span class='ocrx_word' id='word_1_878' title='bbox 2513 5233 2555 5285; x_wconf 90' lang='lat' dir='ltr'><strong>si</strong></span> <span class='ocrx_word' id='word_1_879' title='bbox 2586 5248 2771 5301; x_wconf 75' lang='lat' dir='ltr'><strong>posses</strong></span> <span class='ocrx_word' id='word_1_880' title='bbox 2801 5234 2935 5288; x_wconf 89' lang='lat' dir='ltr'><strong>scire</strong></span> <span class='ocrx_word' id='word_1_881' title='bbox 2976 5235 3151 5287; x_wconf 89' lang='lat' dir='ltr'><strong>omnia</strong></span> <span class='ocrx_word' id='word_1_882' title='bbox 3193 5251 3313 5302; x_wconf 71' lang='lat' dir='ltr'><strong>qua:</strong></span> <span class='ocrx_word' id='word_1_883' title='bbox 3345 5234 3395 5288; x_wconf 94' lang='lat' dir='ltr'><strong>in</strong></span> <span class='ocrx_word' id='word_1_884' title='bbox 3434 5232 3645 5300; x_wconf 77' lang='lat' dir='ltr'><strong>singulis</strong></span> 
     </span>
    </p>
   </div>
   <div class='ocr_carea' id='block_1_117' title="bbox 2080 5324 3647 5389">
    <p class='ocr_par' dir='ltr' id='par_1_117' title="bbox 2080 5324 3647 5389">
     <span class='ocr_line' id='line_1_117' title="bbox 2080 5324 3647 5389; baseline 0.001 -13"><span class='ocrx_word' id='word_1_885' title='bbox 2080 5324 2426 5378; x_wconf 86' lang='lat' dir='ltr'><strong>concionilms</strong></span> <span class='ocrx_word' id='word_1_886' title='bbox 2471 5325 2718 5378; x_wconf 59' lang='lat' dir='ltr'><strong>dicuntur</strong></span> <span class='ocrx_word' id='word_1_887' title='bbox 2764 5340 2792 5377; x_wconf 90' lang='lat' dir='ltr'><strong>a</strong></span> <span class='ocrx_word' id='word_1_888' title='bbox 2825 5325 2984 5389; x_wconf 86' lang='lat' dir='ltr'><strong>virts,</strong></span> <span class='ocrx_word' id='word_1_889' title='bbox 3014 5340 3046 5379; x_wconf 87' lang='lat' dir='ltr'><strong>a</strong></span> <span class='ocrx_word' id='word_1_890' title='bbox 3072 5325 3416 5383; x_wconf 87' lang='lat' dir='ltr'><strong>mulieribus.</strong></span> <span class='ocrx_word' id='word_1_891' title='bbox 3448 5324 3647 5377; x_wconf 64' lang='lat' dir='ltr'><strong>videre:</strong></span> 
     </span>
    </p>
   </div>
   <div class='ocr_carea' id='block_1_118' title="bbox 2083 5416 3645 5486">
    <p class='ocr_par' dir='ltr' id='par_1_118' title="bbox 2083 5416 3645 5486">
     <span class='ocr_line' id='line_1_118' title="bbox 2083 5416 3645 5486; baseline -0.001 -20"><span class='ocrx_word' id='word_1_892' title='bbox 2083 5416 2261 5481; x_wconf 86' lang='lat' dir='ltr'><strong>utique</strong></span> <span class='ocrx_word' id='word_1_893' title='bbox 2278 5416 2391 5470; x_wconf 55' lang='lat' dir='ltr'><strong>haec</strong></span> <span class='ocrx_word' id='word_1_894' title='bbox 2408 5427 2643 5470; x_wconf 90' lang='lat' dir='ltr'><strong>stercore</strong></span> <span class='ocrx_word' id='word_1_895' title='bbox 2662 5416 2751 5469; x_wconf 91' lang='lat' dir='ltr'><strong>illo</strong></span> <span class='ocrx_word' id='word_1_896' title='bbox 2769 5416 3120 5471; x_wconf 87' lang='lat' dir='ltr'><strong>innnundiora</strong></span> <span class='ocrx_word' id='word_1_897' title='bbox 3141 5418 3294 5486; x_wconf 84' lang='lat' dir='ltr'><strong>longe</strong></span> <span class='ocrx_word' id='word_1_898' title='bbox 3310 5432 3444 5472; x_wconf 87' lang='lat' dir='ltr'><strong>esse.</strong></span> <span class='ocrx_word' id='word_1_899' title='bbox 3461 5418 3645 5480; x_wconf 83' lang='lat' dir='ltr'><strong>Quant-</strong></span> 
     </span>
    </p>
   </div>
   <div class='ocr_carea' id='block_1_119' title="bbox 2081 5504 3644 5574">
    <p class='ocr_par' dir='ltr' id='par_1_119' title="bbox 2081 5504 3644 5574">
     <span class='ocr_line' id='line_1_119' title="bbox 2081 5504 3644 5574; baseline 0 -17"><span class='ocrx_word' id='word_1_900' title='bbox 2081 5505 2264 5559; x_wconf 88' lang='lat' dir='ltr'><strong>obretn</strong></span> <span class='ocrx_word' id='word_1_901' title='bbox 2313 5522 2441 5574; x_wconf 87' lang='lat' dir='ltr'><strong>rogo</strong></span> <span class='ocrx_word' id='word_1_902' title='bbox 2495 5504 2632 5560; x_wconf 90' lang='lat' dir='ltr'><strong>bane</strong></span> <span class='ocrx_word' id='word_1_903' title='bbox 2673 5508 2865 5561; x_wconf 87' lang='lat' dir='ltr'><strong>tnalatn</strong></span> <span class='ocrx_word' id='word_1_904' title='bbox 2916 5507 3356 5563; x_wconf 88' lang='lat' dir='ltr'><strong>consuetudinem</strong></span> <span class='ocrx_word' id='word_1_905' title='bbox 3407 5506 3644 5569; x_wconf 83' lang='lat' dir='ltr'><strong>mutetis,</strong></span> 
     </span>
    </p>
   </div>
   <div class='ocr_carea' id='block_1_120' title="bbox 2145 5638 2802 5701">
    <p class='ocr_par' dir='ltr' id='par_1_120' title="bbox 2145 5638 2802 5701">
     <span class='ocr_line' id='line_1_120' title="bbox 2145 5638 2802 5701; baseline 0 -13"><span class='ocrx_word' id='word_1_906' title='bbox 2145 5642 2159 5671; x_wconf 86' lang='grc'>¹</span> <span class='ocrx_word' id='word_1_907' title='bbox 2188 5638 2240 5689; x_wconf 87' lang='lat' dir='ltr'><strong>la</strong></span> <span class='ocrx_word' id='word_1_908' title='bbox 2256 5639 2417 5688; x_wconf 70' lang='lat' dir='ltr'><strong>Morel.</strong></span> <span class='ocrx_word' id='word_1_909' title='bbox 2436 5638 2633 5701; x_wconf 81' lang='lat' dir='ltr'><strong>legitur,</strong></span> <span class='ocrx_word' id='word_1_910' title='bbox 2662 5640 2802 5691; x_wconf 69' lang='lat' dir='ltr'><strong>vobis.</strong></span> 
     </span>
    </p>
   </div>
   <div class='ocr_carea' id='block_1_121' title="bbox 2146 5701 3373 5765">
    <p class='ocr_par' dir='ltr' id='par_1_121' title="bbox 2146 5701 3373 5765">
     <span class='ocr_line' id='line_1_121' title="bbox 2146 5701 3373 5765; baseline 0.002 -15"><span class='ocrx_word' id='word_1_911' title='bbox 2146 5704 2165 5734; x_wconf 81' lang='grc'><strong>⁹</strong></span> <span class='ocrx_word' id='word_1_912' title='bbox 2193 5710 2317 5759; x_wconf 57' lang='lat' dir='ltr'><strong>luce,</strong></span> <span class='ocrx_word' id='word_1_913' title='bbox 2344 5715 2405 5751; x_wconf 82' lang='lat' dir='ltr'><strong>un</strong></span> <span class='ocrx_word' id='word_1_914' title='bbox 2429 5701 2746 5765; x_wconf 57' lang='lat' dir='ltr'><strong>lmgt&#39;ttanrm,</strong></span> <span class='ocrx_word' id='word_1_915' title='bbox 2776 5717 2867 5751; x_wconf 81' lang='lat' dir='ltr'><strong>ll‘n</strong></span> <span class='ocrx_word' id='word_1_916' title='bbox 2893 5702 3123 5764; x_wconf 77' lang='lat' dir='ltr'><strong>leguntur</strong></span> <span class='ocrx_word' id='word_1_917' title='bbox 3145 5702 3194 5751; x_wconf 92' lang='lat' dir='ltr'><strong>iu</strong></span> <span class='ocrx_word' id='word_1_918' title='bbox 3213 5701 3373 5752; x_wconf 64' lang='lat' dir='ltr'><strong>Morel.</strong></span> 
     </span>
    </p>
   </div>
  </div>
