4068 6214
391 225 485 281 7M

388 355 441 393 ut
465 342 691 395 ecclesia
720 348 1044 411 unguentum
1073 340 1255 409 Spiret.
1287 341 1437 396 Nune
1479 354 1653 397 autem
1693 346 1961 401 sensibilia

391 434 445 485 in
475 434 561 487 Illa
591 432 933 503 tltytuiamata
961 432 1239 498 ponimus,
1267 433 1332 486 de
1360 434 1615 501 spirituali
1646 448 1821 489 autem
1866 434 1965 488 im-

387 525 644 578 munditia
676 539 780 577 non
813 532 1011 576 tantam
1036 538 1216 575 curam
1244 523 1510 591 gerimus,
1542 533 1595 575 ut
1620 539 1735 577 eam
1769 539 1963 593 purge-

387 632 505 670 mus
553 615 984 685 auferatuttsquc.
1023 614 1273 683 Quamam
1324 630 1452 685 ergo
1498 616 1733 669 utilitas?
1780 616 1962 684 Neque

386 708 527 761 enim
561 708 627 759 ita
660 708 939 761 ecclesiam
971 706 1376 773 detnrparemus
1396 750 1409 772 ,
1441 717 1644 762 stercus
1664 722 1958 775 congeren-

388 808 484 860 tes.
518 814 673 870 quam
708 796 989 861 fmdamus,
1022 798 1139 849 talin
1168 808 1348 851 mutuo
1372 798 1665 867 loquentes,
1696 798 1761 851 de
1793 799 1957 856 lucro,

382 891 450 962 de
483 890 861 959 negotiatione,
890 889 955 941 de
984 889 1387 956 cauponationc,
1418 889 1482 942 de
1505 891 1567 942 iis
1595 904 1711 958 qua:
1743 890 1868 941 nihil
1893 890 1958 940 ad

1352 228 1416 284 ΙΝ
1456 229 1860 287 ΜΑΤΤΙΙᾹΞΙΞΜ
1901 226 2130 285 ιιοδιῐι.
2174 232 2456 287 LXXX“.
2501 234 2572 289 al.
2621 235 2729 291 XC.

3549 247 3657 300 73‘:

2077 361 2172 399 nos
2199 347 2461 414 pertinent
2483 390 2496 411 ,
2525 363 2644 401 cum
2672 362 2943 419 oporteret
2972 354 3061 408 lrie
3084 358 3353 419 angelicos
3379 372 3500 413 esse
3526 367 3655 413 clm-

2074 450 2188 498 ros,
2227 445 2281 488 et
2326 437 2600 490 ecclesiam
2646 440 2833 493 cu-lmn
2879 442 3072 510 facere,
3121 446 3352 515 nihilque
3392 450 3533 502 aliud
3569 451 3653 506 hic.

2073 540 2193 576 esse
2219 542 2373 593 quam
2406 530 2737 595 precatimtes
2777 533 3017 585 assiduas
3041 574 3054 594 ,
3100 536 3371 590 silentium
3399 548 3447 592 et
3480 551 3649 593 atten-

2074 618 2290 671 tionem.
2317 618 2427 673 Hoc
2451 621 2532 672 vel
2559 637 2695 675 nunc
2723 624 2995 687 faciamus,
3023 636 3081 679 ut
3104 637 3157 680 et
3182 629 3339 681 vitam
3360 646 3652 700 purgemus

2074 718 2329 773 nostram,
2374 718 2427 762 ct
2471 712 2734 779 promissa
2781 724 2980 768 aeterna
3028 716 3162 767 bona
3214 732 3605 787 consequamur
3638 764 3650 778 .

2071 800 2235 868 gratia
2263 810 2312 853 et
2347 801 2673 871 benignitate
2706 804 2912 857 Domitii
2947 808 3111 859 uestri
3140 807 3262 862 Jesu
3298 808 3530 877 Christi,
3562 815 3648 865 cui

2070 891 2233 957 gloria
2266 892 2316 944 in
2348 894 2536 946 sarcula
2567 897 2899 949 smeulorttm.
2931 898 3117 950 Amen.

2385 1011 3650 1034 _.____—___________,

1514 1069 1860 1130 HOMILIA
1904 1069 2261 1128 LXXXIX.
2309 1071 2395 1131 al.
2440 1071 2573 1132 XC.

387 1224 519 1279 Csr.
548 1222 636 1275 9.7.
672 1236 724 1274 v.
778 1219 865 1272 δί.
926 1216 1140 1271 Postera
1187 1224 1354 1268 autem
1401 1213 1515 1276 die,
1555 1227 1666 1282 qua:
1714 1218 1786 1262 est
1845 1218 1955 1276 post

457 1316 804 1378 I’arasceven,
861 1318 1194 1365 convenerunt
1251 1308 1500 1376 principes
1545 1305 1857 1357 sacerdotum
1911 1312 1957 1355 et

458 1406 712 1460 l’ltaristei
738 1406 805 1456 ad
831 1403 1053 1457 Pilatum
1072 1443 1084 1463 ,
1115 1401 1203 1456 65.
1231 1400 1445 1453 dicentes
1471 1412 1488 1450 :
1515 1397 1731 1449 Domine
1749 1436 1763 1459 ,
1792 1410 1957 1445 recor-

453 1500 558 1552 dati
594 1513 768 1551 sumus
805 1496 938 1565 quod
968 1495 1208 1562 impostor
1232 1490 1317 1543 ille
1355 1489 1534 1541 dixerit
1559 1487 1724 1539 adhuc
1752 1485 1916 1538 vivens
1939 1523 1954 1546 ,

458 1592 579 1645 Post
604 1601 703 1644 tres
728 1590 833 1642 dies
862 1603 1139 1656 resurgam.
1172 1584 1259 1638 6i.
1288 1582 1420 1636 lube
1446 1596 1565 1650 ergo
1592 1579 1775 1632 muniri
1796 1576 1955 1644 sepul-

452 1702 591 1739 crum
639 1699 793 1751 usque
834 1682 885 1733 in
933 1682 1065 1732 diem
1097 1678 1314 1738 tertium,
1358 1691 1419 1727 ne
1448 1673 1692 1753 venientes
1720 1667 1958 1738 discipuli

451 1778 561 1843 ejus
585 1774 815 1843 furentur
844 1788 975 1834 eum,
1003 1779 1048 1822 et
1076 1769 1243 1821 dicunt
1271 1765 1479 1836 papula,
1509 1762 1643 1833 quod
1669 1774 1950 1814 resurrexe-

450 1868 515 1919 rit
536 1885 564 1919 ιι
584 1865 791 1918 mortuis
812 1880 834 1917 :
853 1873 898 1916 et
926 1862 1017 1915 erit
1037 1860 1333 1913 novissimus
1357 1873 1500 1909 error
1526 1853 1670 1923 peior
1696 1854 1883 1920 priore.

453 1961 504 2014 l.
533 1957 742 2026 Ubique
770 1970 919 2009 error
959 1954 1009 2007 iu
1046 1953 1278 2022 seipsum
1312 1948 1551 2018 impingit
1582 1950 1597 1978 ⁸
1624 1987 1638 2009 ,
1667 1960 1729 1999 ac
1758 1944 1842 1997 vel
1872 1943 1953 1996 in-

381 2053 522 2104 vitus
563 2048 772 2104 veritati
815 2047 1151 2115 suﬂ'ragatur.
1203 2041 1480 2111 Perpende
1518 2039 1697 2108 igitur.
1725 2036 1956 2090 Credere

380 2145 632 2215 oportuit,
686 2153 950 2195 mortuum
979 2140 1123 2193 illum
1152 2151 1291 2195 esse.
1325 2143 1379 2189 et
1416 2133 1701 2203 sepultum,
1752 2144 1814 2183 ac
1866 2144 1954 2181 re-

379 2238 674 2292 surrexisse
705 2254 717 2287 :
749 2251 867 2304 qua:
904 2234 1079 2287 omnia
1109 2230 1443 2284 inimicorum
1480 2241 1640 2295 Opera
1682 2222 1954 2278 credibilia

379 2335 531 2386 liuut.
565 2329 699 2383 Vide
723 2329 878 2397 igitur
909 2326 993 2377 illa
1027 2324 1183 2377 verba
1203 2363 1219 2386 ,
1251 2337 1368 2389 qu:e
1396 2321 1492 2374 ista
1525 2332 1739 2387 prorsus
1760 2315 1953 2369 confir-

381 2432 528 2475 tnaut
557 2442 573 2475 :
605 2418 873 2474 Rccordati
896 2431 1068 2470 sumus
1088 2455 1101 2477 ,
1129 2413 1265 2483 quod
1281 2413 1521 2481 intpostor
1546 2409 1633 2462 ille
1656 2406 1838 2460 dixerit
1863 2404 1954 2456 ad-

364 2515 463 2566 huc
480 2513 665 2567 vivens.
681 2520 930 2563 mortuus
943 2520 1024 2560 est
1047 2496 1252 2573 igitur),
1264 2502 1384 2554 Post
1406 2511 1509 2553 tres
1523 2500 1634 2552 dies
1650 2512 1944 2567 resurgam.

362 2606 499 2660 lube
546 2604 858 2674 obsignari‘
907 2599 1205 2667 sepulcrum
1235 2598 1388 2662 (ergo
1417 2592 1661 2661 sepultus
1704 2590 1808 2658 est)
1840 2631 1853 2655 ,
1888 2605 1950 2641 ne

382 2699 512 2765 forte
538 2696 732 2748 veniant
761 2692 1001 2761 discipuli
1023 2693 1133 2760 ejus
1153 2730 1169 2755 ,
1200 2701 1245 2743 et
1268 2691 1497 2759 furentur
1525 2704 1657 2741 eum.
1688 2686 1742 2739 Si
1777 2689 1953 2756 itaque

377 2790 680 2857 sepulcrum
724 2786 981 2840 munitum
1015 2784 1085 2838 sit
1127 2794 1180 2837 et
1222 2783 1585 2848 obsignatum,
1627 2780 1766 2833 nulla
1809 2779 1955 2832 fraus

378 2881 517 2934 erit?
544 2879 694 2933 Nulla
722 2886 884 2932 certe.
920 2877 1058 2946 Ergo
1099 2885 1242 2930 certa
1290 2885 1373 2929 est
1415 2866 1821 2927 resurrectionis
1860 2872 1957 2924 de-

378 2970 696 3025 monstratio
721 3010 734 3034 ,
769 2979 824 3022 ut
856 2978 1000 3038 patet
1025 2984 1087 3021 ex
1120 2968 1182 3020 iis
1211 2982 1327 3036 qua:
1355 2982 1448 3019 vos
1475 2964 1782 3019 obtendilis.
1816 2964 1948 3016 Cum

376 3064 519 3119 enim
562 3062 896 3131 obsignatum
929 3060 1084 3113 fuerit
1125 3059 1451 3127 sepulcrum,
1497 3058 1636 3111 nulla
1662 3058 1806 3111 fraus
1833 3057 1947 3110 fuit.

378 3157 433 3212 Si
466 3157 603 3210 nulla
633 3155 797 3219 fraus,
821 3166 873 3209 et
895 3165 1069 3210 tamen
1098 3155 1397 3225 sepulcrum
1429 3171 1650 3208 vacuum
1681 3164 1947 3224 repertum

377 3256 478 3308 est.
508 3248 677 3318 palam
710 3246 730 3277 ³
756 3255 808 3300 ct
837 3248 952 3300 sine
979 3247 1337 3300 controversia
1368 3256 1450 3300 est
1496 3247 1664 3314 ipsum
1709 3261 1949 3298 resurre-

376 3342 538 3394 xisse.
572 3340 753 3393 Viden‘
777 3339 1043 3408 quomodo
1072 3339 1155 3393 vel
1180 3339 1323 3392 inviti
1354 3354 1448 3406 pro
1474 3338 1711 3393 veritatis
1735 3338 1950 3391 demon-

375 3433 632 3486 stratione
654 3430 925 3501 pugnent?
952 3431 1029 3485 Tn
1058 3446 1184 3485 vero
1209 3430 1336 3484 mibi
1367 3430 1633 3499 perpende
1658 3443 1816 3499 quam
1843 3428 1948 3483 sint

374 3523 618 3592 discipuli
649 3524 886 3577 veritatis
911 3531 1150 3576 amantes
1173 3537 1188 3585 ;
1215 3522 1482 3592 quomodo
1511 3520 1638 3574 nihil
1678 3520 1947 3574 occultent

375 3631 439 3668 ex
486 3615 548 3667 iis
592 3629 709 3683 qua:
755 3615 948 3667 inimici
1000 3613 1283 3677 dixerunt,
1324 3614 1662 3683 quantumvis
1688 3613 1944 3680 probrosa

376 3707 461 3758 illa
490 3705 614 3759 sint.
645 3706 781 3760 Ecce
810 3708 952 3759 enim
982 3707 1324 3773 impostorem
1358 3714 1547 3758 vocant
1567 3746 1580 3768 ,
1616 3722 1787 3776 neque
1816 3705 1943 3759 illttd

374 3797 472 3863 ipsi
508 3807 677 3851 tacent
713 3817 724 3850 :
760 3798 809 3851 id
838 3797 975 3866 quod
1007 3799 1165 3851 etiam
1198 3798 1405 3851 illorum
1445 3798 1809 3852 crudelitatem
1853 3797 1947 3850 de-

375 3899 631 3944 monstrat
668 3939 685 3963 ,
742 3890 882 3957 quod
912 3906 975 3943 ne
1003 3900 1120 3960 post
1145 3900 1367 3943 mortem
1391 3891 1601 3959 quidem
1644 3892 1773 3944 iratn
1814 3889 1942 3943 mis-

372 3994 483 4034 s'tm
530 3978 956 4037 fecerintﬂlllud
1002 3994 1174 4036 autem
1225 3998 1464 4051 qut-rere
1491 3997 1668 4049 Opera:
1717 3981 1941 4049 pretium

372 4075 568 4127 fuerit:
600 4074 685 4126 ubi
733 4090 924 4140 nempe
968 4074 1188 4133 dixerit.
1238 4073 1353 4125 Post
1391 4083 1487 4125 tres
1518 4073 1623 4125 dies
1662 4086 1939 4141 resurgam.

369 4165 551 4234 Neque
592 4166 733 4219 enim
779 4164 903 4217 illud
930 4165 1074 4219 clare
1103 4166 1299 4219 dictum
1342 4165 1639 4228 invenitur;
1668 4163 1762 4217 sed
1792 4161 1940 4215 .lona:

372 4265 571 4308 tantum
592 4257 835 4323 exemplo
854 4257 894 4307 ⁵.
926 4256 1102 4323 Itaque
1134 4256 1372 4309 sciebant
1402 4255 1609 4308 scelein
1640 4253 1806 4307 Judtei
1830 4294 1844 4315 ,
1878 4268 1937 4306 ea

366 4363 483 4413 qum
514 4347 602 4401 ille
629 4347 852 4409 dixt‘rat,
876 4356 931 4400 et
955 4362 1045 4399 sua
1070 4354 1257 4413 sponte
1286 4346 1514 4414 maligne
1534 4345 1777 4414 agebant.
1804 4343 1938 4413 Quid

365 4454 493 4508 ergo
544 4438 773 4492 Pilatus?
815 4438 903 4492 65.
958 4436 1165 4490 Habetis
1211 4439 1523 4503 custodiam,
1575 4438 1760 4490 munita
1811 4438 1939 4491 sicut

363 4531 519 4583 scitis.
550 4530 636 4583 66.
668 4529 733 4584 Et
763 4531 1077 4583 muniret-unt
1102 4529 1405 4597 sepulcrum,
1434 4530 1686 4596 signantes
1716 4528 1936 4595 lapidem

363 4637 475 4673 cum
498 4622 744 4674 custodia.
773 4620 883 4673 Non
917 4621 1172 4689 permittit
1202 4628 1258 4671 ut
1289 4618 1480 4672 milites
1502 4619 1599 4671 soli
1630 4618 1930 4687 obsignent:

363 4727 483 4763 nam
510 4712 658 4781 quasi
688 4712 754 4765 de
788 4712 946 4764 rebus
991 4711 1155 4779 ipsius
1185 4709 1407 4764 edoctus
1426 4748 1443 4775 ,
1491 4725 1595 4762 non
1643 4710 1783 4763 ultra
1811 4726 1931 4763 cum

359 4801 465 4856 illis
493 4802 602 4855 vult
642 4816 833 4871 agere;
880 4801 972 4855 sed
1003 4811 1058 4855 ut
1103 4815 1220 4855 sese
1267 4801 1334 4854 ab
1368 4801 1471 4854 illis
1511 4802 1789 4870 expediat,
1834 4800 1934 4855 hoc

356 4894 517 4947 etiam
559 4894 817 4962 permittit
859 4903 912 4946 et
955 4893 1066 4946 ait:
1101 4892 1205 4947 Vos
1245 4903 1301 4947 ut
1331 4893 1485 4948 vultis
1526 4893 1834 4964 obsignate,
1866 4912 1932 4949 ne

407 5046 425 5115 ξ
458 5043 661 5115 Quidam
683 5042 888 5115 habent,
909 5044 1121 5115 seipsum
1152 5047 1525 5115 transverberat.

405 5109 427 5173 ξ
460 5108 772 5173 aliideguut.
810 5120 914 5167 pro,
940 5108 1185 5173 obsignari
1219 5110 1421 5173 muniri.

372 5228 381 5236 ~
407 5168 514 5238 {In
539 5168 718 5238 Morel.
745 5168 946 5231 legitur,
978 5170 1021 5219 si
1044 5168 1185 5221 'nulla
1214 5171 1370 5235 fraus,
1409 5178 1592 5238 palam,
1630 5184 1710 5227 etc
1736 5216 1748 5237 ,
1781 5183 1930 5231 omis-

339 5233 411 5277 δίς
444 5233 763 5290 interpositis.

406 5298 425 5323 δ
459 5295 663 5360 supple.
689 5301 741 5340 ut
762 5295 925 5340 tinem
950 5295 1179 5361 videlicet
1204 5294 1397 5361 integre
1422 5302 1708 5361 reddantur,
1729 5301 1928 5355 horum-

338 5364 433 5416 que
466 5355 785 5405 sinceritatem
806 5355 1205 5418 t'eraritatcmqtte
1236 5360 1551 5411 demonstrat.

402 5419 424 5446 ³
447 5419 937 5489 -ίὶιοδςειυχεμι-(νερης
979 5420 1167 5489 (Iudicis
1202 5419 1401 5489 ὅθιβίς
1435 5426 1700 5489 legendum
1747 5430 1923 5489 innuit,

342 5478 571 5525 nimirum
610 5492 619 5525 :
664 5478 756 5528 Ubi
788 5494 956 5542 nempe
996 5479 1181 5530 diacrit
1219 5482 1430 5539 ludatis.
1474 5478 1509 5531 ξ’
1541 5488 1656 5535 I’ost
1700 5498 1794 5537 (res
1822 5478 1926 5541 dies

340 5551 612 5613 rma-qam.
637 5611 644 5613 Α
665 5555 682 5587 ι
724 5543 919 5613 strains
940 5542 1164 5613 nquidem
1194 5546 1283 5613 hoc
1319 5545 1574 5613 discipulis
1605 5549 1786 5600 dictum
1824 5563 1925 5613 est;

338 5604 533 5710 {audiris
564 5611 721 5711 mutem
752 5607 885 5655 clare
917 5604 1101 5654 dictum
1132 5620 1224 5657 non
1246 5604 1503 5671 invenitur,
1538 5615 1621 5662 sed
1654 5616 1799 5664 Jomc
1820 5604 1925 5663 tun;

393 5678 439 5710 ut
468 5677 640 5711 L'It‘lttl'
661 5682 706 5711 υ-

393 5678 439 5710 ut
468 5677 706 5727 cxcrnpw.

2069 1209 2200 1261 alios
2241 1211 2485 1266 incusare
2518 1215 2750 1283 possitis.
2778 1215 2911 1272 Nam
2943 1220 2985 1273 si
3013 1222 3112 1274 soli
3144 1224 3337 1278 milites
3364 1224 3645 1294 obsignas-

2065 1310 2211 1363 sent,
2235 1301 2414 1355 diecre
2447 1307 2774 1373 potuissent,
2806 1309 3013 1363 etiamsi
3039 1312 3086 1363 id
3118 1313 3304 1367 falsum
3335 1326 3389 1367 et
3416 1318 3645 1368 int-rodi—

2066 1392 2170 1445 bile
2208 1393 2423 1455 fuisset;
2468 1407 2695 1452 attamen
2736 1404 2791 1453 ut
2819 1400 2952 1455 alias
2983 1401 3322 1472 impudenter
3377 1407 3644 1467 iecerant.

2062 1484 2239 1539 dicere
2270 1490 2580 1555 potuissont,
2607 1492 2799 1547 milites
2820 1508 3011 1561 corpus
3038 1493 3383 1549 auferendum
3411 1497 3643 1558 dedisse.

2062 1576 2438 1648 discipulisque
2486 1598 2669 1636 ansam
2726 1585 3038 1652 prtcbuisse,
3088 1596 3144 1640 ut
3194 1591 3639 1643 resurrectionem

2062 1672 2175 1735 ejus
2206 1672 2570 1741 eouﬁngerent
2598 1693 2611 1726 :
2638 1690 2776 1727 nunc
2797 1686 2975 1730 autem
2995 1691 3116 1731 cum
3145 1678 3243 1747 ipsi
3267 1681 3645 1743 munivisscnt,

2063 1756 2163 1812 hoc
2194 1759 2375 1815 dicere
2407 1777 2509 1815 non
2541 1773 2804 1832 poterant.

2136 1852 2566 1908 Resurrectionem
2603 1857 2789 1909 Christi
2815 1867 2999 1911 certam
3034 1876 3139 1914 esse
3164 1862 3423 1930 probatur.
3452 1894 3521 1904 —-
3546 1863 3646 1917 γε-

2062 1941 2182 1994 dcn‘
2208 1944 2474 2011 quomodo
2503 1946 2741 1999 nolentes
2772 1949 3046 2003 veritatem
3085 1966 3328 2006 asserere
3366 1954 3647 2007 nitantur?

2061 2031 2189 2085 Nam
2221 2035 2316 2102 ipsi
2347 2047 2703 2099 accesserunt,
2728 2039 2822 2105 ipsi
2848 2042 3133 2108 petit-runt,
3170 2042 3264 2110 ipsi
3294 2043 3643 2113 obsignaiunt

2060 2138 2178 2177 Cum
2206 2125 2481 2190 custodia;
2517 2128 2582 2180 ita
2631 2140 2682 2181 ut
2724 2144 2841 2183 sose
2872 2145 3052 2183 mutuo
3097 2145 3341 2185 accusent
3377 2146 3429 2187 et
3458 2138 3640 2188 θυμίη-

2063 2225 2192 2271 lent.
2226 2219 2385 2286 Atqui
2415 2221 2626 2289 quando
2666 2218 2820 2275 furtiti
2850 2234 3027 2277 essent
3058 2225 3106 2277 in
3140 2225 3362 2277 sabbato
3382 2267 3398 2291 ,
3424 2237 3475 2281 et
3508 2245 3642 2297 quo-

2059 2306 2259 2360 modo?
2284 2308 2463 2378 Neque
2497 2312 2639 2365 enim
2672 2312 2882 2381 prodire
2912 2324 3175 2383 pmerant.
3213 2317 3363 2380 Quod
3394 2318 3437 2369 si
3468 2318 3635 2386 legem

2059 2401 2423 2467 prtctcrgrcssi
2454 2413 2633 2457 essent
2657 2446 2669 2464 ,
2703 2404 2969 2472 quomodo
2996 2407 3106 2458 ausi
3151 2407 3372 2461 fuissent
3400 2409 3466 2461 ita
3500 2411 3636 2463 tinti-

2059 2491 2109 2543 di
2138 2490 2432 2545 accedere?
2461 2494 2728 2561 quomodo
2757 2495 3077 2563 petsuadere
3105 2500 3270 2549 turluc
3300 2501 3589 2567 potuissent
3616 2501 3638 2551 ?

2057 2582 2180 2651 quid
2208 2582 2481 2647 dixisst-nt,
2515 2586 2637 2654 quid
2672 2586 2953 2640 fecissent?
2983 2604 3087 2657 quo
3114 2589 3290 2642 animo
3316 2606 3408 2653 pro
3431 2603 3638 2646 mortuo

2057 2684 2199 2727 stare
2246 2676 2571 2744 potuisSeut?
2607 2694 2762 2745 quam
2791 2688 3163 2747 exspectantes
3196 2681 3639 2736 retributionem?

2057 2782 2213 2834 quam
2245 2767 2586 2821 mercedem?
2629 2767 2756 2822 Cum
2792 2768 3056 2823 viventem
3090 2771 3237 2823 illtnu
3282 2775 3636 2841 comprehcn-

2056 2869 2173 2908 smn
2206 2856 2221 2887 ¹
2257 2856 2528 2922 viderent,
2572 2858 2847 2927 fugerunt;
2889 2869 2935 2913 et
2972 2872 3087 2928 pust
3122 2871 3344 2914 mortem
3386 2863 3639 2917 audacter

2058 2961 2153 3014 pro
2189 2946 2279 2999 illo
2310 2946 2575 3015 loquuturi
2605 2957 2754 3001 erant
2774 2990 2790 3013 ,
2818 2948 2861 3001 si
2906 2964 3009 3001 non
3057 2952 3472 3006 rcsorrexissct?
3501 2955 3637 3019 Quo-

2055 3034 2213 3087 modo
2246 3035 2359 3088 lucc
2389 3037 2607 3105 cogitari
2651 3037 2894 3107 possint?
2935 3038 3084 3105 Quod
3128 3041 3269 3094 enim
3316 3057 3413 3095 nec
3445 3044 3638 3096 voluis-

2055 3135 2173 3180 sent
2199 3142 2298 3181 nec
2326 3130 2620 3195 potuissent
2649 3131 3130 3194 resurrectionem,
3161 3148 3277 3199 quae
3302 3150 3404 3186 non
3432 3133 3635 3201 luisset,

2056 3216 2254 3284 lingere
2275 3258 2288 3280 ,
2328 3216 2452 3271 hinc
2484 3218 2654 3287 palam
2683 3227 2782 3270 est.
2813 3216 2970 3271 Multa
3003 3221 3143 3273 enim
3180 3222 3281 3275 illis
3307 3222 3372 3276 de
3400 3240 3635 3277 resurre-

2051 3307 2227 3359 ctione
2248 3307 2496 3376 loquutus
2517 3308 2821 3375 frequenter
2850 3307 3055 3375 fuerat,
3090 3320 3144 3363 ttt
3176 3312 3272 3380 ipsi
3310 3314 3594 3368 narrabant
3616 3358 3629 3377 ,

2052 3396 2177 3450 Post
2223 3409 2321 3452 tres
2362 3400 2467 3453 dies
2510 3416 2788 3471 resurgam.
2829 3401 2882 3455 Si
2915 3416 3040 3472 ergo
3069 3419 3172 3456 tton
3205 3410 3587 3461 rcsurrcxisset
3614 3450 3635 3473 ,

2052 3495 2388 3549 manifestum
2414 3506 2496 3550 est
2521 3511 2648 3561 eos,
2680 3506 2862 3567 utpote
2889 3498 3141 3568 deceptos
3166 3541 3181 3565 ,
3210 3510 3262 3555 ct
3292 3516 3320 3554 a
3348 3511 3451 3555 tota
3476 3516 3638 3573 gente

2053 3600 2266 3657 propter
2297 3589 2467 3657 ipsum
2499 3589 2852 3659 impugnatos,
2878 3591 3078 3645 ardibus
3099 3604 3151 3646 et
3178 3593 3396 3648 urbibus
3421 3596 3597 3664 pulsos
3614 3640 3635 3660 ,,

2050 3677 2115 3730 ab
2143 3678 2283 3732 illius
2310 3680 2451 3733 cultu
2484 3680 2814 3733 discessuros
2838 3681 3000 3735 fuisse
3024 3698 3038 3746 ;
3073 3698 3243 3753 neque
3264 3687 3404 3739 enim
3431 3689 3627 3741 voluis-

2048 3780 2165 3822 sent
2208 3769 2276 3824 de
2325 3770 2416 3823 illo
2469 3771 2625 3823 talem
2658 3772 2963 3838 opinionem
2996 3788 3275 3842 Spargere,
3320 3787 3500 3844 utpote
3540 3781 3631 3846 qui

2048 3860 2251 3929 decepti
2289 3860 2355 3912 ab
2398 3861 2489 3914 illo
2531 3859 2782 3926 fuissent,
2812 3872 2866 3917 et
2912 3862 2963 3915 in
3015 3876 3251 3917 CXII‘CII'HI
3296 3882 3388 3934 pro
3416 3867 3507 3921 illo
3532 3870 3629 3922 de-

2047 3951 2191 4005 ducti
2237 3952 2490 4019 pericula.
2526 3952 2675 4017 Quod
2710 3970 2833 4007 vero
2866 3970 2968 4007 non
3013 3957 3337 4023 potuissent,
3379 3959 3476 4011 nisi
3506 3976 3627 4014 vera

2049 4045 2367 4097 resurrectio
2398 4042 2615 4107 fuisset,
2649 4045 2794 4099 illam
2833 4045 3086 4100 simulare
3108 4087 3123 4113 ,
3169 4048 3217 4102 id
3265 4061 3411 4104 certe
3442 4051 3624 4104 admo-

2046 4134 2173 4188 dum
2206 4136 2476 4203 probabile
2503 4147 2601 4191 est.
2636 4135 2691 4191 lu
2723 4152 2824 4207 qua
2874 4154 2931 4192 re
2959 4140 3100 4193 enim
3132 4140 3375 4195 ﬁduciam
3407 4143 3624 4197 habuis-

2045 4228 2203 4278 sent?
2230 4226 2280 4278 in
2310 4229 2572 4281 sermonis
2594 4230 2891 4297 gravitate?
2934 4232 3001 4283 At
3026 4232 3262 4285 omnium
3294 4232 3625 4301 imperitissi-

2046 4318 2114 4369 mi
2143 4326 2313 4370 erant.
2348 4317 2401 4370 lll
2432 4320 2773 4383 pecuniarum
2803 4320 2993 4388 cepia?
3020 4320 3203 4391 Neque
3228 4325 3426 4393 virgam
3453 4342 3625 4395 neque

2043 4409 2396 4460 ealccatueuta
2443 4408 2724 4462 habebant.
2772 4409 2825 4462 lu
2871 4410 3153 4478 Splendore
3192 4416 3441 4482 generis?
3483 4416 3629 4471 Viles

2042 4508 2211 4556 erant.
2240 4514 2303 4550 ex
2337 4498 2527 4551 vilibus
2556 4499 2677 4552 orti.
2713 4498 2764 4551 In
2796 4502 2978 4569 patri-.e
3006 4502 3333 4567 splendore?
3371 4507 3445 4559 Ex
3476 4507 3621 4576 igno-

2042 4589 2235 4641 bilibus
2277 4589 2379 4643 orti
2429 4589 2559 4643 locis
2603 4602 2771 4643 erant.
2809 4591 2861 4644 ln
2909 4592 3285 4649 multitudine?
3315 4595 3429 4649 Non
3469 4610 3620 4651 ρι’ςιιι

2041 4682 2217 4749 plures
2269 4698 2424 4750 quain
2474 4683 2753 4748 undecim,
2803 4684 2852 4736 iu
2904 4686 3061 4737 variis
3109 4686 3337 4755 dispersi
3370 4690 3519 4744 locis.
3563 4692 3619 4743 Io

2041 4774 2478 4843 promissionibus
2510 4776 2795 4845 magistri?
2826 4774 2934 4831 Nisi
2970 4782 3352 4833 resurrexisset
3373 4820 3388 4844 ,
3421 4782 3619 4836 nullam

2040 4867 2089 4919 in
2123 4866 2249 4933 ipsis
2272 4864 2426 4920 ﬁdem
2457 4866 2686 4920 habituri
2718 4878 2891 4921 erant.
2920 4868 3199 4934 Quomodo
3224 4880 3403 4924 autem
3437 4871 3619 4926 furen-

2039 4968 2143 5011 tcm
2176 4958 2426 5027 populum
2474 4959 2890 5013 StlSlllltlltSt‘lll?
2934 4960 2988 5014 Si
3028 4974 3254 5029 namque
3299 4963 3619 5032 eorypbzt-ns

2036 5051 2270 5119 ipsnrum
2312 5052 2546 5107 ostiari;e
2575 5052 2813 5105 mulieris
2840 5050 3056 5106 verbum
3091 5069 3194 5106 non
3220 5053 3354 5118 tulit,
3380 5066 3431 5109 et
3461 5056 3501 5108 si
3533 5074 3616 5110 re-

2036 5141 2160 5208 liqui
2192 5141 2339 5194 illum
2372 5142 2603 5195 vinctum
2634 5143 2874 5196 videntes
2904 5143 3127 5212 dispersi
3151 5156 3273 5198 sunt
3302 5164 3313 5199 :
3346 5147 3615 5215 quomodo

2034 5230 2083 5283 itt
2115 5231 2348 5284 animum
2382 5232 2743 5295 llldlle>SClll,
2775 5234 2839 5286 ad
2872 5244 3106 5287 extrema
3135 5236 3278 5287 orbis
3305 5256 3349 5287 at
3369 5253 3611 5304 currere,

2033 5330 2088 5372 ut
2117 5323 2294 5373 lictum
2329 5323 2737 5376 resurrectionis
2776 5325 2993 5377 verbum
3028 5327 3440 5394 plantarcuHSi
3466 5330 3609 5382 enim

2032 5412 2121 5465 ille
2142 5411 2397 5466 adversus
2429 5414 2667 5468 mulieris
2692 5415 2862 5469 minas
2892 5432 2995 5469 non
3022 5419 3197 5481 stetit,
3234 5435 3407 5487 neque
3436 5421 3506 5472 i.‘li
3539 5422 3603 5474 ad

2031 5504 2355 5557 vinculorum
2383 5514 2726 5573 conSpecttun
2748 5507 2768 5537 ²
2791 5547 2807 5569 ,
2839 5507 3105 5577 quomodo
3138 5518 3383 5576 poterant
3410 5510 3609 5562 adivr—

2091 5618 2104 5647 ¹
2148 5614 2197 5661 lu
2232 5613 2394 5678 Morel.
2432 5628 2525 5662 non
2553 5613 2752 5677 legitur.
2786 5618 3195 5678 comprehensum.

2099 5681 2115 5707 ³
2154 5678 2205 5724 l.t
2242 5677 2351 5724 aliis
2383 5676 2579 5737 legitur,
2606 5690 2756 5740 ncyuc
2781 5678 2853 5728 illi
2874 5676 2935 5727 ait
2967 5678 3132 5740 polluti
3155 5692 3241 5728 con
3268 5693 3337 5739 pr.
3357 5686 3371 5729 t
3394 5694 3474 5725 «ut.
