4094 6216
421 195 523 251 733

420 324 512 363 tius
543 322 695 379 reges
721 316 776 363 et
817 307 1085 376 principes
1113 315 1167 357 et
1216 304 1438 374 populos
1463 311 1645 367 stare,
1689 301 1775 354 tibi
1809 298 1965 367 gladii
1991 341 2005 360 ,

423 400 756 467 Sartagines,
798 398 1040 451 fornaces
1060 436 1074 457 ,
1108 406 1159 448 et
1190 394 1334 447 inille
1361 393 1598 463 quotidie
1642 402 1841 445 mortes
1861 432 1875 454 ,
1913 391 2012 444 nisi

420 492 536 554 ejus
566 490 653 557 ipii
684 498 1057 543 resurrexerat
1084 489 1276 541 virtute
1292 496 1346 539 et
1365 486 1529 555 gratia
1555 485 1722 553 adjuti
1746 483 2013 538 fuissent?

420 580 569 634 'l'alia
604 589 867 648 tantaque
894 581 1041 649 signa
1076 579 1211 633 facta
1240 575 1445 631 fuerant
1472 618 1488 640 ,
1518 586 1571 630 et
1598 576 1798 629 nullum
1825 591 2009 629 eorum

418 669 585 724 Juila-i
615 680 739 723 sunt
764 671 977 725 reveriti
1010 711 1025 736 ,
1059 670 1151 723 sed
1179 669 1328 722 illiilli
1364 669 1746 722 criicilixerunt
1783 687 1795 721 :
1829 677 1881 720 et
1913 667 2013 721 illis

422 761 872 816 resurrectionem
891 761 1203 830 simpliciter
1218 759 1555 813 narrantibus
1568 757 1732 813 credit
1744 760 1820 811 uri
1836 760 2013 813 erant?

421 851 533 906 Non
565 852 633 905 ita
664 867 723 906 se
753 866 838 906 res
867 851 1057 915 habet,
1092 867 1196 905 non
1224 852 1325 917 ita,
1357 850 1452 905 sed
1481 850 1597 920 ejus
1617 891 1630 915 ,
1658 850 1746 920 qui
1775 866 2012 904 resurre-

422 945 522 1007 xit,
556 945 724 997 virtus
750 943 863 997 haec
894 952 1109 1012 Operata
1132 952 1235 997 est.

488 1036 542 1088 2.
573 1033 849 1101 Perpende
873 1043 1050 1087 autem
1078 1032 1207 1086 mihi
1241 1032 1456 1087 illorum
1484 1030 1747 1085 vafritiem
1779 1028 2011 1099 perridi-

417 1128 615 1181 enlain.
659 1123 934 1180 Recordati
969 1142 1163 1190 sumus,
1200 1125 1464 1195 inquiunt,
1493 1124 1630 1194 quod
1668 1124 1903 1177 seductor
1927 1123 2013 1175 ille

416 1220 589 1271 adhuc
616 1219 781 1273 vivens
805 1218 953 1281 dixit,
991 1215 1116 1270 Post
1148 1226 1245 1271 tres
1275 1218 1381 1269 dies
1412 1232 1694 1285 resurgam.
1726 1215 1789 1269 At
1834 1220 1876 1268 si
1906 1214 2011 1267 iiu-

422 1319 606 1377 poster
635 1318 786 1375 erat,
834 1319 887 1363 et
935 1308 1209 1363 mendacia
1258 1308 1518 1378 iactabat,
1570 1307 1692 1376 quid
1737 1308 1932 1361 timetis
1960 1316 2013 1361 et

418 1402 861 1465 circnmcurritis,
912 1410 1162 1469 tantoque
1205 1399 1381 1454 studio
1430 1400 1679 1453 utimini?
1717 1399 2009 1466 Tiniemus,

422 1493 690 1562 inquiunt,
736 1506 803 1546 ne
831 1491 1075 1561 discipuli
1107 1491 1348 1546 furentur
1377 1507 1517 1555 eum,
1551 1499 1605 1544 et
1630 1490 1838 1561 plebem
1868 1490 2013 1544 deci-

422 1587 589 1655 piant.
624 1584 779 1653 Atqui
811 1583 1235 1637 demonstratum
1263 1591 1364 1648 est,
1396 1581 1494 1637 hoc
1525 1598 1628 1635 non
1656 1583 1847 1635 rationi
1877 1598 2009 1634 con-

421 1686 739 1731 sentaneum
787 1689 943 1737 esse;
984 1683 1219 1727 attamen
1266 1673 1534 1743 nequitia,
1583 1673 1914 1727 contentiosa
1960 1682 2013 1726 et

418 1766 719 1835 impudens,
751 1765 1135 1819 irrationabilia
1164 1778 1373 1834 quoque
1409 1764 1731 1834 aggreditur.
1778 1764 1858 1817 Ad
1904 1772 2013 1818 tres

422 1875 589 1929 usque
619 1858 733 1912 dies
749 1858 938 1926 jubent
959 1858 1149 1911 muniri
1172 1858 1494 1928 sepulcrum,
1514 1856 1661 1927 quasi
1686 1872 1780 1927 pro
1797 1855 2015 1926 dogma-

424 1952 565 2005 tibus
598 1961 911 2021 pugnantes,
941 1961 997 2003 ιιι
1023 1951 1307 2020 probarent
1348 1952 1485 2005 hunc
1506 1950 1731 2005 antehac
1757 1950 2008 2018 decepto-

423 2058 539 2095 reni
573 2041 756 2103 fuisse,
787 2052 841 2095 et
871 2056 1038 2110 usque
1090 2041 1153 2094 ad
1204 2042 1502 2110 sepulcrum
1547 2042 1801 2096 malitiam
1829 2052 2015 2096 exten-

422 2133 577 2187 dunt.
610 2132 732 2187 ldeo
759 2133 867 2186 cito
896 2134 1146 2197 surrexit,
1187 2148 1254 2188 ne
1289 2132 1546 2196 dicerent,
1597 2134 1768 2202 ipSum
1818 2132 2013 2187 menti-

425 2236 534 2278 tum
565 2234 619 2279 ct
651 2240 844 2293 corpus
885 2224 1151 2278 sublatum
1206 2224 1388 2278 fuisse.
1440 2223 1569 2277 Illud
1615 2224 1758 2278 enim
1802 2223 2011 2277 crimini

424 2332 531 2370 non
559 2327 673 2370 erat
699 2317 1010 2383 obnoxium,
1036 2318 1175 2385 quod
1204 2319 1309 2371 cito
1333 2316 1687 2380 surrexisset;
1716 2314 1859 2385 quod
1888 2331 2013 2369 vero

423 2408 648 2476 tardius,
679 2409 982 2478 suSpieioue
1028 2410 1237 2479 plenum
1278 2418 1410 2462 erat.
1463 2408 1593 2463 Nam
1642 2410 1685 2463 si
1738 2419 1861 2462 tunc
1907 2426 2011 2462 non

422 2500 827 2565 resurrexissct,
877 2500 1003 2554 dum
1048 2500 1119 2555 illi
1162 2499 1411 2554 sederent
1450 2515 1513 2553 ac
1541 2499 1889 2565 custodirent,
1917 2499 2012 2553 sed

424 2591 553 2658 ipsis
611 2602 730 2660 post
780 2602 887 2645 tres
939 2591 1054 2646 dies
1109 2591 1401 2661 digressis,
1451 2591 1860 2654 c0otradicere,
1913 2591 2013 2645 etsi

420 2683 603 2751 stulte,
638 2693 898 2752 poterant.
933 2683 1054 2737 Ideo
1098 2684 1255 2752 igitur
1296 2683 1549 2752 praevenit
1576 2692 1630 2736 et
1659 2682 1887 2737 surrexit
1914 2724 1927 2744 ,
1959 2691 2015 2736 ut

422 2794 491 2829 in:
514 2773 873 2845 impudentem
905 2774 978 2828 illi
1016 2788 1198 2827 ansam
1228 2772 1506 2827 haberent.
1539 2770 1831 2841 Oportebat
1869 2771 2012 2825 enim

425 2868 875 2922 resurrectionem
917 2868 1027 2921 fieri
1050 2910 1063 2933 ,
1099 2865 1225 2935 ipsis
1256 2864 1565 2919 sedentibus
1590 2872 1644 2919 et
1672 2863 2017 2919 custodienti-

426 2958 542 3012 bus.
582 2958 742 3026 Igitur
790 2958 923 3010 intra
956 2968 1062 3011 tres
1100 2958 1215 3012 dies
1239 2957 1468 3026 oportuit
1504 2957 1647 3009 illuni
1689 2970 1967 3023 resurgere
1998 2971 2012 3007 :

429 3068 552 3105 nam
585 3053 629 3106 si
675 3062 790 3120 post
823 3052 938 3105 illas
972 3050 1087 3105 dies
1119 3050 1169 3104 id
1201 3050 1465 3104 evenisset
1494 3049 1595 3102 illis
1621 3047 1893 3117 digressis,
1922 3062 2014 3101 su-

427 3154 607 3215 specta
639 3160 725 3200 res
766 3144 973 3199 fuisset.
1006 3142 1126 3198 Ideo
1168 3158 1379 3214 quoque
1425 3142 1692 3212 obsignari
1727 3142 2013 3205 Concessit,

428 3245 487 3289 ut
520 3236 619 3306 ipsi
652 3235 917 3299 volebant,
954 3244 1007 3289 et
1039 3235 1232 3288 milites
1260 3234 1585 3288 assidebam.
1612 3233 1722 3289 Nec
1758 3232 2017 3289 curabant

427 3326 570 3395 quod
604 3327 703 3382 hoc
748 3329 797 3380 in
831 3328 1051 3381 sabbato
1097 3328 1281 3391 fieret,
1331 3336 1383 3381 et
1434 3326 1784 3389 laboraretur,
1823 3326 1919 3381 sed
1950 3326 2017 3381 ad

429 3432 578 3469 suam
604 3417 772 3468 Solam
804 3417 1117 3484 spectabant
1147 3416 1457 3485 nequitiam,
1501 3426 1556 3469 ut
1578 3416 1665 3484 qui
1696 3416 1793 3470 hac
1816 3417 1893 3469 via
1922 3431 2016 3470 su-

431 3507 665 3575 peraturi
697 3516 874 3559 essent
898 3521 912 3570 ;
941 3507 1081 3575 quod
1109 3516 1362 3561 extrema:
1389 3514 1504 3560 erat
1532 3506 1752 3561 insaniae
1781 3515 1835 3561 et
1866 3508 2020 3560 timo-

432 3597 508 3650 ris
555 3596 698 3664 ipsos
746 3597 1091 3651 vehementer
1142 3597 1518 3652 concutientis.
1568 3597 1696 3652 Nam
1726 3599 1813 3668 qui
1870 3598 2016 3653 illum

430 3692 696 3744 viventem
719 3689 1203 3758 apprehenderaut,
1236 3701 1501 3745 mortuum
1537 3691 1721 3746 timent
1754 3709 1766 3745 :
1799 3693 1941 3761 atqui
1974 3691 2018 3746 si

433 3798 596 3851 purus
626 3793 739 3837 erat
769 3782 949 3849 homo,
984 3783 1164 3839 lidenti
1191 3784 1371 3839 animo
1399 3799 1518 3838 esse
1542 3784 1796 3853 Oportuit.
1830 3784 1933 3839 Sed
1964 3794 2018 3838 ut

432 3874 758 3942 cdiscrrent,
798 3876 969 3945 ipsum
1010 3877 1273 3930 viventem
1313 3886 1504 3945 Sponte
1531 3892 1744 3945 passum
1780 3876 1941 3931 fuisse
1968 3876 2018 3931 id

434 3966 573 4035 quod
605 3982 791 4036 passus
820 3977 923 4030 cst,
948 3981 1073 4021 ecce
1100 3978 1151 4021 et
1182 3967 1413 4035 sigillum
1441 3977 1492 4019 et
1521 3968 1651 4034 lapis
1677 3977 1728 4019 et
1754 3967 2016 4030 custodia;

437 4073 609 4127 neque
653 4069 827 4111 tamen
875 4067 1143 4111 mortuum
1188 4059 1418 4111 retinere
1468 4068 1749 4126 potuerunt
1789 4076 1801 4111 :
1835 4058 1925 4112 sed
1967 4057 2019 4111 iil

437 4164 602 4201 unum
630 4147 876 4211 eflicitur,
930 4148 1068 4216 quod
1115 4148 1382 4217 sepultura
1425 4147 1744 4218 publicetur,
1796 4158 1849 4202 et
1900 4149 2022 4203 hinc

436 4238 759 4292 resurrectio
804 4239 1069 4293 credatur.
1108 4238 1238 4292 Nam
1266 4248 1319 4292 et
1365 4239 1557 4292 milites
1603 4238 1927 4305 assidebant,
1967 4248 2024 4295 et

435 4326 605 4382 JUdiUi
646 4328 990 4383 assistebant.
1022 4327 1172 4399 (Cap.
1204 4327 1317 4397 28.)
1351 4327 1400 4380 l.
1445 4325 1659 4395 Vespere
1688 4338 1863 4383 autem
1902 4333 2021 4383 sab-

438 4419 683 4478 batorum,
715 4435 826 4488 qttte
849 4420 1053 4472 lucescit
1095 4422 1146 4472 in
1187 4437 1290 4472 uua
1327 4419 1662 4479 sabbatorum,
1694 4419 1823 4471 venit
1853 4418 2022 4472 Maria

439 4510 746 4580 llagtlalene
785 4523 830 4564 et
870 4512 1026 4564 altera
1077 4511 1244 4565 Maria
1290 4513 1454 4566 videre
1498 4512 1801 4580 sepulcrum.
1854 4512 1907 4566 ‘2.
1959 4512 2022 4565 Et

435 4620 548 4657 ecce
575 4615 719 4656 terra:
745 4615 906 4655 motus
936 4608 1101 4673 factus
1145 4615 1216 4657 est
1246 4621 1475 4674 magnus.
1504 4604 1726 4674 Angelus
1760 4604 1889 4657 enim
1926 4605 2023 4658 Do-

437 4694 562 4747 mini
605 4694 859 4748 descendit
908 4696 971 4747 de
1006 4696 1151 4759 ca'lo,
1179 4704 1227 4747 et
1263 4697 1502 4747 accedens
1554 4693 1759 4747 revolvit
1802 4696 2022 4762 lapidem

435 4786 500 4839 ab
522 4786 648 4839 ostio
674 4786 1003 4848 monumenti,
1034 4796 1080 4838 et
1109 4785 1310 4839 sedebat
1335 4802 1485 4852 super
1511 4802 1639 4837 eum.
1672 4785 1726 4839 3.
1766 4783 1891 4837 Erat
1928 4803 2023 4837 (tuo

437 4886 537 4930 tem
566 4886 794 4943 aspectus
822 4877 932 4946 ejus
956 4876 1083 4928 sicut
1111 4876 1316 4947 fulgur,
1347 4875 1687 4928 vestimentum
1719 4886 1881 4926 autem
1914 4876 2022 4945 ejus

440 4968 715 5020 candidum
741 4967 866 5020 sicut
898 4968 1004 5020 nix.
1037 4967 1160 5020 Post
1201 4967 1643 5020 resurrectionem
1691 4968 1829 5019 venit
1856 4984 2021 5036 ange-

437 5060 541 5115 lus.
569 5059 677 5117 Cur
704 5077 829 5131 ergo
853 5062 1018 5128 venit,
1040 5071 1090 5114 et
1116 5060 1342 5129 lapidein
1370 5059 1628 5114 abstulit?
1663 5060 1884 5129 Prop‘er
1906 5076 2024 5114 iuu-

439 5153 598 5207 lieres
629 5171 641 5207 :
671 5154 773 5211 ilhe
801 5154 940 5207 enim
987 5154 1157 5222 ipsum
1192 5164 1317 5206 tunc
1361 5152 1605 5206 viderunt
1651 5152 1701 5204 in
1751 5151 2021 5220 si-pulcro.

437 5244 503 5300 Ut
532 5262 659 5316 ergo
706 5245 1007 5312 crederent,
1054 5262 1174 5301 eum
1220 5245 1598 5319 resurrexis‘e,
1644 5244 1824 5298 vident
1848 5245 2026 5314 sepul-

435 5352 585 5391 crum
616 5352 841 5407 corpore
887 5352 1133 5391 vacuum.
1180 5336 1305 5391 Ideo
1348 5336 1560 5390 abstulit
1602 5336 1850 5404 lapidem,
1904 5336 2023 5391 ideo

435 5439 595 5484 teme
625 5441 799 5483 motus
828 5430 994 5485 factus
1024 5441 1126 5494 est,
1153 5441 1209 5485 ut
1231 5433 1588 5486 excitarentur
1616 5442 1666 5486 ct
1689 5433 2024 5502 expergisce-

438 5532 576 5574 ieni.
628 5522 891 5574 \‘eneiaut
928 5521 1092 5585 enim,
1141 5532 1195 5573 ut
1237 5536 1430 5590 corpus
1469 5523 1588 5576 oleo
1628 5534 1883 5593 ungerent
1916 5541 1930 5575 ι
1962 5537 2024 5577 ac

436 5622 593 5664 noctu
620 5611 718 5665 ista
766 5612 980 5681 fiebant,
1030 5613 1424 5682 verisiuiilequc
1455 5624 1566 5669 erat
1601 5614 1855 5685 quasdam
1882 5616 2024 5669 dor—-

1127 192 1181 247 S.
1226 188 1503 245 .lO.\‘.\'.\’lS
1532 184 2009 244 CllRYSllSTOMl
2049 184 2361 239 ARCHIEP.
2403 182 2937 242 CUNSTANTINOP.

3602 194 3711 254 78L

2125 298 2359 352 mivisse.
2392 297 2495 352 Sed
2527 313 2639 359 cur,
2674 299 2900 369 inquies,
2924 300 3146 371 angelus
3170 301 3296 359 dicit
3318 305 3420 371 eis,
3451 305 3505 361 5.
3538 306 3714 363 Nolite

2120 389 2293 443 timere
2318 390 2442 443 vos?
2470 388 2626 444 Prius
2654 399 2796 445 metu
2826 392 2941 445 illas
2972 391 3183 460 liberat,
3210 405 3265 450 et
3288 406 3411 451 tune
3440 397 3508 452 de
3532 415 3711 454 resur-

2120 482 2359 536 rectione
2401 482 2654 551 loquitur.
2688 482 2820 537 llliid
2850 494 3047 550 autem,
3105 484 3227 553 Vos,
3256 488 3479 543 multum
3514 508 3621 559 pm
3651 509 3713 549 se

2119 571 2219 626 fert
2262 572 2503 638 honoris,
2550 576 2891 645 ostenditque
2930 593 3065 643 eos,
3116 581 3204 649 qui
3255 590 3457 636 tantum
3506 584 3711 641 facinus

2117 674 2482 731 susceperant,
2515 675 2749 719 extrema
2782 682 3029 736 passuros
3056 686 3193 731 esse.
3220 674 3318 726 nisi
3344 675 3707 741 paenitentiam

2117 767 2355 823 agerent.
2388 757 2501 811 Non
2530 757 2672 812 enim
2703 767 2935 813 vestrum
2976 770 3092 828 est,
3125 763 3316 831 inquit,
3350 767 3569 832 timere;
3611 769 3707 823 sed

2118 849 2330 902 illorum
2358 850 2449 917 qui
2491 852 2661 919 ipsum
2704 852 3110 908 crucifixerunt.
3147 854 3280 910 Cum
3312 858 3470 926 igitur
3513 861 3626 915 illas
3651 872 3707 917 et

2115 957 2181 995 ex
2213 942 2388 995 verbis
2416 953 2469 995 et
2502 958 2568 996 ex
2602 944 2715 997 visu
2743 959 2772 997 a
2801 955 2944 998 metu
2974 945 3253 1003 liberasset
3280 948 3526 1015 (hilarem
3557 953 3705 1008 enim

2115 1033 2347 1098 Speciem
2397 1032 2697 1109 offerebat,
2748 1044 2801 1086 ut
2856 1036 2943 1104 qui
2999 1044 3103 1090 tam
3151 1036 3320 1093 fausta
3368 1042 3659 1112 nuntiaret)
3688 1087 3705 1109 ,

2116 1122 2388 1189 Subiunxit
2415 1123 2622 1189 dicens,
2670 1124 2789 1179 Scio
2836 1126 2974 1197 quod
3000 1126 3177 1180 Iesum
3217 1131 3300 1199 qui
3331 1133 3603 1199 cruciﬁxus
3632 1144 3708 1187 est

2116 1214 2361 1279 quiet-itis,
2414 1228 2585 1283 neque
2613 1215 2880 1268 erubescit
2926 1218 3235 1272 crucifixum
3292 1236 3485 1277 voeare
3532 1241 3546 1280 :
3601 1224 3710 1281 huc

2117 1302 2256 1355 enim
2280 1312 2437 1371 caput
2461 1312 2539 1357 est
2566 1313 2619 1357 et
2646 1319 2850 1356 summa
2881 1304 3163 1360 bonorum.
3189 1310 3239 1362 6.
3271 1310 3519 1365 Surrexit.
3554 1312 3709 1368 Unde

2123 1392 2224 1446 hoc
2253 1393 2467 1460 planum
2496 1395 2613 1447 est?
2642 1393 2789 1449 Sient
2813 1396 2961 1450 dixit.
2996 1394 3177 1466 Itaque
3215 1400 3420 1454 etiamsi
3450 1403 3574 1456 mihi
3605 1406 3710 1459 ddi»

2116 1482 2311 1548 lidatis,
2346 1483 2485 1536 illius
2515 1484 2794 1538 verborum
2846 1488 3230 1551 recordemini,
3276 1500 3327 1544 et
3372 1494 3500 1546 mihi
3543 1494 3705 1548 lidrm

2117 1590 2222 1628 non
2251 1576 2526 1643 negabitis.
2582 1576 2780 1631 Deinde
2806 1588 2887 1631 est
2928 1580 3028 1632 alia
3072 1579 3475 1638 demonstratio.
3536 1585 3707 1641 Venite

2117 1675 2161 1717 et
2191 1665 2347 1718 videte
2377 1664 2542 1718 locum
2570 1667 2651 1719 ubi
2691 1669 2883 1735 positus
2907 1680 3033 1726 erat.
3068 1670 3190 1725 Ideo
3217 1672 3446 1742 lapidem
3486 1692 3706 1732 amove-

2117 1765 2217 1820 rat,
2252 1766 2307 1811 iit
2336 1758 2456 1811 hinc
2483 1760 2641 1813 etiam
2668 1773 3037 1828 argumentum
3060 1775 3352 1819 sumerent.
3381 1769 3433 1820 7.
3472 1768 3532 1820 Et
3554 1771 3707 1823 dicite

2117 1851 2379 1919 discipulis
2406 1867 2425 1905 :
2453 1851 2629 1915 Ipsum
2653 1854 2881 1907 videbitis
2909 1855 2959 1913 iu
2988 1854 3218 1909 Galiltea.
3248 1858 3299 1909 lil
3323 1858 3485 1913 efﬁcit
3513 1870 3566 1914 ut
3587 1864 3707 1915 a'iis

2117 1942 2273 1996 etiam
2301 1945 2667 2003 annuntietur.
2697 1943 2837 2011 quod
2868 1946 3033 2014 magis
3064 1947 3203 2013 ipsas
3239 1949 3303 2000 ad
3340 1948 3497 2003 fidem
3545 1952 3706 2007 indu-

2116 2032 2290 2088 cebat.
2324 2036 2400 2087 Ae
2430 2034 2648 2103 pulchre
2673 2034 2826 2101 dixit,
2852 2034 2916 2088 1η
2947 2033 3191 2102 Galilaza,
3220 2055 3247 2092 a
3278 2042 3503 2109 negotiis
3532 2054 3581 2096 et
3611 2059 3707 2111 po-

2118 2122 2300 2177 riculis
2339 2124 2587 2183 liberans.
2625 2133 2681 2178 ut
2708 2140 2772 2178 ne
2810 2136 2983 2179 metus
3029 2127 3185 2181 tidem
3231 2130 3480 2185 turbaret.
3536 2132 3589 2187 8.
3638 2133 3706 2186 Et

2118 2216 2343 2268 exierunt
2372 2216 2434 2270 de
2473 2227 2792 2270 monumento
2813 2235 2925 2271 cum
2956 2219 3132 2272 timore
3168 2230 3212 2272 et
3256 2223 3440 2291 gaudio
3492 2224 3707 2291 Quare?

2118 2303 2440 2372 Stupeudam
2492 2323 2603 2360 rem
2652 2308 2895 2362 viderant
2948 2317 3003 2363 et
3054 2310 3367 2376 inauditam,
3398 2317 3705 2379 sepulcrum

2119 2411 2341 2450 vacuum
2375 2397 2427 2450 in
2463 2412 2568 2467 quo
2597 2399 2743 2467 prius
2772 2414 2966 2468 corpus
2994 2401 3219 2468 positum
3251 2402 3413 2457 fuisse
3441 2404 3702 2460 videram.

2118 2488 2292 2554 Quare
2325 2489 2438 2542 illas
2464 2489 2526 2541 ad
2570 2490 2930 2556 Spectaculum
2957 2491 3196 2557 adduxit,
3228 2504 3284 2547 ut
3321 2496 3592 2565 utriusque
3619 2508 3704 2551 ιιτο

2119 2590 2228 2632 stes
2254 2590 2451 2643 essent,
2470 2589 2523 2634 et
2544 2581 2771 2648 sepulcri
2794 2591 2847 2635 et
2875 2584 3302 2638 resurrectionis.
3330 2586 3533 2640 Etenim
3556 2589 3706 2648 cogi-

2121 2670 2299 2723 tabant
2347 2672 2612 2724 neminem
2643 2673 2880 2739 potuisse
2910 2674 3057 2726 illum
3097 2677 3325 2737 auferre,
3357 2687 3434 2731 tot
3456 2681 3705 2733 aSsiileo-

2122 2762 2262 2815 thus
2303 2762 2578 2826 militibus,
2623 2763 2721 2816 nisi
2770 2766 2881 2834 ipse
2926 2765 3157 2833 seipsttm
3204 2770 3533 2825 suscitassi-i.
3579 2773 3705 2825 Ideo

2112 2856 2351 2929 gaudent
2388 2863 2442 2909 et
2476 2854 2776 2918 mirantur,
2808 2862 2862 2907 et
2902 2861 3064 2907 tanta:
3100 2856 3523 2922 perseverantiae
3547 2872 3701 2912 mer-

2112 2947 2301 3002 cedem
2353 2946 2666 3016 accipiunt,
2714 2943 2863 3014 quod
2917 2944 3103 3013 prima:
3148 2944 3391 3000 viderent
3436 2955 3489 3001 et
3538 2964 3703 3001 nun-

2110 3038 2336 3101 tiarent,
2367 3050 2479 3090 non
2512 3036 2686 3091 solum
2723 3050 2844 3104 quae
2877 3032 3187 3099 audierant,
3225 3035 3321 3090 sed
3354 3045 3406 3091 et
3444 3053 3565 3106 quae
3610 3039 3697 3093 vi-

2112 3128 2326 3183 derant.

2190 3296 2245 3351 3.
2276 3295 2410 3351 Cum
2458 3296 2616 3364 igitur
2644 3295 2933 3350 exivissent
2982 3309 3103 3348 cum
3155 3295 3346 3350 timore
3375 3306 3430 3350 et
3469 3298 3661 3365 gaudio
3683 3344 3700 3361 ,

2119 3388 2175 3444 9.
2208 3387 2276 3442 Et
2303 3406 2415 3443 ecce
2439 3387 2470 3441 J
2479 3406 2589 3442 esus
2615 3389 2835 3441 occurrit
2866 3387 2969 3441 illis
2992 3387 3161 3440 dicens
3188 3404 3206 3443 :
3239 3388 3408 3441 Avete.
3441 3388 3557 3445 Illae
3585 3408 3703 3447 vero

2120 3495 2383 3539 tenuerunt
2408 3485 2557 3555 pedes
2602 3487 2712 3553 eius
2732 3527 2745 3550 ,
2776 3494 2829 3541 et
2855 3501 2978 3540 cum
3025 3485 3222 3555 ingenti
3255 3486 3433 3540 laetitia
3459 3485 3525 3540 ad
3553 3487 3703 3541 illum

2119 3586 2462 3631 accurrentes
2483 3617 2496 3639 ,
2527 3592 2622 3646 per
2648 3585 2846 3630 tactum
2878 3578 3285 3631 resurrectionis
3312 3588 3515 3633 certum
3539 3595 3706 3649 argu-

2122 3676 2360 3721 mentum
2384 3678 2723 3735 acceperunt,
2757 3666 2822 3720 Et
2849 3667 3185 3722 adorarerunt
3213 3686 3346 3723 eum.
3374 3669 3512 3738 Quid
3544 3670 3708 3741 igitur

2123 3758 2248 3813 ille?
2276 3758 2360 3812 10.
2388 3756 2563 3811 Nolite
2593 3759 2784 3811 timere.
2840 3760 3038 3812 llursus
3062 3768 3117 3813 et
3142 3759 3256 3829 ipse
3288 3762 3529 3816 timorem
3548 3780 3708 3818 amo-

2124 3858 2245 3913 vet,
2280 3848 2400 3904 lidei
2432 3850 2569 3903 viam
2602 3864 2817 3918 parans.
2868 3850 2973 3903 Sed
2999 3854 3096 3913 ile,
3130 3863 3174 3903 et
3206 3853 3433 3905 nuntiate
3461 3854 3709 3924 fratribus

2123 3942 2265 4006 meis,
2298 3950 2349 3993 ut
2371 3952 2483 3993 eant
2504 3942 2557 3994 in
2596 3940 2860 3994 Galila'am
2880 3952 2961 3995 :et
2988 3942 3054 3994 ibi
3083 3959 3160 3995 me
3189 3942 3439 3998 videbunt.
3473 3945 3709 4014 Perpeti-

2122 4031 2190 4086 de
2220 4031 2486 4100 quomodo
2518 4034 2630 4101 ipse
2657 4031 2841 4085 harum
2872 4047 3033 4101 opera
3077 4032 3348 4103 discipulis
3392 4036 3706 4098 annuntiet,

2125 4133 2180 4176 ut
2210 4138 2351 4194 smpe
2378 4123 2483 4175 dixi
2504 4163 2519 4189 ,
2546 4138 2729 4176 sexum
2759 4122 3131 4177 inhonoratum
3172 4124 3237 4177 ad
3273 4125 3526 4179 honorem
3557 4134 3611 4180 et
3636 4127 3707 4180 ad

2127 4216 2320 4268 bonam
2369 4230 2518 4284 spem
2569 4229 2825 4268 revocans
2848 4257 2863 4279 ,
2892 4223 2947 4268 et
2984 4215 3124 4283 quod
3176 4215 3441 4269 inﬁrmum
3470 4225 3585 4272 erat
3621 4233 3709 4270 S-‘l-

2129 4323 2279 4360 iians.
2313 4306 2514 4373 Aliquis
2545 4307 2766 4359 fortasse
2793 4316 3030 4360 vestrum
3059 4317 3280 4375 cupi-ret
3326 4308 3604 4377 insignium
3638 4308 3709 4359 il-

2131 4399 2299 4450 latum
2351 4397 2518 4450 instar
2566 4397 2845 4451 mulierum
2898 4397 3058 4466 pedes
3096 4398 3223 4452 .lesu
3277 4401 3498 4455 tenere?
3555 4400 3709 4454 Nunc

2127 4491 2286 4541 etiam
2321 4489 2576 4557 potestis,
2610 4490 2652 4541 si
2685 4495 2772 4558 qui
2805 4490 2963 4542 vultis
2988 4531 3000 4549 ,
3033 4507 3208 4560 neque
3250 4492 3411 4558 pedes
3437 4502 3490 4546 ct
3519 4508 3711 4546 manus

2129 4593 2366 4641 l.iltlttlll,
2419 4580 2511 4633 sed
2540 4580 2699 4633 etiam
2730 4591 2885 4648 caput
2936 4580 3062 4633 illud
3109 4597 3319 4634 S:tCt'tltt|
3362 4582 3709 4651 contingere,

2127 4670 2251 4722 dum
2283 4686 2409 4738 pura
2434 4670 2759 4723 conscientia
2792 4686 3063 4724 sacrorum
3089 4673 3462 4741 mysteriorum
3490 4688 3715 4727 Consor-

2131 4773 2208 4815 tes
2236 4763 2384 4815 estis.
2417 4761 2596 4830 Neque
2647 4762 2731 4815 hic
2780 4770 3021 4826 tantum,
3068 4764 3160 4815 sed
3206 4764 3255 4816 in
3309 4765 3394 4816 illa
3435 4763 3713 4817 etiamdie

2129 4853 2299 4923 ipsum
2323 4853 2569 4907 videbitis
2591 4894 2605 4917 ,
2639 4869 2757 4907 cum
2789 4854 3041 4907 inell‘abili
3083 4855 3166 4907 illa
3200 4855 3366 4924 gloria
3394 4864 3586 4908 etcum
3616 4870 3715 4907 an-

2128 4948 2368 5017 gelorum
2402 4946 2738 5000 multitudine
2767 4948 3089 5007 venientem,
3119 4948 3163 5000 si
3195 4949 3569 5000 misericordes
3590 4961 3717 5001 esse

2131 5040 2405 5094 volueritis
2438 5056 2450 5090 :
2480 5048 2533 5092 et
2555 5039 2780 5092 audietis
2812 5054 2917 5092 non
2952 5038 3065 5092 hinc
3093 5038 3250 5092 verba
3286 5049 3508 5103 tantum,
3542 5038 3714 5100 Aucte,

2131 5134 2222 5188 sed
2255 5133 2412 5187 etiam
2441 5132 2525 5185 illa
2557 5149 2570 5184 :
2612 5131 2785 5185 Venite
2822 5132 3067 5185 benedicti
3105 5131 3272 5185 Patris
3304 5134 3421 5197 mei,
3467 5132 3721 5201 possidete

2131 5241 2339 5291 regnum
2362 5234 2594 5291 paratum
2615 5224 2748 5276 vobis
2771 5240 2801 5275 a
2826 5225 3181 5277 constitutione
3197 5224 3373 5277 mundi
3391 5223 3603 5295 (Matth.
3620 5223 3717 5277 95.

2122 5330 2238 5398 '54}.
2273 5327 2461 5382 Estote
2496 5328 2660 5397 igitur
2710 5325 3112 5386 misericordes,
3168 5336 3225 5377 ιιι
3278 5326 3391 5377 luce
3428 5327 3587 5377 verba
3615 5341 3720 5379 au-

2122 5420 2307 5481 diatis,
2335 5435 2429 5472 vos
2460 5433 2681 5487 quoque
2712 5432 2846 5469 auro
2878 5427 3086 5470 ornatae
3120 5414 3397 5476 mulieres,
3446 5432 3570 5484 qua:
3610 5416 3714 5469 ha-

2127 5530 2247 5567 rum
2284 5512 2574 5565 mulierum
2609 5524 2829 5563 cursum
2876 5508 3107 5572 vidistis,
3156 5524 3278 5562 sero
3316 5510 3532 5563 tandem
3567 5510 3720 5565 hunc

2132 5607 2380 5661 morbum
2413 5604 2764 5675 dcpoueutes,
2798 5602 2916 5657 auri
2946 5615 3137 5672 nempe
3186 5602 3560 5671 cupiditatem.
3608 5600 3721 5658 ltit-
