4068 6214
592 304 695 362 m
1321 285 1377 341 s.
1416 276 1691 339 JOANNIS
1727 266 2196 332 CllRYSOSTOMl
2235 263 2546 321 ARCllIEP.
2586 259 3111 355 consummari.
3761 253 3857 308 788

596 425 720 487 εειι,
766 419 825 465 ιιι
872 405 1197 464 esurientem
1246 397 1369 452 alat.
1420 393 1557 449 Cum
1602 390 1745 444 enim
1793 387 1904 456 ipsa
1931 381 2085 438 malis
2110 380 2162 487 ip
2273 376 2608 479 pereuntium
2632 389 2809 476 rerum
2832 382 3137 487 consortem
3164 369 3583 487 facis,‘ut'hisce
3610 369 3858 487 gravibus

880 460 1045 562 esse,
1097 508 1254 562 quam
1307 490 1419 544 haec
1470 484 1634 539 fracta
1684 479 1863 533 videre
1910 470 2179 544 quomodo
2284 469 2485 522 catenis
2504 466 2789 520 constricta
2816 478 3052 518 matteas
3078 462 3212 516 llinc
3239 461 3377 515 mala
3402 463 3715 517 innumera.
3744 460 3859 514 hinc

890 549 1149 644 “aias?
1176 582 1306 638 Nam
1336 576 1514 633 multm
1538 588 1663 643 erga
1692 572 1788 625 ista
1820 566 2036 638 perinde
2058 568 2184 616 sunt
2285 558 2562 629 zelotypize
2582 597 2597 623 ,
2633 557 2754 610 hinc
2783 558 3018 610 virorum
3045 555 3304 609 adulteria
3322 594 3340 619 ,
3366 553 3579 622 quatido
3605 553 3733 651 illos
3764 568 3865 651 non

605 642 1029 749 adiici-mtatque
1051 690 1178 744 erga
1222 687 1310 726 res
1352 642 1641 727 animatas,
1695 675 1793 715 nec
1822 659 1997 713 minus
2024 667 2182 723 quam
2286 649 2351 704 ad
2380 647 2857 719 philosophandum
2899 646 3153 709 incitatis,
3177 644 3271 699 sed
3298 645 3415 699 illos
3445 644 3652 749 docetis
3685 642 3756 695 iis
3782 642 3871 695 de-

781 733 1031 826 itifa—nt'cs.
1076 733 1287 835 Apage,
1319 757 1523 814 dicetis.
1558 754 1669 808 Hoc
1699 751 1855 821 igitur
1882 744 2181 807 ostendite,
2290 740 2472 795 lectari
2498 740 2690 808 quibus
2717 738 3029 791 meretrices
3072 744 3419 789 exornantur.
3472 733 3600 787 Ideo
3645 734 3725 786 illi
3772 734 3878 786 cito

610 824 891 935 imi—opera
912 824 1303 927 comprobato:
1334 862 1474 903 nunc
1497 858 1623 899 vero
1656 838 1980 897 contrarium
2011 835 2185 887 video.
2290 833 2592 900 capiuntur.
2622 830 2675 884 Si
2706 831 2847 883 enim
2894 829 3041 882 illum
3085 829 3155 881 ita
3194 826 3514 880 instituisses
3548 836 3604 877 ut
3636 825 3758 877 hare
3781 824 3881 877 de-

616 915 965 1022 iicqtia'enim
996 915 1063 1004 eti
1106 947 1171 999 iis
1195 958 1313 1012 quzc
1344 940 1445 993 hoc
1485 934 1673 990 morbo
1701 929 1983 985 admodum
2036 925 2187 979 laho-
2290 923 2519 991 spiccret
2544 961 2558 983 ,
2603 929 2658 974 et
2701 920 2768 974 de
2798 919 3043 973 castitate
3091 919 3383 988 gauderet,
3414 918 3481 971 de
3529 918 3771 985 pietate,
3811 915 3878 970 de

614 1056 734 1102 rant
756 1086 772 1111 ,
804 1045 887 1098 his
910 1039 1152 1095 conflatis
1182 1036 1293 1089 auri
1321 1029 1644 1087 ornamentis
1670 1066 1686 1089 ,
1710 1038 1930 1093 puerum
1958 1036 1986 1071 a
2018 1027 2189 1072 morte

618 1135 854 1207 eripuit?
900 1131 1098 1202 Ecquid
1146 1128 1266 1181 dico
1311 1118 1722 1193 puernm?quis
1765 1115 1992 1167 animam
2039 1122 2188 1207 suam

618 1201 927 1300 per-euntem
975 1201 1096 1277 hinc
1140 1216 1406 1276 redemit?
1447 1214 1643 1265 Contra
1672 1222 1800 1262 vero
1848 1202 1997 1257 multi
2046 1201 2189 1300 illam

618 1288 854 1389 quotidie
880 1316 978 1369 hac
1004 1313 1070 1367 de
1100 1324 1259 1364 causa
1289 1305 1544 1359 vendunt.
1574 1301 1639 1354 Et
1664 1299 1706 1352 si
1734 1293 2031 1364 corporalis
2056 1288 2195 1341 adsit

618 1387 899 1478 agritudo,
921 1403 1049 1458 nihil
1073 1416 1179 1454 non
1205 1406 1398 1466 agunt;
1423 1394 1465 1446 si
1489 1406 1616 1446 vero
1638 1387 1869 1441 animam
1892 1388 2195 1447 corruptam

624 1501 887 1562 viderint,
921 1495 1049 1550 nihil
1093 1491 1264 1547 simile
1302 1488 1531 1548 faciunt,
1557 1480 1649 1535 sed
1673 1491 1724 1533 et
1751 1478 1979 1531 filiorum
2028 1484 2197 1539 nepo-

624 1602 841 1659 tumque
859 1588 1113 1646 animam,
1133 1591 1187 1635 et
1210 1594 1358 1633 suam
1386 1576 1688 1645 negligunt;
1711 1579 1766 1623 ut
1789 1568 1902 1621 lucc
1927 1568 2196 1625 maneant,

625 1657 973 1753 rubigineque
1004 1682 1243 1746 pereant.
1276 1671 1342 1724 Et
1371 1677 1429 1722 ut
1452 1665 1668 1736 quidem
1699 1660 1843 1753 mille
1876 1657 2198 1753 talentorum

628 1742 787 1829 aurea
808 1742 1183 1837 circumponis,
1208 1762 1332 1816 dum
1350 1757 1547 1813 Christi
1578 1752 1875 1809 membrum
1899 1762 1967 1801 ne
1987 1742 2199 1837 quidem

630 1862 929 1919 necessaria
985 1832 1171 1911 fruitur
1214 1866 1357 1907 esca.
1388 1847 1493 1903 Sed
1539 1845 1627 1898 ille
1655 1842 1864 1912 quidem
1904 1832 2202 1891 communis

630 1955 864 2010 onmiutn
888 1950 1140 2004 Dominus
1160 1987 1174 2010 ,
1202 1952 1255 1997 et
1282 1942 1533 1996 ca-lorum
1557 1946 1611 1990 et
1634 1930 1923 1986 eiclestiutn
1949 1924 2203 1992 Spiritua-

632 2047 735 2101 lem
769 2056 1005 2098 mensam
1032 2037 1281 2091 omnibus
1307 2048 1371 2087 ex
1402 2043 1554 2098 inquo
1584 2024 1834 2095 apponit;
1871 2029 1923 2074 tu
1955 2033 2080 2071 vero
2108 2029 2205 2068 nec

2296 1014 2592 1067 lmmilitatc
2616 1055 2631 1077 ,
2660 1029 2762 1067 non
2796 1012 2950 1066 facile
2978 1026 3008 1065 a
3036 1011 3397 1065 fornicationis
3417 1012 3656 1078 appetitu
3690 1017 3876 1075 captus

2296 1107 2497 1160 fuisset.
2532 1107 2642 1160 lloc
2666 1106 2805 1159 enim
2834 1114 2887 1158 et
2916 1103 3103 1172 majori
3156 1102 3315 1156 modo
3340 1103 3519 1155 ornari
3554 1110 3739 1169 potest
3768 1115 3882 1153 me—

2298 1199 2496 1261 retrix;
2544 1196 2648 1250 illis
2675 1210 2801 1250 vero
2830 1210 2933 1249 non
2964 1195 3110 1248 item.
3156 1193 3331 1261 Ipsum
3378 1194 3559 1262 itaque
3605 1209 3673 1245 eo
3716 1191 3881 1245 lmtari

2301 1298 2490 1343 ornatu
2523 1287 2864 1353 assuefacilo,
2894 1302 3052 1357 quem
3096 1302 3198 1339 non
3243 1294 3418 1355 potest
3457 1284 3602 1352 apud
3637 1285 3884 1338 meretri-

2300 1396 2415 1435 cem
2442 1380 2642 1434 viderc.
2670 1380 2947 1445 Quomodo
2973 1388 3148 1432 autem
3173 1379 3315 1430 illum
3341 1376 3391 1430 in
3423 1376 3565 1430 hanc
3589 1384 3889 1429 Consuetu-

2301 1473 2479 1526 dinem
2512 1471 2774 1525 induces?
2802 1470 2855 1524 Si
2884 1469 3023 1523 hunc
3052 1468 3336 1522 abstuleris
3358 1508 3371 1532 ,
3418 1467 3569 1519 illum
3616 1466 3881 1521 induaris.

2303 1564 2391 1620 Sic
2417 1573 2471 1618 et
2502 1564 2584 1617 vir
2614 1564 2666 1617 in
2689 1564 2994 1624 securitate,
3028 1571 3084 1615 tu
3115 1562 3164 1613 iu
3196 1561 3395 1614 honore
3432 1577 3448 1612 :
3475 1574 3541 1611 ac
3570 1558 3717 1611 Deus
3740 1557 3889 1609 vobis

2308 1655 2563 1725 propitius
2593 1654 2693 1708 erit
2719 1695 2734 1719 ,
2762 1663 2810 1707 et
2842 1653 3084 1706 homines
3106 1666 3291 1704 omnes
3317 1665 3413 1703 vos
3442 1648 3895 1710 admirabuntur,

2307 1760 2369 1799 ac
2415 1745 2589 1799 futura
2636 1745 2770 1797 bona
2799 1743 3198 1811 conscquelniui
3220 1782 3235 1805 ,
3276 1742 3444 1812 gratia
3475 1750 3531 1792 et
3564 1739 3900 1807 benignitate

2312 1834 2515 1888 llomini
2565 1834 2729 1887 nostri
2777 1832 2900 1886 Jesu
2929 1830 3162 1894 Christi,
3192 1830 3275 1884 cui
3311 1830 3481 1901 gloria
3500 1840 3559 1886 et
3580 1829 3903 1898 imperium,

2310 1927 2362 1981 in
2390 1924 2582 1981 sarcula
2612 1923 2951 1977 saeculorum.
2986 1924 3178 1978 Amen.

634 2128 3917 2188 ___________________________.________._____.

1857 2220 2202 2285 HOMILIA
2243 2215 2378 2276 XC.
2424 2214 2509 2275 al.
2552 2212 2715 2273 XCI.

647 2393 779 2449 Car.
828 2392 917 2447 28.
967 2406 1021 2444 v.
1078 2389 1164 2443 Η.
1222 2384 1321 2449 Qui
1367 2397 1478 2436 cum
1534 2377 1807 2437 abiisscnt,
1858 2384 1969 2423 ecce
2012 2363 2216 2435 quidam

719 2490 782 2544 de
820 2481 1108 2537 custodibus
1158 2477 1403 2531 venientes
1449 2473 1499 2524 in
1547 2469 1813 2528 civitatem,
1866 2459 2218 2514 nuntiaverunt

715 2575 1023 2644 principibus
1047 2566 1361 2623 sacerdotum
1388 2561 1556 2616 omnia
1581 2572 1692 2622 qua:
1713 2557 1848 2625 facta
1876 2554 2095 2621 fuerant.
2131 2544 2218 2599 l2.

720 2642 787 2719 Et
815 2642 1099 2734 congregati
1128 2676 1241 2713 cum
1271 2652 1569 2715 senioribus,
1614 2645 1823 2701 consilio
1861 2642 1986 2695 inito
2005 2680 2019 2701 ,
2070 2652 2221 2734 pec—u-

722 2759 859 2811 niam
887 2725 1098 2808 matiam
1119 2749 1359 2803 dederunt
1389 2742 1648 2804 militibus,
1702 2737 1789 2791 15.
1839 2734 2067 2786 dicentes-
2089 2742 2109 2781 :
2133 2725 2225 2778 Di-

727 2848 821 2900 cite
845 2844 978 2914 quod
1008 2840 1240 2909 discipuli
1266 2838 1375 2903 ejus
1396 2842 1538 2886 nocte
1566 2836 1824 2889 venerunt,
1852 2833 1896 2877 et
1929 2820 2083 2914 furati
2109 2825 2224 2872 sunt

723 2910 868 2997 eum,
904 2931 1045 2985 nobis
1094 2924 1475 2981 dormientibus.
1526 2919 1611 2973 Η.
1645 2916 1707 2970 Et
1731 2916 1775 2969 si
1806 2915 1900 2967 hoc
1925 2910 2163 2963 audiatur
2196 2922 2227 2958 a

728 3024 958 3097 preside,
987 3038 1077 3075 nos
1113 3016 1436 3074 suadebimus
1462 3013 1530 3076 ei,
1581 3017 1625 3062 et
1663 3024 1746 3061 vos
1772 3015 1902 3058 tutos
1928 3002 2190 3075 faciemus.

728 3162 777 3214 l.
822 3159 1047 3223 Protiter
1075 3152 1173 3207 hos
1206 3150 1400 3204 milites
1427 3154 1581 3199 terrm
1612 3151 1787 3197 motus
1815 3137 1904 3192 ille
1925 3135 2095 3189 factus
2124 3141 2226 3197 est,

656 3253 809 3305 itaut
851 3248 1310 3316 obstttpesccrenl,
1360 3246 1413 3293 et
1451 3236 1519 3289 ah
1558 3234 1685 3303 ipsis
1716 3229 2072 3286 testimonium
2104 3240 2231 3295 pro-

661 3342 929 3403 ferretur;
963 3336 1103 3406 quod
1131 3334 1289 3388 etiam
1321 3328 1517 3383 evenit.
1551 3325 1639 3380 Sic
1677 3324 1818 3378 enim
1845 3321 2046 3391 prolata
2076 3334 2105 3372 ει
2136 3334 2231 3371 cu-

661 3431 902 3485 stodibus
934 3428 1068 3481 fama
1115 3432 1357 3493 suspecta
1386 3434 1490 3473 non
1528 3416 1643 3470 fuit.
1691 3414 1851 3484 Signa
1898 3413 2091 3481 quippe
2133 3410 2235 3463 alia

666 3519 989 3590 generaliter
1016 3531 1109 3586 per
1137 3514 1345 3577 orbem,
1393 3510 1491 3563 alia
1523 3506 1763 3577 privatim
1791 3504 1860 3558 ibi
1888 3500 2237 3572 prmsentibus

667 3616 801 3667 facta
829 3620 952 3664 sunt
983 3625 996 3661 :
1028 3606 1142 3660 orbi
1170 3603 1382 3669 quidem
1415 3599 1507 3654 toti
1534 3599 1805 3660 tenehrze;
1855 3592 2099 3663 privatim
2146 3604 2239 3644 au:

669 3715 775 3758 tem
807 3701 977 3771 angeli
1010 3698 1163 3762 visio,
1189 3707 1241 3749 et
1269 3703 1426 3749 terra:
1467 3700 1661 3744 motus.
1694 3686 1825 3754 Quia
1882 3685 2040 3753 igitur
2083 3696 2240 3735 vene-

668 3804 792 3848 runt
823 3803 874 3845 et
903 3792 989 3845 illa
1037 3787 1344 3842 nuntiarunt
1388 3781 1623 3853 (veritas
1657 3779 1799 3831 enim
1831 3776 1896 3829 ab
1925 3771 2243 3828 adversariis

674 3885 961 3956 prauiicata
1008 3876 1309 3946 resillendrt
1336 3877 1375 3943 ),
1419 3887 1600 3927 rursus
1641 3869 1917 3938 pecuniam
1960 3865 2237 3928 dederunt,

673 3955 729 4028 ut
773 3975 1005 4028 dicerent
1033 3968 1321 4037 discipulus
1347 3964 1463 4032 ejus
1491 3962 1719 4021 venisse,
1750 3960 2025 4027 ipsumque
2049 3955 2247 4010 furatos

672 4084 813 4122 esse.
860 4062 1137 4131 Quomodo
1182 4057 1335 4110 furati
1376 4064 1520 4115 sunt,
1565 4067 1598 4105 o
1641 4051 1875 4103 omnium
1908 4045 2248 4102 stultissimi?

676 4157 808 4211 Nam
838 4152 976 4222 quod
1007 4150 1198 4204 veritas
1226 4149 1293 4200 ita
1322 4141 1928 4213 fulgcatsplendeatquc,
1949 4152 2014 4193 ne
2036 4138 2247 4207 quidem

680 4250 878 4313 lingere
926 4242 1213 4312 possunt‘.
1266 4238 1470 4291 Etenim
1519 4234 1644 4288 illud
1686 4249 1904 4303 prorsus
1942 4232 2250 4286 incredibile

680 4348 817 4403 erat,
846 4345 899 4389 et
934 4329 1277 4399 improbabile
1302 4328 1518 4381 omnino
1548 4325 1901 4379 mendacium.
1934 4322 2213 4389 Quomodo
2232 4362 2248 4387 ,

679 4441 882 4498 quasso,
916 4423 1067 4476 furati
1091 4432 1213 4474 sunt
1240 4417 1504 4487 discipuli,
1533 4414 1774 4468 homines
1805 4429 2059 4482 pauperes
2085 4426 2137 4467 et
2166 4428 2254 4464 ru-

682 4518 800 4580 des,
843 4515 927 4584 qui
959 4527 1025 4566 ne
1054 4512 1103 4564 in
1132 4516 1472 4576 conspectum
1512 4504 1722 4574 quidem
1750 4504 1931 4556 venire
1952 4501 2255 4555 audebant?

686 4616 876 4665 Annon
905 4605 1135 4675 sigillum
1168 4609 1282 4655 erat
1306 4598 1604 4668 appositum
1626 4596 1649 4647 ?
1675 4609 1850 4647 annon
1893 4602 1971 4647 tot
2008 4592 2257 4646 custodes

684 4699 1008 4760 assidebam,
1054 4704 1107 4747 et
1134 4692 1349 4753 milites,
1390 4698 1440 4742 et
1490 4686 1702 4741 Judaei?
1741 4701 1915 4739 annon
1943 4684 2020 4738 illi
2047 4684 2146 4738 hoc
2170 4699 2259 4736 su-

687 4789 1047 4861 spicabantur,
1086 4792 1139 4837 et
1164 4780 1372 4836 solliciti
1403 4777 1688 4847 vigilabant
1711 4776 2102 4845 curahautque?
2154 4774 2261 4829 Cur

689 4893 866 4936 autem
897 4880 1051 4933 furati
1082 4874 1243 4929 sunt?
1291 4889 1358 4925 an
1387 4880 1441 4924 ut.
1472 4869 1875 4924 resurrectionis
1904 4867 2092 4937 dogma
2128 4882 2259 4921 con-

692 4973 985 5044 ﬁngerent?
1017 4969 1079 5022 Et
1103 4965 1369 5037 quomodo
1397 4964 1498 5017 illis
1526 4964 1576 5015 in
1611 4970 1841 5015 mentem
1874 4959 2107 5013 venisset
2142 4960 2261 5012 talia

691 5068 1016 5132 contingere,
1048 5058 1369 5119 hominibus,
1410 5055 1602 5123 quibus
1634 5052 1760 5106 illud
1793 5051 1963 5106 solum
1992 5052 2042 5104 in
2070 5052 2264 5119 optatis

697 5164 829 5217 crat,
859 5163 913 5206 ιιι
933 5152 1123 5207 occulti
1144 5147 1417 5202 viverent?
1440 5144 1704 5215 quomodo
1726 5144 1952 5213 lapidem
1982 5144 2124 5197 illum
2150 5159 2265 5196 uiu-

699 5248 867 5300 nitum
900 5242 1219 5297 amovissent
1243 5239 1307 5291 '?
1351 5236 1618 5307 quomodo
1652 5248 1754 5288 tam
1788 5234 1967 5289 multis
1994 5235 2266 5303 pr:rsenti-

699 5338 798 5393 bus
844 5331 1161 5389 latuisscnt?
1210 5330 1367 5399 Atqui
1410 5329 1614 5383 etiamsi
1657 5338 1880 5381 mortem
1920 5326 2267 5397 contemp-is-

762 5491 779 5521 ¹
816 5495 955 5536 Juxta
988 5484 1271 5537 Commelin.
1304 5489 1356 5531 et
1381 5481 1540 5532 .ttorel.
1570 5480 1831 5542 legendum
1857 5485 2017 5540 esset,
2042 5478 2091 5528 in
2131 5490 2266 5529 erro-

701 5563 803 5601 rem
827 5549 1054 5597 inducere
1076 5560 1168 5596 non
1190 5552 1398 5607 possunt.

726 5677 735 5685 .
764 5613 796 5722 ἶ,
820 5618 957 5669 meo,
980 5601 1212 5672 quomodo
1254 5605 1625 5669 lapidem........
1669 5602 1973 5664 (interissent,
2009 5601 2185 5650 desunt
2220 5602 2267 5650 in

726 5692 762 5722 ιδ
802 5689 899 5722 υιιι.

705 5679 899 5725 iisdem.

2323 2363 2461 2421 sent,
2510 2369 2797 2425 numquam
2838 2354 2888 2408 id
2921 2362 3121 2409 temere
3146 2363 3199 2409 et
3224 2352 3417 2407 frustra
3446 2354 3717 2407 tentaturi
3749 2363 3896 2418 erant,

2322 2462 2443 2501 cum
2473 2455 2548 2500 tot
2576 2454 2755 2500 essent
2782 2447 3049 2500 custodes.
3100 2445 3248 2513 Quod
3280 2456 3458 2498 autent
3490 2446 3675 2499 timidi
3720 2457 3900 2504 cssmt.

2324 2554 2440 2607 qua:
2469 2537 2614 2607 prius
2639 2536 2773 2590 facta
2797 2544 2922 2590 sunt
2944 2536 3301 2591 declarabant.
3317 2536 3450 2589 Cum
3480 2538 3637 2589 enim
3658 2537 3810 2589 illum
3833 2552 3906 2587 c.1-

2327 2640 2471 2699 ptum
2503 2629 2782 2693 vidissent,
2823 2629 3141 2699 aufugerunt
3165 2644 3370 2683 omnes.
3418 2630 3474 2682 Si
3503 2644 3646 2698 ergo
3678 2639 3803 2682 tunc
3829 2629 3900 2681 illo

2328 2721 2505 2775 adhuc
2540 2721 2750 2777 vivente
2791 2737 2857 2776 ne
2896 2731 3038 2775 stare
3076 2721 3286 2788 quidem
3312 2720 3426 2773 ausi
3460 2730 3617 2783 sunt,
3650 2718 3905 2789 quomodo

2328 2826 2449 2886 post
2487 2825 2711 2869 mortem
2751 2815 3105 2884 cjus,tantam
3152 2815 3373 2868 militum
3416 2823 3661 2868 turmam
3708 2830 3815 2867 non
3857 2814 3915 2867 ti-

2330 2907 2630 2962 muissent?
2668 2907 2802 2961 Num
2836 2908 2993 2974 jauua
3024 2915 3225 2959 tantum
3254 2904 3546 2959 evertenda
3580 2906 3751 2958 erat?
3796 2921 3904 2958 num

2336 2997 2416 3051 vel
2438 3012 2574 3050 unus
2600 2997 2763 3050 latere
2786 2996 3022 3065 poterat?
3045 2995 3202 3064 Lapis
3223 3004 3336 3049 erat
3362 3011 3596 3064 magnus
3624 2997 3909 3064 appositus,

2332 3088 2415 3142 cui
2442 3086 2736 3142 amovenda
2768 3087 2949 3141 multis
2978 3096 3092 3140 erat
3131 3101 3264 3156 opus
3304 3088 3578 3139 manibus.
3624 3086 3764 3141 Jurc
3799 3102 3921 3155 ergo

2335 3181 2582 3235 dicebant
2612 3199 2627 3234 :
2662 3179 2726 3233 Et
2747 3180 2838 3233 erit
2859 3180 3155 3234 novissimus
3174 3196 3314 3233 error
3335 3180 3479 3249 pejor
3508 3179 3692 3246 priore
3713 3179 3925 3249 (Matth.

2335 3271 2424 3325 27.
2459 3270 2580 3341 fit);
2630 3280 2813 3324 contra
2852 3285 2911 3325 se
2957 3271 3100 3340 ipsos
3142 3270 3241 3324 hoc
3284 3271 3738 3339 pronuntiantes,
3792 3269 3932 3338 quod

2340 3370 2459 3432 post
2487 3370 2688 3415 tantum
2734 3360 2987 3421 furorem.
3032 3375 3152 3415 cum
3193 3360 3505 3429 resipiscere
3549 3363 3941 3428 oportuisset,

2343 3454 2517 3521 priora
2549 3467 2800 3522 superare
2829 3461 3150 3506 conarentur
3177 3467 3247 3506 ex
3274 3450 3508 3505 ridiculis
3549 3451 3662 3503 illis
3710 3453 3936 3520 figmen-

2342 3544 2442 3609 tis;
2475 3554 2529 3598 et
2572 3545 2660 3613 qui
2688 3544 2909 3597 viventis
2938 3544 3249 3612 sanguinem
3277 3552 3538 3604 emerant,
3594 3545 3857 3598 crucifixi
3882 3553 3927 3594 et

2343 3646 2522 3705 postea
2550 3636 2872 3704 resurgentis
2904 3634 3121 3704 pecunia
3150 3637 3600 3689 resurrectionem
3626 3636 3918 3689 subducere

2348 3728 2637 3781 tentabant.
2674 3726 2753 3781 Tu
2782 3743 2908 3781 vero
2932 3727 3291 3781 animadverte
3320 3726 3595 3795 quomodo
3625 3729 3808 3795 gestis
3828 3726 3917 3779 suis

2347 3821 2541 3889 ubique
2565 3821 2855 3888 capiantur.
2879 3819 2933 3875 Si
2960 3820 3098 3874 enim
3129 3819 3349 3873 Pilatum
3381 3834 3485 3871 non
3508 3818 3809 3882 adiisseul,
3838 3832 3914 3871 nec

2351 3911 2644 3966 custodiam
2677 3912 2974 3981 pcliissent,
3020 3909 3228 3965 facilius
3257 3911 3556 3979 potuissent
3605 3910 3733 3964 hmc
3767 3912 3914 3976 impii.

2350 4001 2538 4056 denter
2577 4017 2883 4057 asseverare
2915 4018 2929 4053 :
2958 4017 3097 4056 nunc
3140 4017 3267 4055 vero
3309 4017 3412 4055 non
3458 4002 3613 4055 item.
3671 4002 3810 4055 Nam
3855 4004 3918 4054 sic

2352 4092 2528 4146 omnia
2562 4093 2818 4158 fecerunt,
2867 4108 2929 4147 ac
2957 4093 3001 4146 si
3028 4092 3322 4147 voluissent
3361 4092 3460 4146 sibi
3502 4107 3602 4145 ora
3646 4108 3919 4147 censuere.

2355 4183 2409 4237 Si
2439 4186 2578 4236 enim
2607 4182 2849 4252 discipuli
2874 4183 3088 4251 vigilare
3109 4198 3228 4237 cum
3255 4182 3464 4237 Christo
3489 4198 3600 4236 non
3628 4194 3920 4252 potuerant,

2354 4278 2512 4331 etiam
2560 4275 2648 4330 illo
2696 4277 2746 4330 id
2794 4277 3169 4347 exprobrante,
3209 4276 3476 4345 quomodo
3514 4275 3619 4331 hoc
3660 4280 3784 4331 ausi
3816 4278 3930 4331 fuis-

2356 4366 2511 4419 sent?
2538 4365 2645 4420 Cur
2663 4376 2839 4420 autem
2865 4365 2991 4420 illud
3014 4382 3118 4420 non
3153 4366 3295 4435 prius
3316 4366 3469 4420 furati
3490 4376 3641 4429 sunt,
3670 4368 3772 4420 sed
3803 4376 3936 4437 post-

2356 4471 2514 4525 quam
2562 4470 2657 4509 vos
2697 4456 3079 4510 acccsseratis?
3127 4454 3185 4511 Si
3224 4455 3364 4509 enim
3410 4455 3543 4509 illud
3586 4456 3777 4512 facere
3806 4459 3938 4511 vole-

2359 4547 2517 4612 bant,
2563 4563 2683 4602 cum
2726 4547 2957 4601 nondum
3004 4547 3363 4603 custodiretur
3401 4548 3756 4617 sepulcrum,
3803 4550 3851 4602 id
3890 4551 3939 4602 in

2360 4639 2528 4707 prima
2559 4647 2712 4693 nocte
2752 4638 3022 4701 fecissent,
3058 4653 3179 4693 cum
3219 4638 3271 4693 id
3317 4647 3428 4692 tuto
3452 4647 3507 4693 et
3536 4639 3658 4693 sine
3698 4642 3939 4711 periculo

2364 4729 2475 4784 fieri
2510 4738 2707 4800 posset.
2758 4730 2889 4784 Nam
2934 4730 3156 4785 sabbato
3198 4730 3515 4785 accedentes
3561 4733 3876 4785 custodiam
3926 4747 3955 4786 a

2366 4822 2532 4876 Pilato
2564 4822 2825 4891 petierunt
2856 4829 2910 4875 et
2954 4820 3222 4875 custodire
3265 4831 3541 4889 coeperunt
3574 4839 3588 4874 :
3622 4823 3804 4891 prima
3827 4839 3950 4877 vero

2367 4924 2522 4969 nocte
2548 4930 2703 4968 nemo
2734 4915 2951 4968 istorum
2979 4914 3226 4983 sepulcro
3252 4914 3455 4969 aderat.

2435 5004 2489 5058 2.
2533 5004 2638 5059 Sed
2683 5005 2809 5073 quid
2852 5005 2949 5059 sibi
2997 5004 3180 5058 volunt
3228 5005 3441 5059 sudaria
3482 5020 3606 5074 qua:
3632 5021 3708 5059 ex
3738 5006 3945 5076 myrrha

2367 5098 2723 5168 conglutinata
2757 5096 2946 5150 erant?
2978 5096 3101 5151 ﬂare
3128 5097 3271 5151 enim
3294 5096 3522 5166 jacentia
3567 5097 3766 5152 Petrus
3801 5100 3946 5153 vidit.

2368 5188 2498 5242 Nam
2527 5188 2571 5242 si
2603 5187 2762 5241 furari
2794 5186 3106 5252 voluissent,
3155 5202 3261 5240 non
3306 5185 3501 5240 nudum
3546 5202 3754 5255 corpus
3802 5187 3951 5241 furati

2370 5290 2549 5336 essent
2574 5299 2587 5343 ;
2633 5297 2737 5334 non
2780 5279 2938 5333 modo
2968 5294 3031 5333 ne
3061 5278 3109 5331 id
3138 5293 3256 5333 esse
3282 5278 3607 5332 contumelia
3638 5280 3956 5344 videretur,

2370 5375 2464 5429 sed
2500 5378 2658 5427 etiam
2706 5388 2793 5435 ne,
2833 5373 2959 5425 dum
2988 5381 3263 5435 exuerent,
3297 5387 3481 5425 moras
3510 5372 3815 5437 traherent,
3860 5374 3956 5426 da-

2372 5476 2595 5534 rentque
2624 5464 2797 5517 locum
2835 5462 2939 5515 illis
2969 5461 3284 5531 exsurgendi
3308 5502 3323 5523 ,
3350 5476 3513 5531 seque
3546 5462 3959 5531 deprehendi-u-

2372 5556 2464 5619 di;
2496 5570 2614 5609 cum
2648 5555 2874 5607 maxime
2914 5552 3124 5624 myrrha
3163 5560 3324 5615 esset,
3373 5553 3597 5622 glutinis
3626 5555 3802 5607 instar
3840 5569 3957 5607 cor-

2376 5649 2489 5720 pori
2535 5656 2588 5702 et
2635 5645 2963 5701 vestimentis
2994 5644 3233 5709 haerens;
3279 5654 3604 5711 quapropter
3655 5661 3767 5700 non
3803 5646 3959 5700 facile
