4068 6214
347 298 452 353 ἶδθ

344 421 465 466 erat
489 408 805 464 vestimenta
837 422 866 460 a
902 420 1128 474 corpore
1166 405 1418 470 avellere,
1459 403 1553 459 sed
1580 402 1747 457 multo
1771 401 1836 455 ad
1867 401 1916 455 id

346 514 588 569 tempore
633 512 770 568 opus
811 506 963 552 erat:
1013 497 1082 550 ita
1114 504 1170 549 ut
1206 495 1288 549 vel
1319 495 1441 547 hinc
1471 493 1665 547 furtum
1694 490 1822 545 illud
1852 491 1921 544 sit

344 591 678 648 incredibile.
728 590 809 643 Au
862 603 992 642 vero
1038 586 1312 642 Iudaicum
1349 585 1581 638 furorem
1626 598 1730 636 non
1759 595 1921 634 nove-

344 692 487 749 rant,
533 682 622 751 qui
654 680 707 735 in
738 694 796 733 se
818 676 1209 733 convertendus
1246 676 1404 731 erat?
1444 674 1581 741 Quid
1610 688 1768 744 porro
1798 672 1920 726 hinc

344 775 479 829 lucri
508 773 637 837 illis,
667 773 711 826 si
738 786 846 825 non
878 769 1297 825 resurrexisset?
1350 767 1473 821 llaec
1518 774 1695 820 autem
1741 764 1916 817 omnia

342 880 469 920 cum
516 879 576 919 se
620 863 836 917 ﬁnxisse
862 862 960 917 sibi
986 860 1186 916 conscii
1212 868 1423 924 essent,
1474 859 1750 927 pecuniam
1790 856 1919 909 dant

342 965 399 1008 et
422 954 603 1008 dicunt
632 970 644 1005 :
681 953 805 1006 llaec
846 967 942 1005 vos
966 951 1146 1013 dicite,
1176 960 1233 1005 et
1263 964 1359 1004 nos
1391 948 1597 1019 praesidi
1629 946 1916 1016 persuade-

344 1045 539 1098 bimus.
568 1043 721 1097 Hunc
748 1042 889 1096 enim
919 1054 1188 1095 rumorem
1218 1039 1395 1109 spargi
1420 1038 1689 1101 volebant,
1722 1035 1917 1089 frustra

345 1142 535 1187 contra
564 1133 841 1187 veritatem
866 1131 1227 1195 decertantes,
1255 1144 1320 1183 ac
1345 1144 1439 1199 per
1463 1144 1527 1183 ea
1552 1128 1743 1197 quibus
1772 1127 1918 1181 illam

344 1225 635 1277 obscurare
680 1222 1009 1291 satagebant,
1059 1220 1470 1289 splendidiorem
1496 1219 1578 1273 vel
1606 1218 1752 1272 inviti
1789 1217 1917 1272 red-

345 1314 553 1368 dentes.
604 1312 735 1367 Nam
786 1312 889 1366 hoc
929 1312 1375 1366 resurrectionem
1420 1310 1732 1375 continuat,
1774 1309 1916 1379 quod

345 1405 526 1460 dicant
571 1404 859 1473 discipulos
902 1403 1048 1457 illum
1098 1402 1297 1456 furatos
1359 1416 1479 1456 esse
1530 1418 1544 1453 :
1601 1401 1918 1455 conﬁtentur

343 1496 487 1549 enim
534 1509 727 1563 corpus
774 1503 899 1547 tunc
938 1492 1009 1546 ibi
1050 1507 1154 1546 non
1183 1491 1365 1545 fuisse.
1391 1490 1522 1545 Cum
1549 1500 1723 1543 autem
1754 1487 1917 1543 eonﬁ-

346 1595 558 1640 teantur
586 1600 781 1654 corpus
823 1584 894 1638 ibi
942 1599 1048 1637 non
1091 1583 1271 1645 fuisse,
1316 1581 1618 1649 furtumque
1645 1579 1833 1633 falsum
1864 1586 1918 1633 et

345 1675 656 1730 incredibile
696 1674 967 1729 declarent
1008 1674 1233 1727 militum
1280 1670 1580 1741 praisentia,
1625 1669 1911 1739 signacula,

342 1766 831 1835 discipulorumque
858 1764 1130 1828 timiditas,
1155 1762 1389 1816 indubita
1421 1761 1543 1815 hinc
1571 1760 1917 1814 resurrectio-

344 1858 427 1910 uis
473 1854 858 1911 demonstratio
905 1858 1127 1907 eruitur.
1179 1854 1424 1907 Attamen
1465 1849 1799 1918 impudentes
1840 1848 1915 1903 illi

344 1946 434 2011 qui
464 1946 595 1999 nihil
626 1960 729 1998 non
757 1943 1039 2006 audebant,
1072 1942 1195 1996 licet
1225 1950 1300 1995 tot
1328 1952 1575 2010 tantaque
1604 1950 1916 2009 essentqute

344 2038 463 2090 illos
479 2037 847 2089 obmutescere
860 2042 1131 2102 cogerent,
1154 2032 1332 2098 Dicite,
1353 2032 1518 2095 aiunt,
1538 2040 1585 2083 et
1608 2046 1697 2083 nos
1710 2044 1917 2098 persua-

341 2129 591 2192 debimus,
623 2144 681 2180 ac
721 2144 806 2181 vos
834 2142 1035 2181 securos
1065 2125 1349 2178 reddemus.
1380 2122 1564 2178 Videu’
1592 2138 1777 2177 omnes
1797 2137 1916 2175 cor-

341 2218 570 2287 ruptos?
606 2218 869 2272 Pilatum?
919 2216 1034 2286 Ipse
1066 2215 1209 2269 enim
1240 2213 1643 2285 obtemperavit.
1691 2210 1915 2265 Milites?

342 2310 596 2379 populum
623 2308 942 2363 Judaicum?
980 2305 1084 2361 Sed
1115 2320 1180 2359 ne
1208 2305 1417 2358 mireris
1441 2303 1486 2357 si
1514 2302 1751 2372 pecunia:
1772 2301 1914 2354 mili-

342 2409 423 2452 tes
469 2399 793 2468 subegcriut.
843 2396 974 2450 Nam
1024 2396 1067 2450 si
1117 2404 1315 2449 tantam
1357 2393 1409 2447 in
1452 2391 1765 2461 discipulum
1808 2390 1914 2444 vim

343 2490 660 2554 habuerunt,
703 2489 869 2543 multo
910 2489 1076 2558 magis
1115 2485 1255 2556 apud
1305 2484 1440 2538 illos.
1495 2482 1561 2536 Et
1602 2482 1915 2552 divulgatum

340 2594 440 2650 est,
470 2583 656 2653 inquit,
687 2582 888 2636 verbum
918 2581 1011 2633 hoc
1030 2596 1183 2647 usque
1205 2579 1259 2630 in
1288 2586 1580 2647 prensantem
1600 2576 1731 2628 diem
1754 2576 1793 2627 ¹.
1822 2575 1913 2630 Vi-

342 2674 466 2728 den‘
522 2687 730 2727 rursum
777 2670 1158 2738 discipulorum
1208 2666 1594 2722 veracitatem‘!
1644 2663 1914 2735 quomodo

342 2780 449 2819 non
476 2765 793 2819 erubescant
818 2762 1021 2823 dicere,
1061 2760 1195 2813 hanc
1220 2770 1404 2814 contra
1440 2758 1560 2813 illos
1590 2748 1783 2810 famam
1811 2756 1912 2810 ob-

343 2857 611 2912 tinuisse?
650 2856 735 2910 l6.
784 2853 1038 2909 Uudecim
1084 2862 1249 2905 autem
1296 2850 1531 2918 discipuli
1579 2845 1811 2902 abierunt
1858 2847 1914 2901 in

342 2947 654 3010 Catilinam;
702 2946 788 3000 l7.
832 2953 883 2998 et
921 2944 1011 2996 alii
1047 2942 1253 3011 quidem
1291 2940 1645 3004 adoraverunt,
1676 2938 1767 2991 alii
1800 2952 1915 2990 cum

344 3040 509 3108 ipsum
536 3038 793 3102 uidissent,
824 3034 1192 3088 dubitaverunt.
1235 3032 1331 3087 Hic
1375 3029 1503 3085 mihi
1532 3038 1803 3099 postremo
1834 3026 1915 3083 vi-

340 3130 500 3185 detur
526 3129 670 3183 visus
695 3140 817 3181 esse
856 3126 908 3180 in
937 3124 1175 3186 Galilaaa,
1218 3120 1431 3191 quando
1476 3120 1592 3173 illos
1636 3119 1816 3172 emisit
1859 3125 1916 3171 ut

344 3223 693 3291 baptizareut.
722 3216 874 3287 Quod
898 3217 941 3272 si
971 3214 1187 3286 quidam
1215 3213 1592 3277 dubitaverint,
1632 3210 1755 3265 hinc
1784 3225 1915 3280 quo-

342 3328 446 3383 que
472 3312 682 3366 illorum
714 3308 1057 3364 veracitatem
1086 3304 1300 3369 mirare,
1342 3300 1608 3371 quomodo
1635 3314 1827 3367 nempe
1846 3299 1913 3354 ad

343 3404 584 3458 ultimam
611 3415 781 3469 usque
808 3398 948 3454 diem
980 3395 1317 3450 inﬁrmitates
1339 3407 1462 3447 suas
1491 3406 1596 3445 non
1621 3391 1907 3444 occultent.

342 3497 595 3549 Attamen
639 3507 705 3545 ex
747 3490 886 3544 illius
924 3493 1215 3555 conspectu
1256 3482 1559 3540 conﬁrmati
1604 3490 1745 3535 sunt.
1777 3480 1914 3547 Quid

340 3598 470 3653 ergo
499 3582 618 3635 illos
647 3578 982 3648 chSpiciens
1016 3574 1188 3629 dixit?
1218 3573 1304 3628 18.
1339 3572 1473 3625 Data
1498 3581 1569 3625 est
1598 3570 1725 3623 mihi
1752 3570 1915 3624 quinis

343 3683 567 3743 potestas
607 3673 659 3725 in
686 3670 812 3725 uelo
839 3678 887 3724 et
916 3670 969 3722 in
1001 3678 1151 3721 terra.
1180 3667 1379 3719 Rursus
1405 3664 1636 3717 humano
1660 3676 1812 3717 more
1838 3661 1915 3715 lo-

340 3767 525 3836 quitur
552 3765 654 3818 illis
678 3782 694 3830 ;
728 3762 965 3817 nondum
996 3761 1139 3815 enim
1164 3766 1482 3827 acceperant
1508 3757 1762 3827 Spiritum
1789 3770 1913 3809 san-

342 3869 510 3921 ctum,
538 3856 626 3926 qui
658 3856 775 3910 illos
815 3852 1154 3908 sublimiorcs
1179 3848 1431 3904 efficeret.
1475 3849 1561 3903 l9.
1593 3847 1782 3901 Euntes
1818 3847 1915 3900 do-

342 3959 449 4001 cete
474 3964 644 3999 omnes
682 3955 870 4014 gentes,
902 3943 1210 4013 baptizantes
1255 3956 1337 3994 eos
1362 3940 1413 3992 in
1440 3940 1639 3992 nomine
1674 3937 1844 3991 Patris
1868 3946 1916 3989 α

349 4037 473 4090 Filii
503 4050 549 4091 et
590 4036 815 4103 Spiritus
856 4032 1017 4087 sancti
1043 4048 1060 4085 :
1084 4031 1173 4086 20.
1221 4030 1452 4083 docentes
1476 4044 1558 4081 eos
1586 4034 1783 4081 servare
1803 4042 1914 4079 om-

347 4134 432 4183 nia
474 4144 793 4198 quwcumquc
836 4124 1072 4177 utandavi
1113 4122 1268 4175 vobis.
1308 4121 1381 4174 De
1408 4118 1761 4198 dogmatibus,
1788 4119 1914 4173 item

344 4223 412 4275 de
445 4194 729 4290 tirmceptis
767 4216 1046 4280 mandans,
1091 4213 1396 4267 Judzrorum
1425 4225 1491 4266 ne
1521 4194 1764 4265 meminit
1794 4210 1913 4278 qui—

341 4315 489 4378 dem,
522 4327 693 4380 neque
720 4311 770 4363 iu
800 4308 1029 4362 medium
1063 4305 1263 4375 profert
1290 4320 1352 4359 ea
1381 4319 1499 4373 qua:
1521 4304 1651 4357 facta
1683 4304 1911 4369 fuerant,

348 4420 520 4471 netiue
548 4402 705 4455 Petro
735 4398 1088 4469 negationem,
1118 4395 1200 4449 vel
1226 4395 1448 4447 aliorum
1497 4393 1587 4446 ulli
1621 4392 1796 4461 fugam
1825 4407 1919 4447 ex-

348 4494 598 4564 probrat;
627 4491 778 4559 jubet
802 4498 979 4542 autem
1005 4502 1102 4555 per
1129 4486 1313 4540 orbem
1342 4484 1540 4539 effundi
1570 4483 1916 4552 compendio-

348 4600 458 4639 sam
487 4583 629 4637 illam
669 4579 914 4649 baptismi
950 4578 1269 4631 doctrinam.
1314 4574 1515 4629 Deinde
1560 4576 1681 4643 quia
1729 4588 1916 4642 magna

348 4677 452 4731 illis
474 4682 819 4745 przeceperat,
851 4672 1081 4739 ipsorum
1118 4670 1323 4721 animos
1345 4665 1613 4730 attollens,
1648 4665 1754 4717 ait:
1789 4662 1920 4717 Ecce

344 4784 437 4835 ego
463 4764 712 4817 vobiscum
734 4777 845 4814 sum
872 4760 1102 4813 omnibus
1123 4756 1297 4809 diebus
1323 4768 1477 4822 usque
1503 4754 1570 4805 ad
1594 4769 1915 4806 consumma-

345 4860 532 4911 tionem
573 4854 765 4906 seaculi.
810 4850 995 4905 Viden'
1032 4862 1241 4903 rursum
1289 4844 1700 4898 auctoritatem?
1744 4841 1918 4895 viden'

344 4945 618 5017 quomodo
645 4943 728 4996 illa
760 4956 879 4996 sese
906 4935 1295 5006 attemperandi
1332 4948 1493 4989 causa
1527 4931 1759 4986 dixerit?
1799 4930 1913 4984 Non

342 5054 464 5094 cum
494 5038 595 5091 illis
622 5036 792 5089 solum
816 5048 875 5085 se
904 5033 1013 5084 fore
1033 5030 1187 5092 dixit,
1216 5027 1311 5082 sed
1337 5027 1496 5079 etiam
1522 5039 1643 5077 cum
1670 5023 1919 5077 omnibus

343 5131 432 5197 qui
467 5137 586 5197 post
610 5126 729 5177 illos
758 5121 1013 5177 credituri
1040 5129 1213 5174 erant.
1267 5116 1446 5185 Neque
1492 5116 1636 5168 enim
1690 5113 1916 5182 apostoli

346 5234 513 5287 usque
563 5216 628 5269 ad
678 5211 1192 5269 consummationem
1221 5207 1399 5261 sicculi
1432 5206 1670 5258 mansuri
1714 5214 1868 5258 erant
1900 5220 1913 5256 :

344 5309 439 5364 sed
481 5306 724 5361 ﬁdelibus
770 5303 1015 5357 omnibus
1074 5300 1225 5368 quasi
1264 5298 1351 5351 uni
1402 5296 1611 5364 corpori
1660 5295 1912 5363 loquitur.

344 5400 422 5456 Ne
469 5399 621 5463 mihi,
653 5396 843 5465 inquit,
885 5381 1252 5447 difﬁcultatem
1280 5404 1457 5445 rerum
1500 5386 1742 5441 dixeritis
1782 5400 1918 5455 :ego

342 5494 488 5547 enim
534 5490 804 5543 vobiscum
836 5502 975 5550 sum,
1021 5485 1110 5554 qui
1138 5482 1317 5537 omnia
1360 5480 1531 5535 facilia
1576 5477 1762 5534 reddo.
1806 5477 1918 5531 Hoc

407 5625 427 5659 ι
462 5622 747 5673 οκιιπιθιὶη.
785 5628 836 5668 et
871 5616 1033 5667 Morel.
1056 5616 1265 5672 habent,
1293 5620 1345 5664 Et
1384 5613 1676 5675 divulgatum
1713 5617 1781 5660 cst
1817 5620 1923 5659 ver-

343 5683 942 5749 subueniendum.

645 5768 919 5829 Parum.
965 5769 1083 5829 Gn.
1133 5765 1343 5829 LVlll.

1359 293 1426 349 IN
1465 288 1868 347 MATTHEUM
1906 288 2135 344 HOMIL.
2161 288 2273 346 XC.
2304 292 2374 347 al.
2416 292 2552 349 XCI.

3495 299 3604 357 rso

2031 402 2189 455 etiam
2240 402 2514 473 prophetis
2559 406 2609 459 in
2659 407 2825 462 veteri
2850 408 2965 479 lege
2992 409 3245 469 dicebat:
3274 420 3332 467 ct
3352 394 3602 470 Ieremia!

2027 493 2302 559 pueritiam
2342 494 2678 562 obtendenti,
2721 506 2776 552 et
2821 498 2988 569 Moysi
3022 509 3077 555 et
3105 500 3371 557 Esechiell
3392 502 3605 560 subter-

2026 580 2368 650 fugientihus,
2402 584 2508 656 Ego
2530 588 2779 640 vobiscum
2802 604 2933 654 sum,
2963 589 3152 659 inquit.
3180 590 3291 647 Hoc
3317 592 3421 647 illis
3460 609 3603 650 nunc

2024 671 2169 725 dicit.
2215 673 2312 728 Hic
2339 690 2467 729 vero
2492 678 2620 732 mihi
2647 680 2860 734 illorum
2889 681 3239 738 diﬁ‘erentiam
3268 685 3595 742 consideres.

2024 758 2104 814 llli
2134 764 2274 816 enim
2303 764 2368 819 ad
2398 781 2554 820 unam
2580 769 2727 823 missi
2756 781 2992 840 gentem,
3042 789 3187 844 saepe
3232 787 3547 833 recusarunt
3579 796 3595 833 :

2026 850 2079 902 hi
2126 851 2256 905 nihil
2282 853 2585 923 hujusmodi
2616 858 2820 928 loquuti
2844 870 2991 929 sunt,
3040 863 3092 917 in
3123 864 3307 920 orbem
3336 878 3595 923 terrarum

2024 945 2191 999 missi.
2234 946 2341 1002 Illis
2370 964 2496 1005 vero
2533 957 3043 1011 consummationem
3083 969 3489 1026 commemorat,
3536 971 3598 1016 ut

2024 1039 2192 1107 magis
2214 1040 2335 1095 illos
2359 1043 2712 1112 pertraheret,
2754 1054 2808 1100 et
2851 1063 2919 1101 ne
2947 1051 3228 1116 praesentia
3256 1051 3429 1106 solum
3459 1052 3597 1121 inju-

2024 1126 2194 1180 cunda
2221 1131 2609 1199 conSpicerent,
2644 1134 2736 1188 sed
2760 1133 2937 1191 futura
2964 1138 3048 1191 illa
3072 1138 3272 1193 inﬁnita
3300 1139 3457 1195 bona.
3486 1139 3595 1195 Ad-

2025 1232 2180 1271 versa
2223 1221 2386 1289 enim,
2436 1222 2627 1293 inquit,
2674 1241 2793 1294 qua:
2836 1228 3042 1295 passuri
3082 1230 3231 1295 estis,
3262 1230 3315 1285 in
3345 1233 3592 1300 praesenti

2023 1307 2129 1361 vita
2175 1310 2473 1377 solvuntur,
2514 1314 2943 1384 quandoquidem
2970 1328 3023 1371 et
3050 1318 3221 1388 ipsum
3258 1321 3511 1375 saeculum
3536 1322 3591 1376 in

2026 1402 2539 1455 consummationem
2588 1405 2810 1459 veniet:
2848 1406 2984 1460 bona
3014 1422 3163 1471 vero,
3211 1409 3402 1478 quibus
3448 1411 3592 1465 fruc-

2024 1486 2173 1552 mini,
2204 1500 2401 1544 mterna
2432 1502 2669 1558 manent,
2704 1504 2759 1548 ut
2786 1510 2928 1564 sarpe
2957 1496 3066 1551 dixi
3096 1498 3360 1567 superius.
3390 1498 3479 1555 Sic
3499 1514 3591 1556 eo-

2023 1592 2139 1630 rum
2186 1580 2391 1635 animos
2435 1583 2674 1637 excitans
2696 1599 2807 1653 .pcr
2833 1585 2973 1639 illius
3000 1586 3105 1642 diei
3129 1589 3594 1645 commemoratio-

2022 1680 2144 1720 nem
2181 1669 2326 1722 misit
2362 1684 2475 1725 eos.
2522 1673 2643 1727 Dies
2663 1676 2805 1728 enim
2831 1674 2918 1728 illa
2942 1686 3088 1730 recte
3113 1678 3411 1732 viventibus
3436 1687 3591 1747 opta-

2024 1755 2162 1821 bilis,
2212 1767 2270 1811 ut
2311 1762 2674 1827 peccatoribus
2718 1765 2988 1829 terribilis,
3040 1774 3220 1835 utpote
3252 1766 3590 1835 damnandis.

2022 1842 2127 1897 Sed
2174 1860 2238 1899 ne
2272 1846 2570 1915 timeamus,
2616 1866 2715 1906 nec
2748 1851 3063 1907 horreamus
3092 1832 3313 1920 tantum,
3340 1855 3435 1911 sed
3462 1832 3589 1911 dum

2025 1942 2232 2005 tempus
2258 1947 2360 2002 est,
2390 1939 2753 2008 immutcmur,
2785 1952 2840 1997 et
2866 1958 2930 1998 ex
2955 1944 3187 2013 nequitia
3213 1960 3546 2016 emergamus
3572 1965 3588 2002 :

2023 2042 2305 2096 possumus
2334 2031 2497 2097 enim,
2527 2032 2573 2086 si
2596 2034 2937 2089 voluerimus.
2989 2036 3123 2091 Nam
3148 2038 3190 2091 si
3221 2034 3346 2093 ante
3370 2039 3591 2109 gratiam

2022 2118 2171 2171 multi
2198 2118 2296 2172 hoc
2328 2119 2584 2185 fecerunt,
2626 2123 2792 2178 multo
2817 2125 2983 2194 magis
3012 2135 3131 2195 post
3153 2128 3376 2197 gratiam
3409 2130 3517 2185 fiet.

2092 2207 2144 2260 5.
2188 2206 2336 2262 ΝἱΙιὶι
2361 2209 2560 2278 difficile
2584 2211 2636 2264 in
2668 2214 2928 2282 prteceptis
2956 2213 3164 2269 Christi.
3187 2246 3258 2258 —
3284 2218 3420 2285 Quid
3447 2221 3590 2275 enim

2020 2309 2180 2363 grave
2208 2307 2526 2367 prmccptum
2557 2300 2709 2355 uobis
2734 2302 2857 2355 est?
2897 2317 2964 2357 an
3010 2314 3219 2361 montes
3258 2310 3481 2364 secare?
3522 2325 3591 2366 an

2022 2385 2198 2441 volare
2226 2402 2321 2456 per
2347 2404 2524 2444 aerem
2545 2391 2569 2444 ?
2589 2400 2681 2446 aut
2706 2391 3035 2463 Tyrrhenum
3062 2396 3283 2467 pelagus
3312 2400 3593 2469 trajicere?

2022 2475 2358 2547 Nequaquam
2386 2499 2400 2533 :
2427 2481 2520 2535 sed
2549 2483 2707 2537 vitam
2740 2484 2811 2538 ita
2848 2483 3052 2541 facilem
3078 2488 3231 2543 nobis
3260 2490 3504 2560 iniunxit,
3535 2503 3593 2547 ut

2022 2570 2392 2629 instrumentis
2423 2576 2552 2630 nihil
2576 2592 2715 2645 opus
2744 2579 2832 2642 sit.
2878 2580 2972 2635 sed
3008 2581 3188 2637 animo
3226 2592 3282 2637 et
3321 2584 3594 2638 voluntate

2022 2668 2245 2718 tantum.
2297 2665 2425 2731 Qua:
2471 2668 2819 2724 instrumenta
2860 2670 3157 2727 babderunt
3199 2676 3448 2744 apostoli,
3501 2678 3593 2746 qui

1978 2760 2103 2811 .tot
2126 2755 2376 2824 prmclara
2402 2763 2719 2828 gesserunt?
2764 2760 2953 2816 Annon
2982 2777 3083 2817 una
3112 2763 3278 2819 induti
3304 2766 3506 2832 tunica,
3538 2779 3595 2822 et

2022 2844 2178 2900 nudis
2223 2847 2445 2917 pedibus
2498 2860 2683 2916 erant,
2734 2860 2787 2906 ct
2834 2853 3010 2907 omnia
3055 2857 3412 2924 superarunt?
3454 2856 3595 2924 Quid

2021 2935 2161 2990 enim
2191 2935 2408 2992 difﬁcile
2435 2937 2485 2992 in
2516 2940 2794 3010 praeceptis
2834 2940 3028 2998 Christi
3076 2944 3203 2999 est?
3238 2944 3450 3002 Nullum
3494 2947 3594 3003 ha-

2020 3022 2148 3079 beas
2174 3026 2479 3091 inimicum;
2510 3031 2775 3086 neminem
2802 3032 2927 3087 odio
2952 3032 3177 3100 habeas;
3206 3038 3402 3094 nemini
3431 3040 3594 3095 male-

2021 3112 2188 3169 dicas.
2230 3114 2359 3181 Quae
2385 3116 2468 3171 his
2495 3128 2617 3173 sunt
2644 3121 2931 3187 contraria,
2964 3122 3261 3179 difficiliora
3299 3137 3441 3183 sunt.
3484 3129 3591 3185 Sed

2020 3206 2173 3272 dixit,
2204 3208 2428 3277 inquies,
2462 3211 2718 3266 Pecunias
2742 3211 2929 3281 abjice.
2957 3213 3026 3268 Et
3045 3214 3144 3270 hoc
3165 3232 3449 3275 onerosum
3475 3224 3594 3277 est?

2022 3300 2135 3355 imo
2164 3317 2291 3356 vero
2318 3318 2423 3357 non
2453 3305 2727 3373 praecepit,
2758 3306 2850 3360 sed
2872 3306 2972 3361 hoc
2994 3309 3272 3364 consilium
3300 3310 3461 3366 dedit.
3485 3313 3591 3369 Sed
3636 3304 3639 3307 ’

2021 3394 2145 3449 volo
2170 3393 2272 3448 hoc
2296 3410 2415 3449 esse
2445 3406 2788 3465 prameptum,
2816 3412 2955 3452 anne
2975 3412 3133 3468 grave
3161 3410 3263 3468 est,
3296 3418 3459 3459 onera
3485 3420 3591 3462 non

2022 3484 2181 3551 ferre,
2210 3500 2310 3539 nec
2338 3486 2726 3542 sollicitudines
2761 3488 3194 3559 intempestivas?
3238 3491 3342 3550 Sed
3372 3510 3406 3551 ο
3435 3498 3595 3553 mise-

2021 3590 2134 3629 ram
2172 3576 2510 3643 pecuniarum
2557 3578 2896 3633 aviditatem!
2948 3578 3134 3635 Omnia
3170 3586 3410 3653 pecunia:
3456 3587 3594 3645 facta

2022 3676 2165 3733 sunt,
2193 3667 2313 3722 ideo
2337 3668 2513 3721 omnia
2544 3683 2636 3722 sus
2662 3668 2832 3739 deque
2860 3671 3028 3740 posita
3057 3684 3200 3729 sunt.
3230 3676 3285 3732 Si
3314 3679 3433 3749 quis
3464 3680 3597 3737 bea-

2024 3764 2133 3811 tum
2164 3757 2463 3826 quempiam
2490 3758 2737 3824 :estimet,
2787 3760 3004 3815 istarum
3056 3765 3379 3822 mentionem
3419 3769 3544 3826 facit
3576 3790 3591 3825 :

2022 3848 2066 3900 si
2114 3848 2363 3901 miserum
2411 3856 2594 3916 putet,
2658 3846 2782 3902 hinc
2827 3851 3241 3909 commiseratio.
3290 3855 3596 3929 Omnesque

2022 3951 2298 3992 sermones
2320 3937 2404 3991 his
2431 3939 2482 3992 in
2512 3937 2674 3993 rebus
2693 3948 2971 3993 versantur
3017 3959 3031 3995 :
3078 3941 3355 4009 Quomodo
3388 3946 3474 4002 hic
3514 3948 3597 4004 di-

2024 4027 2219 4081 tescit?
2269 4027 2538 4096 quomodo
2580 4028 2669 4081 ille
2720 4043 2919 4099 pauper
2945 4031 3060 4085 est?
3088 4031 3144 4087 Si
3181 4035 3300 4103 quis
3328 4036 3593 4107 militiam,

2024 4120 2067 4173 si
2094 4120 2439 4186 connubium,
2466 4119 2511 4173 si
2543 4130 2733 4183 artem,
2765 4120 2809 4174 si
2843 4120 3049 4190 quidvis
3077 4123 3218 4179 aliud
3246 4133 3457 4196 tractet,
3489 4145 3595 4185 non

2023 4210 2169 4278 prius
2197 4208 2274 4264 rei
2305 4224 2516 4263 manum
2542 4209 2807 4274 admovet,
2831 4226 2987 4280 quam
3016 4213 3205 4269 viderit
3234 4230 3318 4271 res
3345 4233 3599 4288 prosliere

2024 4310 2079 4356 et
2104 4309 2347 4371 prompte
2370 4301 2471 4355 sibi
2490 4307 2734 4356 cessuros
2758 4315 2896 4356 esse.
2926 4302 3123 4373 Hisque
3148 4308 3449 4377 conspectis
3471 4324 3599 4365 con-

2024 4394 2223 4464 gregati
2254 4408 2358 4447 non
2384 4390 2825 4458 cotisultabimus,
2867 4394 3135 4462 quomodo
3170 4396 3310 4453 hunc
3351 4402 3595 4459 morbum

2026 4484 2326 4554 pellemus?
2364 4499 2468 4537 nou
2510 4497 2608 4536 nos
2657 4482 2869 4549 pudebit
2915 4497 3099 4538 eorum
3149 4500 3267 4555 qua:
3301 4503 3331 4541 a
3358 4492 3597 4557 patribus

2027 4576 2279 4645 praeclare
2306 4576 2446 4631 facta
2476 4574 2635 4628 sunt?
2666 4589 2764 4628 nec
2792 4586 2872 4629 ter
2901 4574 3045 4629 mille
3068 4576 3205 4643 illos,
3237 4586 3292 4633 et
3315 4580 3597 4651 quinquies

2027 4669 2190 4732 mille,
2217 4669 2305 4738 qui
2329 4669 2629 4722 communia
2659 4667 2925 4722 habebant
2952 4668 3151 4734 omnia,
3200 4671 3599 4739 spectabimus?

2024 4758 2154 4825 Quae
2182 4758 2459 4826 praesentis
2485 4759 2608 4812 vitm
2637 4758 2860 4823 utilitas,
2883 4758 2927 4811 si
2952 4759 3063 4827 ipsa
3090 4758 3155 4811 ad
3184 4758 3412 4815 futuram
3436 4779 3599 4832 nego-

2027 4850 2295 4904 tiationem
2327 4864 2430 4903 non
2462 4849 2715 4902 utamur?
2749 4848 3033 4919 Quousque
3062 4848 3299 4904 servituti
3333 4865 3437 4904 non
3468 4854 3585 4908 sub.

2023 4940 2217 5010 jicietis
2249 4955 2603 4994 mammonam
2625 4982 2641 5006 ,
2686 4941 2775 5009 qui
2812 4940 2864 4993 in
2892 4939 3202 4995 servitutem
3230 4955 3325 4995 vos
3351 4943 3601 5013 redegit?

2028 5032 2135 5084 imo
2163 5031 2337 5099 potius
2358 5044 2635 5099 quousque
2654 5031 2791 5083 servi
2815 5028 2963 5083 eritis
2982 5029 3317 5097 pecuniarum
3341 5030 3365 5082 ?
3391 5047 3596 5101 quous-

2028 5138 2131 5191 que
2181 5136 2287 5176 non
2316 5120 2561 5174 amabilis
2589 5118 2909 5185 libertatem,
2954 5133 3051 5173 nec
3091 5120 3327 5174 avaritia:
3354 5123 3598 5191 negotia-

2029 5214 2200 5266 tiones
2226 5212 2578 5280 dirumpetis?
2607 5210 2710 5264 Sed
2755 5210 2798 5263 si
2830 5210 3103 5263 hominum
3133 5210 3273 5264 servi
3300 5210 3437 5278 sitis,
3464 5213 3595 5267 nihil

2027 5320 2133 5357 non
2162 5303 2337 5371 agitis,
2380 5302 2424 5355 si
2460 5303 2577 5369 quis
2601 5301 2753 5354 vobis
2780 5300 3073 5354 libertatem
3099 5301 3370 5368 promittat
3396 5300 3414 5355 ’ς
3442 5316 3600 5357 cum-

2028 5408 2132 5461 que
2174 5390 2290 5445 sitis
2335 5391 2573 5443 avaritia:
2610 5390 2824 5458 captivi,
2857 5403 2955 5443 nec
2985 5389 3229 5458 cogitatis
3252 5404 3352 5459 qua
3384 5391 3592 5445 ratione

2029 5481 2242 5551 possitis
2270 5481 2335 5534 ab
2370 5480 2467 5535 hac
2493 5479 2625 5534 dura
2668 5480 2967 5549 captivitate
3009 5479 3243 5534 liberari.
3291 5481 3449 5551 Atqui
3504 5480 3594 5535 illa

2029 5587 2134 5627 non
2178 5573 2351 5643 gravis
2390 5581 2505 5637 est;
2556 5569 2668 5626 hare
2693 5586 2821 5625 vero
2860 5571 3095 5641 tyrannis
3121 5580 3202 5626 est
3230 5571 3593 5628 acerbissima.

2029 5662 2267 5733 Cogitate
2289 5673 2543 5735 quantum
2567 5678 2666 5729 pro
2690 5664 2842 5719 nobis
2856 5664 3087 5726 pretium
3111 5660 3589 5728 deposueriter

3137 5766 3214 5827 21
