4094 6216
486 292 581 347 τςι
1195 287 1249 341 s.
1290 281 1564 339 JOANNIS
1600 274 2068 336 cnnvsosvonl
2110 274 2418 329 ARCIIlEP.
2461 275 2987 332 CONSTANTINOP.

493 412 625 459 stus.
655 400 972 471 Sanguinem
1002 413 1156 452 suum
1181 395 1384 459 effudit,
1419 393 1649 461 seipsum
1681 388 1916 443 tradidit.
1948 387 2056 438 Vos

492 502 665 546 autent
696 498 813 559 post
845 489 958 542 Ita-c
986 487 1163 541 omnia
1195 484 1463 539 decidistis
1507 501 1519 531 :
1565 480 1809 550 quodque
1851 476 2060 544 gravius

493 591 594 644 est,
621 581 673 634 in
718 579 972 634 servitute
1013 573 1374 636 delectamini,
1419 572 1468 624 in
1515 569 1800 638 ignominia
1841 566 2060 620 delicia-

495 672 644 736 mini,
664 681 718 726 et
742 669 879 738 quod
915 666 1216 736 fugiendum
1241 674 1378 724 erat,
1406 662 1556 714 vobis
1583 656 1813 728 optabile
1841 656 1936 711 fuit
1959 655 2059 725 (η).

546 763 572 816 Ι
579 761 780 816 ἐευηὶω
789 759 1110 830 cupiditatem
1123 766 1165 810 et
1181 755 1383 808 nimiam
1394 751 1769 806 wstintutiencm
1786 747 2060 815 redarguit.

501 853 734 906 Pecuniae
752 849 1006 904 servandae
1027 843 1360 899 incommoda.
1387 841 1707 909 Paupertatis
1735 833 2065 890 bona.-—Sed

495 943 615 1012 quia
643 955 746 994 non
782 935 1165 1008 deplorandum
1197 933 1354 988 modo
1373 943 1450 985 cst
1489 941 1542 986 et
1573 928 1940 989 incusandum,
1971 923 2064 979 sed

495 1036 653 1088 etiam
687 1030 1096 1092 emendandum,
1126 1026 1396 1099 videamus
1437 1023 1698 1077 uudeuam
1740 1019 1825 1072 hic
1853 1017 2067 1071 morbus

497 1124 650 1178 nobis
669 1121 912 1176 amabilis
929 1121 1070 1172 visus
1089 1120 1176 1171 sit.
1201 1114 1498 1176 Undeuam,
1519 1110 1655 1166 umle
1673 1108 1913 1162 amabilis
1936 1106 2067 1159 fuit?

497 1214 626 1280 Quia
649 1212 896 1281 ingloria,
916 1209 1140 1278 inquies,
1159 1217 1212 1262 et
1229 1206 1278 1260 in
1297 1199 1876 1257 securitaleconstituit.
1899 1197 1952 1250 lu
1967 1211 2067 1264 qua

497 1318 697 1374 qtttt‘Su,
721 1300 1040 1356 securitate?
1061 1296 1210 1366 Quod
1232 1294 1556 1350 conﬁdamus
1575 1293 1684 1346 fore
1704 1301 1761 1343 ut
1784 1303 2068 1359 numquam

446 1412 447 1415 ‘
498 1395 814 1457 esuriamus,
857 1404 1144 1459 numquam
1185 1387 1472 1455 algeamus,
1524 1399 1626 1436 non
1663 1382 1935 1444 lzrdamur,
1964 1394 2068 1432 non

499 1494 918 1538 contemnamur.
941 1480 1120 1548 Itaque
1134 1479 1176 1531 si
1192 1476 1326 1530 hanc
1345 1475 1432 1528 tibi
1448 1474 1780 1527 securitatem
1800 1471 2068 1540 pollicear,

506 1573 798 1627 abstinebis
823 1587 852 1625 a
881 1570 1181 1624 divitiarum
1209 1563 1527 1633 cupiditate?
1569 1562 1613 1616 si
1634 1563 1773 1616 enim
1805 1562 1920 1615 idco
1950 1571 2070 1614 sunt

503 1665 698 1722 divitiae
727 1658 1066 1728 expetendte,
1097 1657 1142 1711 si
1185 1656 1384 1724 absque
1419 1654 1524 1707 illis
1557 1653 1894 1706 securitatem
1939 1666 2070 1703 nan-

501 1752 624 1805 cisci
656 1751 938 1820 possimus,
969 1746 1094 1816 quid
1129 1745 1220 1800 tibi
1247 1744 1353 1813 jam
1383 1743 1485 1796 illis
1507 1756 1640 1810 opus
1675 1740 1818 1794 erit?
1843 1739 1908 1794 Et
1936 1755 2071 1808 quo-

503 1841 658 1894 modo
690 1847 878 1908 potest,
912 1837 1134 1906 inquies,
1171 1836 1216 1888 is
1238 1835 1326 1903 qui
1356 1833 1505 1887 dives
1543 1847 1645 1885 non
1668 1841 1766 1895 est,
1801 1830 1914 1884 lucc
1943 1845 2073 1883 con-

503 1920 655 1988 sequi
678 1917 974 1971 ?lmovero
999 1917 1274 1988 quomodo
1309 1919 1430 1986 (ego
1448 1917 1592 1970 enim
1631 1917 1968 1973 contrarium
2001 1917 2087 1973 di-

504 2007 646 2076 cam)
697 2007 744 2061 is
779 2007 872 2076 qui
927 2007 1080 2061 dives
1133 2007 1260 2062 est?
1308 2005 1445 2060 Nam
1495 2017 1554 2060 ut
1603 2009 1789 2062 multis
1836 2010 2088 2065 aduletur

507 2091 725 2159 necesse
749 2111 849 2168 est,
881 2109 940 2158 et
968 2100 1289 2170 principibus
1317 2109 1370 2155 et
1396 2100 1641 2164 subditis,
1691 2109 1749 2154 ut
1787 2100 2079 2154 innumeris

506 2182 637 2262 opus
661 2192 849 2247 haheat
871 2203 924 2246 et
954 2191 1280 2246 illiberaliter
1308 2191 1526 2257 serviat,
1559 2199 1779 2254 tremat;
1802 2201 2079 2260 suspectos

508 2284 719 2347 habeat,
764 2282 1065 2337 invidorum
1113 2283 1319 2347 oculos,
1364 2281 1814 2352 sycophantarum
1841 2297 1933 2336 ora
1964 2297 2077 2336 me-

506 2385 635 2438 tuat,
684 2375 1013 2443 aliorumque
1046 2387 1326 2427 avarorum
1360 2371 1698 2441 cupiditates.
1742 2374 1810 2426 At
1849 2387 2078 2441 pauper-

506 2477 588 2522 tas
616 2480 720 2518 non
746 2465 884 2528 talis,
913 2464 1005 2519 sed
1032 2464 1186 2533 plane
1207 2463 1289 2517 his
1311 2464 1599 2518 contraria.
1627 2463 1800 2518 Locus
1831 2472 1911 2518 est
1941 2472 2083 2517 tutus

505 2569 811 2621 etsecurus,
841 2564 1023 2626 portus
1046 2554 1381 2624 tranquillus,
1405 2554 1644 2623 palaestra
1672 2563 1724 2608 et
1748 2553 2084 2624 gymnasium

512 2649 892 2720 philosophiae,
933 2649 1184 2719 angelica:
1231 2647 1352 2702 vitae
1404 2647 1651 2701 imitatio.
1698 2646 1824 2700 llaec
1869 2645 2084 2713 audite,

508 2748 766 2810 quotquot
812 2753 1070 2808 pauperes
1117 2738 1284 2803 estis;
1337 2740 1444 2791 imo
1485 2745 1909 2806 veroquotquot
1947 2736 2087 2790 dite-

510 2846 662 2885 scere
686 2830 866 2884 vultis.
896 2829 1010 2883 Non
1033 2844 1318 2899 pauperem
1346 2844 1485 2892 esse,
1512 2829 1605 2885 sed
1633 2829 1774 2883 nolle
1802 2844 2088 2897 pauperem

513 2937 651 2986 esse,
680 2922 875 2976 malum
898 2928 1001 2974 est.
1031 2920 1109 2974 Ne
1134 2934 1293 2988 grave
1315 2918 1582 2988 quidpiam
1617 2932 1768 2987 putes
1811 2934 1929 2975 esse
1965 2935 2091 2988 pau-

514 3020 800 3080 pertatetn,‘
846 3025 1019 3079 neque
1047 3010 1225 3080 gravis
1253 3011 1355 3064 erit
1395 3009 1492 3065 illa
1538 3011 1649 3064 tibi.
1693 3011 1810 3066 Non
1855 3012 1994 3064 enim
2037 3013 2089 3064 in

514 3111 697 3155 natura
750 3102 848 3166 rei,
900 3101 990 3155 sed
1035 3102 1086 3154 in
1133 3101 1371 3155 mollium
1403 3101 1637 3154 virorum
1674 3100 1875 3169 judicio
1918 3113 2092 3154 metus

514 3193 614 3246 iste
644 3191 812 3245 locum
847 3191 1021 3244 habet.
1044 3189 1179 3256 Quin
1205 3191 1361 3244 etiam
1390 3205 1477 3245 me
1503 3190 1743 3260 puderet,
1770 3192 1812 3244 si
1843 3190 1944 3245 hoc
1975 3202 2090 3244 ωη-

486 3292 622 3336 -tum
656 3282 720 3335 de
767 3290 1072 3353 paupertate
1102 3281 1278 3335 dicere
1315 3295 1550 3350 possem,
1595 3281 1738 3349 quod
1780 3297 1843 3336 ea
1896 3283 2090 3337 malum

515 3390 618 3428 non
646 3375 752 3436 sit;
799 3388 920 3428 nam
963 3375 1007 3427 si
1050 3373 1460 3442 philosopheris,
1508 3373 1653 3427 mille
1697 3373 1789 3426 tibi
1835 3373 2092 3428 bonorum

517 3465 635 3518 fons
674 3464 794 3518 erit.
830 3464 896 3517 Et
922 3463 967 3516 si
995 3465 1112 3532 quis
1143 3464 1235 3517 tibi
1265 3463 1387 3517 hinc
1417 3463 1698 3532 imperium
1720 3505 1733 3527 ,
1764 3464 1947 3518 civiles
1975 3479 2093 3518 ma-

518 3557 789 3623 gistratus,
831 3554 1060 3618 divitias,
1104 3553 1444 3622 deliciasque,
1479 3554 1602 3608 inde
1650 3570 1773 3609 vero
1811 3564 2092 3624 pauperta-

521 3656 625 3699 tem
654 3655 989 3714 proponeret,
1021 3645 1404 3715 optionemque
1431 3645 1602 3710 daret,
1643 3646 1780 3700 hanc
1811 3647 1985 3702 subito
2012 3663 2096 3701 ra-

521 3750 694 3803 pcres,
717 3735 759 3788 si
787 3734 903 3803 ejus
931 3743 1107 3787 notam
1139 3733 1363 3790 haberes
1390 3734 1781 3789 excellentiam.

545 3897 548 3900 Α
587 3825 640 3879 4.
688 3821 1421 3894 Paupertatislaudes.—Scio
1441 3824 1654 3894 quidem
1687 3825 2095 3890 multosridere,

521 3914 645 3969 dum
677 3913 788 3968 haec
805 3914 1081 3977 dicuntur;
1110 3914 1203 3968 sed
1231 3929 1328 3968 nos
1348 3915 1566 3968 minime
1594 3917 1886 3971 turbamur.
1907 3917 2098 3984 Quaeso

523 4013 742 4071 unitum,
771 4005 1031 4073 patienter
1059 4004 1304 4069 audiatis,
1337 4012 1392 4058 et
1417 4005 1523 4058 cito
1544 4004 1817 4060 nobiscum
1833 4006 2095 4062 calculum

523 4097 724 4168 fet-etis.
768 4093 891 4149 Mihi
941 4103 1222 4164 paupertas
1272 4095 1460 4149 similis
1497 4109 1617 4150 esse
1664 4096 1871 4151 videtur
1911 4099 2100 4167 puella:

522 4196 741 4251 ornatae,
767 4184 998 4255 pulchrae
1022 4193 1074 4238 et
1094 4185 1372 4239 formosae:
1403 4186 1624 4241 avaritia
1641 4202 1768 4242 vero
1785 4199 2100 4246 monstrosaa

525 4276 756 4341 mulieri,
784 4274 996 4345 Scyllaa,
1031 4273 1234 4344 hydrm,
1269 4274 1636 4345 similibusque
1667 4278 1921 4332 monstris
1944 4319 1956 4340 ,
1981 4296 2099 4348 quae

527 4372 724 4422 tinxere
771 4365 1083 4437 mythologi.
1129 4365 1206 4420 Ne
1240 4366 1368 4432 mihi
1411 4368 1735 4437 paupertatis
1764 4379 2101 4424 accusatores

527 4463 577 4513 in
625 4457 854 4514 mediunt
899 4457 1110 4523 afferas,
1155 4457 1246 4512 sed
1275 4472 1370 4511 eos
1399 4458 1487 4528 qui
1532 4474 1627 4528 per
1673 4460 1841 4529 ipsam
1872 4461 2102 4515 illustres

526 4554 755 4609 fuerunt.
799 4552 931 4605 Cum
978 4551 1074 4604 hac
1114 4551 1367 4607 educatus
1402 4553 1568 4620 Elias,
1609 4545 1763 4622 raptu
1809 4555 1901 4609 illo
1947 4556 2101 4609 beato

525 4648 769 4716 dignatus
795 4653 911 4708 est;
942 4658 1061 4697 cum
1105 4643 1202 4696 hac
1229 4645 1403 4698 clarus
1442 4645 1536 4698 fuit
1565 4645 1822 4712 Elisaius;
1855 4663 1976 4702 eum
2002 4647 2104 4701 hac

528 4741 762 4795 Joannes
791 4751 843 4796 et
867 4742 1089 4812 apostoli
1121 4757 1306 4796 omnes
1339 4759 1353 4796 :
1383 4757 1502 4797 cum
1524 4744 1610 4797 illa
1630 4759 1758 4798 vero
1779 4744 1982 4809 Achab,
2013 4744 2101 4798 Je-

526 4831 697 4896 aabel,
726 4831 890 4896 Ciezi,
919 4831 1104 4896 Judas,
1133 4831 1295 4897 Nero,
1319 4832 1548 4902 Caiphas
1573 4834 1807 4889 damnati
1833 4844 1971 4888 sunt.
1997 4835 2101 4890 Sed

526 4924 568 4974 ei
602 4923 794 4991 placet,
825 4937 892 4977 ne
923 4923 1040 4976 illus
1069 4931 1269 4976 tantum
1299 4925 1387 4991 qui
1419 4925 1469 4976 in
1498 4933 1808 4993 paupertate
1829 4924 2057 4980 floruere
2081 4966 2096 4990 ,

527 5014 621 5068 sed
642 5015 782 5067 illam
814 5015 976 5083 ipsam
998 5015 1184 5082 puella:
1208 5014 1654 5083 pulchritudinem
1681 5017 2100 5072 consideremus.

528 5103 819 5173 Siquidem
868 5105 1054 5164 oculus
1087 5105 1203 5174 ejus
1234 5120 1394 5173 purus
1429 5113 1512 5160 est
1556 5116 1610 5160 et
1648 5105 1930 5170 dilucidus,
1972 5107 2104 5160 nihil

529 5194 795 5250 turbidum
827 5194 1048 5260 habens,
1070 5203 1126 5250 ut
1152 5195 1314 5250 habet
1339 5196 1524 5251 oculus
1546 5197 1809 5261 avaritiae,
1843 5196 1931 5266 qui
1965 5214 2105 5252 nunc

532 5287 632 5352 ira,
665 5301 804 5340 nunc
846 5287 1112 5355 voluptate
1154 5287 1343 5355 plenus
1369 5296 1490 5352 est,
1533 5303 1672 5342 nunc
1698 5287 2103 5356 intemperantia

529 5375 794 5431 turbatus.
823 5375 893 5429 At
919 5391 1023 5432 non
1053 5376 1271 5445 perinde
1290 5392 1348 5432 se
1371 5376 1532 5432 habet
1547 5378 1732 5432 oculus
1759 5379 2101 5447 paupertatis,

527 5467 620 5523 sed
649 5478 959 5524 mansuetus
992 5475 1094 5534 est,
1124 5482 1364 5534 serenus,
1393 5469 1627 5522 suaviter
1651 5482 1837 5524 omnes
1868 5469 2101 5534 intuens,

590 5605 662 5667 (α)
696 5604 752 5654 In
791 5605 1116 5667 sequentibus
1152 5602 1301 5652 multa
1334 5604 1563 5653 omittunt
1587 5612 1637 5653 et
1661 5603 1855 5652 turbant
1880 5602 2100 5653 Comme-

530 5664 616 5714 lin.
642 5664 693 5716 et
715 5664 879 5716 Morel;
895 5677 1005 5727 qua:
1030 5677 1093 5714 ex
1118 5672 1222 5714 Mss.
1244 5673 1294 5714 et
1328 5678 1388 5714 ex
1415 5667 1555 5714 s‘avil.
1582 5667 1918 5714 restituuntur.

3633 283 3742 343 ’ἴθὲ
3771 347 3775 354 _

2167 386 2318 445 lenis,
2361 387 2644 455 jucundus,
2694 393 2956 444 nemiuem
3007 392 3127 443 odio
3179 393 3416 460 habens,
3473 360 3774 452 nemineml

2167 490 2435 528 aversatus.
2471 477 2564 529 Ubi
2595 479 2735 531 enim
2769 482 3010 546 pecunia,
3057 483 3125 535 ibi
3169 484 3457 539 inimicitia:
3489 497 3540 540 ct
3569 489 3742 542 bello-

2170 581 2282 617 rutu
2313 569 2548 618 materia.
2578 568 2649 621 0s
2685 569 2755 621 illi
2787 572 3122 625 contunnrliis
3167 585 3247 626 est
3285 576 3534 629 refertum
3561 620 3576 640 ,
3607 577 3746 631 fastu

2169 655 2417 730 quodam,
2448 659 2743 726 arrogantia
2776 660 2959 725 multa,
2984 662 3299 729 maledictis,
3319 664 3472 730 dolo;
3503 667 3660 733 hujus
3685 687 3744 720 os

2169 755 2355 800 contra
2387 757 2439 801 et
2469 748 2641 816 lingua
2670 764 2794 802 sana
2819 759 2933 813 est,
2962 753 3247 820 gratiarum
3281 756 3490 810 actione
3525 760 3744 824 μετωωί

2173 835 2345 902 plena,
2406 836 2794 904 benedictione,
2851 841 3026 895 verbis
3063 842 3370 907 mansuetis,
3433 845 3745 907 benevolis,

2172 928 2425 997 obsequio
2473 929 2662 996 plenis,
2706 939 2758 984 et
2803 931 3042 986 laudibus
3090 936 3471 1004 encomiisque.
3518 935 3574 990 Si
3621 953 3752 991 vero

2172 1029 2347 1088 aptam
2389 1021 2747 1076 membrorum
2798 1025 3234 1092 compositionem
3275 1027 3538 1095 dispicere
3580 1029 3748 1092 velis,

2175 1125 2390 1178 procera
2434 1123 2513 1164 est
2557 1113 2640 1165 illa
2674 1113 2931 1182 longeque
2957 1117 3237 1170 sublimior
3261 1119 3549 1186 opulentia.
3595 1120 3752 1187 Quod

2173 1203 2218 1256 si
2251 1203 2398 1255 multi
2422 1202 2562 1255 illam
2590 1202 2809 1271 fugiant,
2846 1219 2911 1256 ne
2933 1206 3142 1260 mireris
3177 1225 3189 1260 :
3217 1224 3334 1260 nam
3379 1209 3508 1261 alias
3537 1225 3755 1279 quoque

2176 1292 2402 1346 virtutes
2421 1293 2564 1345 stulti
2593 1293 2814 1362 fugiunt.
2848 1295 2952 1348 Sed
2979 1311 3008 1349 a
3039 1297 3203 1351 divite
3229 1337 3242 1359 ,
3294 1299 3518 1366 inquies,
3548 1315 3757 1368 pauper

2177 1384 2494 1436 contumelia
2525 1383 2774 1438 afﬁcitur.
2823 1385 3025 1440 Rursus
3073 1388 3200 1441 mihi
3235 1391 3556 1456 paupertatis
3583 1406 3756 1445 enco-

2177 1477 2338 1527 minm
2363 1490 2564 1528 narras.
2595 1475 2723 1542 Quis
2742 1477 2905 1540 enim,
2941 1493 3138 1546 quasso,
3177 1479 3397 1543 beatus,
3438 1482 3526 1549 qui
3566 1491 3759 1535 contu-

2177 1567 2335 1619 melia
2366 1565 2547 1627 afﬁcit,
2575 1581 2638 1619 an
2663 1567 2750 1635 qui
2774 1568 3041 1622 afﬁcitur?
3065 1567 3223 1624 Certe
3250 1569 3290 1623 is
3313 1570 3399 1640 qui
3417 1571 3763 1624 contumeliis

2177 1659 2423 1723 afﬁcitur,
2455 1669 2508 1713 et
2556 1659 2654 1713 fert
2698 1658 2923 1714 fortiter.
2971 1661 3202 1714 Avaritia
3246 1662 3402 1730 igitur
3431 1662 3761 1716 c0ntumclia

2179 1748 2583 1816 afﬁcerejubct;
2619 1759 2898 1818 paupertas
2930 1765 3056 1804 vero
3083 1751 3146 1804 ad
3176 1750 3450 1806 ferendam
3478 1761 3765 1806 contume-

2180 1837 2300 1891 liam
2323 1839 2580 1891 hortatur.
2619 1839 2701 1899 At,
2729 1839 2954 1907 inquies,
2975 1854 3174 1907 pauper
3194 1842 3382 1894 esurit.
3407 1841 3605 1896 Paulus
3624 1858 3764 1911 quo-

2181 1943 2283 1996 que
2308 1928 2595 1982 esuriebat.
2628 1927 2733 1982 Sed
2764 1944 2868 1982 non
2911 1929 3068 1983 habet
3096 1930 3181 1981 ubi
3207 1931 3465 1999 quiescat.
3498 1932 3558 1984 Et
3591 1930 3766 1985 Filius

2183 2017 2410 2072 hominis
2435 2034 2539 2072 non
2591 2019 2819 2075 habebat
2865 2020 2952 2074 ubi
2999 2031 3158 2090 caput
3213 2023 3516 2077 reclinaret.
3576 2023 3768 2079 Viden’

2183 2124 2459 2178 quousque
2516 2111 2826 2179 perveniant
2868 2114 3192 2182 paupertatis
3233 2115 3511 2182 eucomia,
3562 2115 3652 2169 ubi
3711 2126 3769 2171 te

2184 2200 2526 2263 Constituant,
2558 2200 2623 2254 ad
2651 2202 2882 2271 qualium
2912 2211 2961 2257 te
2988 2203 3222 2257 virorum
3249 2197 3648 2259 similitudinem
3669 2207 3771 2261 de-

2185 2287 2398 2354 ducant,
2435 2299 2486 2343 et
2508 2289 2772 2358 quomodo
2799 2301 2850 2345 te
2877 2291 3082 2344 Domini
3115 2292 3430 2347 imitatorem
3461 2295 3686 2348 faciant?
3707 2295 3772 2349 Si

2186 2394 2372 2432 aurum
2406 2373 2678 2449 possidere
2701 2380 2897 2435 bonum
2929 2392 3090 2446 esset,
3124 2381 3174 2434 id
3217 2383 3490 2452 discipulis
3527 2384 3774 2439 dedisset.

2187 2473 2446 2536 Christus,
2473 2474 2560 2543 qui
2607 2474 2884 2528 ineffabilia
2921 2476 3006 2528 illa
3033 2477 3166 2529 bona
3202 2474 3348 2530 dedit
3388 2477 3536 2544 ipsis.
3565 2477 3632 2530 At
3659 2492 3773 2531 non

2190 2563 2348 2616 modo
2377 2579 2478 2616 non
2512 2564 2674 2627 dedit,
2707 2564 2989 2619 sed'etiam
3011 2565 3203 2620 habere
3224 2566 3506 2634 prohibuit.
3537 2567 3778 2637 ideoque

2192 2653 2382 2706 Petrus
2411 2669 2514 2707 non
2561 2653 2720 2708 modo
2751 2671 2854 2708 non
2901 2655 3169 2710 erubescit
3209 2657 3276 2709 de
3315 2665 3644 2726 paupertate.
3672 2657 3773 2712 sed

2121 2775 2142 2795 .
2191 2744 2352 2797 etiam
2380 2744 2446 2798 de
2476 2744 2560 2797 illa
2583 2744 2839 2813 gloriatur
2868 2745 2950 2798 his
2977 2745 3150 2800 verbis
3183 2762 3197 2798 :
3224 2747 3497 2816 Argentum
3516 2758 3561 2800 et
3587 2763 3776 2800 aurum

2195 2851 2293 2888 non
2320 2846 2390 2888 est
2417 2836 2576 2898 mihi;
2617 2836 2751 2902 quod
2779 2847 2942 2889 autent
2972 2837 3148 2902 habeo,
3192 2839 3286 2890 hoc
3331 2839 3417 2892 tibi
3442 2838 3506 2891 do
3535 2837 3556 2910 (
3573 2840 3683 2892 Act.
3713 2839 3774 2893 5.

2196 2927 2270 2994 6).
2310 2926 2439 2992 Quis
2485 2935 2719 2981 vestrum
2773 2928 2934 2981 nollet
2957 2928 3005 2981 in
3053 2929 3188 2982 hanc
3234 2943 3515 2997 erumpere
3547 2929 3776 2984 vocem?

2196 3015 2393 3071 Omnes
2420 3017 2617 3087 utique,
2642 3016 2782 3071 dicet
2811 3017 2945 3072 forte
2965 3019 3244 3087 quispiam.
3275 3018 3416 3088 Ergo
3454 3019 3650 3088 projice
3687 3035 3776 3072 ar-

2195 3116 2432 3176 gentum,
2483 3109 2681 3177 projice
2730 3123 2938 3163 aurum.
2990 3110 3050 3163 Et
3099 3111 3144 3164 si
3195 3111 3489 3180 proiecero,
3544 3111 3775 3180 inquies,

2199 3213 2564 3266 consequarne
2591 3200 2730 3254 Petri
2763 3201 3094 3269 potentiam?
3119 3201 3220 3256 Sed
3253 3199 3376 3270 quid
3395 3243 3410 3266 ,
3443 3216 3646 3272 qua‘so.
3673 3201 3779 3256 Pe-

2201 3301 2340 3344 trum
2361 3291 2570 3345 beatum
2594 3290 2807 3345 effecit?
2835 3307 2901 3344 an
2927 3291 3064 3360 quod
3101 3291 3348 3344 claudum
3377 3292 3649 3346 erexerit?
3682 3292 3780 3344 Μὶ-

2203 3381 2342 3434 nime
2379 3400 2391 3435 :
2417 3381 2511 3436 sed
2553 3381 2693 3450 quod
2719 3397 2902 3436 aurum
2931 3398 3033 3435 non
3059 3382 3323 3448 habuerit,
3352 3382 3452 3437 hoc
3475 3383 3547 3436 illi
3589 3384 3776 3437 cadunt

2201 3474 2518 3528 conciliavit.
2555 3474 2632 3527 Ex
2679 3475 2744 3528 iis
2784 3476 2957 3538 enim,
3007 3473 3096 3542 qui
3141 3474 3287 3543 signa
3339 3473 3598 3540 fecerunt,
3630 3474 3777 3527 nmlti

2202 3563 2502 3618 inciderunt
2531 3566 2579 3618 in
2607 3564 2906 3634 gehennam
2939 3582 2950 3616 :
2982 3565 3069 3633 qui
3096 3579 3222 3619 vero
3251 3564 3363 3618 tunc
3393 3564 3655 3628 fecerunt,
3693 3581 3779 3618 re-

2202 3670 2363 3724 gnum
2387 3664 2510 3708 sunt
2553 3656 2887 3724 consequuti.
2934 3655 3002 3708 Et
3029 3656 3125 3708 hoc
3163 3654 3230 3708 ab
3267 3656 3380 3724 ipso
3412 3654 3569 3710 Petro
3596 3656 3779 3710 disce:

2203 3748 2308 3801 duo
2335 3748 2476 3801 enim
2508 3748 2639 3801 dixit
2669 3765 2680 3799 :
2709 3747 2976 3818 Argentum
3002 3757 3047 3800 et
3076 3764 3256 3800 aurum
3283 3765 3380 3800 non
3418 3758 3488 3801 est
3518 3745 3643 3801 mihi
3659 3764 3677 3810 ;
3707 3757 3782 3812 cl,

2205 3840 2267 3893 In
2291 3841 2491 3894 nomine
2511 3841 2541 3893 J
2551 3857 2635 3894 esu
2657 3839 2845 3894 Christi
2871 3855 3022 3910 surge
3045 3847 3089 3893 et
3110 3839 3333 3893 ambulo.
3370 3840 3556 3894 Utrum
3590 3841 3784 3894 horum

2208 3931 2330 3985 fecit
2357 3932 2502 3985 illum
2554 3931 2763 3984 beatum
2820 3939 2875 3985 et
2927 3931 3294 3999 cort5picuum,
3344 3931 3482 3998 quod
3531 3931 3786 3984 claudunt

2204 4023 2451 4087 erexerit,
2478 4020 2706 4089 anquod
2750 4020 3000 4090 pecunias
3046 4019 3367 4090 proiecerit?
3408 4019 3532 4073 llmc
3574 4019 3641 4073 ab
3671 4021 3790 4088 ipso

2204 4112 2522 4182 agonotheta
2564 4112 2729 4165 disce.
2761 4110 2896 4178 Quid
2925 4126 3052 4180 ergo
3075 4113 3150 4162 ait
3193 4110 3282 4164 ille
3329 4109 3476 4162 diviti
3523 4111 3785 4180 qua‘renti

2207 4205 2363 4257 vitam
2411 4203 2710 4257 :rternam?
2763 4201 2877 4256 Non
2923 4201 3092 4263 dixit,
3150 4200 3380 4253 Claudos
3427 4200 3610 4269 erige;
3665 4202 3783 4265 sed,

2217 4297 2380 4350 l'cndc
2407 4311 2520 4367 qua:
2534 4295 2698 4356 habes,
2726 4304 2771 4348 et
2795 4293 2861 4346 da
2885 4292 3201 4362 pauperibus,
3233 4300 3277 4344 et
3307 4292 3430 4349 veni.
3449 4308 3650 4358 sequere
3675 4308 3787 4345 mc:

2207 4400 2251 4442 et
2279 4388 2477 4441 habebis
2499 4387 2786 4440 thesaurum
2805 4387 2859 4438 in
2885 4385 3060 4452 cwlis(
3089 4381 3210 4436 Luc.
3241 4382 3328 4436 18.
3351 4381 3442 4435 22.
3490 4380 3655 4434 Marc.
3693 4381 3783 4436 ιο.

2205 4483 2316 4553 21).
2350 4481 2415 4535 Et
2444 4482 2632 4535 Petrus
2654 4493 2864 4533 rursum
2895 4493 2997 4532 non
3019 4476 3172 4540 dixit,
3206 4474 3344 4529 Ecce
3366 4475 3416 4527 in
3446 4475 3662 4528 nomine
3695 4485 3788 4526 tuo

2207 4572 2466 4627 daemonia
2493 4571 2754 4636 ejicimns,
2784 4568 2988 4621 etiamsi
3009 4567 3259 4633 ejiceret;
3293 4564 3410 4629 sed,
3433 4564 3561 4618 Ecce
3586 4565 3787 4633 reliqui-

2207 4679 2319 4716 mus
2349 4661 2537 4724 omnia,
2567 4669 2610 4712 ct
2651 4660 2846 4723 sequuti
2880 4673 3050 4710 smnus
3078 4667 3159 4719 te;
3200 4657 3321 4723 quid
3358 4672 3476 4724 ergo
3524 4657 3619 4709 erit
3643 4657 3787 4710 nobis

2207 4751 2417 4822 (Matth.
2449 4751 2536 4804 19.
2562 4747 2692 4819 27)?
2712 4747 2955 4801 Christus
2984 4761 3110 4800 vero
3135 4746 3256 4799 huic
3289 4745 3651 4815 respondens,
3681 4761 3787 4801 non

2207 4845 2360 4909 dixit,
2390 4843 2443 4896 Si
2476 4843 2592 4910 quis
2619 4840 2862 4894 claudum
2901 4838 3164 4899 erexerit;
3212 4837 3684 4906 sed,lQuicumque
3707 4855 3788 4893 re-

2209 4934 2409 5002 liquerit
2439 4933 2613 4984 damas
2637 4941 2685 4982 ct
2713 4946 2860 4998 agros
2891 4937 3093 4998 promer
3115 4943 3194 4979 me
3210 4936 3254 4979 ct
3278 4926 3640 4998 Evangelium,
3665 4943 3784 4979 ccu-

2211 5025 2404 5094 tuplunt
2429 5023 2634 5091 accipiet
2661 5022 2710 5073 in
2739 5021 2831 5072 hoc
2861 5018 3068 5081 swculo,
3094 5027 3139 5071 et
3174 5019 3322 5068 vitam
3349 5027 3592 5070 (sternam
3619 5018 3788 5086 possi-

2209 5115 2516 5182 dcbitUbid.
2542 5129 2589 5166 υ.
2617 5112 2728 5182 29).
2760 5112 2821 5164 Et
2845 5126 2940 5163 nos
2973 5125 3184 5179 quoque
3215 5110 3356 5162 hunc
3395 5109 3690 5172 imitemur,
3729 5118 3789 5162 ut

2211 5222 2313 5260 non
2345 5203 2761 5266 confundantur;
2795 5201 2885 5255 sed
2928 5215 3046 5253 cum
3088 5199 3275 5252 ﬁducia
3316 5198 3588 5252 adstemus
3617 5199 3787 5254 tribu-

2212 5297 2314 5352 nali
2340 5296 2558 5357 Christi,
2584 5295 2838 5361 illumque
2866 5290 3194 5344 atlrahamus
3227 5295 3282 5339 ut
3305 5288 3374 5341 sit
3402 5288 3700 5351 nobiscutu,
3732 5299 3789 5344 ut

2205 5396 2401 5443 etcum
2423 5383 2706 5452 discipulis
2732 5381 2832 5435 fuit
2856 5379 2990 5448 ;erit
3015 5377 3159 5432 enim
3189 5376 3474 5431 nobiscum
3499 5376 3645 5430 sicut
3662 5389 3788 5429 cum

2207 5479 2318 5533 illis
2349 5475 2529 5541 fuit,si
2550 5475 2672 5528 illus
2694 5472 2894 5526 imitari
2911 5469 3166 5530 velimus,
3189 5467 3520 5535 illorumque
3537 5466 3703 5518 vitam
3727 5471 3784 5517 et

2207 5567 2518 5622 institutum
2565 5561 2832 5617 mmulari.
2873 5559 3079 5614 llorutu
3122 5572 3286 5612 causa
3326 5556 3466 5612 Deus
3499 5561 3785 5609 coronatet

2211 5658 2488 5730 prmdicat,
2525 5671 2631 5709 non
2673 5655 2895 5724 exigens
2932 5661 2988 5704 ut
3027 5658 3300 5704 mortuum
3317 5648 3547 5704 suscites
3563 5655 3618 5701 ct
3635 5645 3790 5700 clau-
