4046 6456
559 386 3820 486 W

1454 741 1864 833 SANCTI
1949 738 2370 828 PATRIS
2441 730 2878 827 NOSTRI
2942 692 2953 695 ’

670 1050 1727 1239 JOANNIS
1882 1034 3683 1227 CH‘BYSOSTOMI

1554 1450 2025 1499 ARCHIEPISCOPI
2068 1444 2800 1496 CONSTANTINOPOLITANI

1089 1685 1729 1755 COMMENTARIUS
1787 1684 1871 1746 ΙΝ
1933 1684 1993 1745 S.
2060 1680 2551 1745 MAT'I‘HJEUM
2614 1676 3262 1743 EVANGELISTAM.

1650 2135 1990 2199 HOMILM
2041 2135 2230 2196 XLV.
2275 2136 2359 2195 al.
2410 2130 2623 2190 XLVI.

543 2382 671 2435 Car.
712 2380 792 2433 I5.
826 2394 856 2431 ν
927 2374 1008 2431 10.
1052 2373 1118 2427 Et
1161 2371 1447 2425 accedentes
1488 2365 1725 2435 discipuli
1763 2363 1998 2418 dixerunt
2037 2372 2119 2411 et:

621 2473 791 2537 Quare
812 2471 860 2521 in
886 2466 1141 2538 parabolis
1167 2463 1387 2534 loqueris
1411 2460 1521 2514 eis?
1579 2459 1665 2512 11.
1707 2454 1735 2512 1
1742 2472 1828 2526 pse
1850 2463 2015 2508 autem
2035 2468 2121 2506 re-

609 2561 860 2630 spondeus
877 2559 1003 2611 dixit
1025 2559 1096 2610 eis
1116 2571 1134 2608 :
1157 2555 1289 2619 Quia
1315 2550 1450 2606 vobis
1475 2549 1651 2603 datum
1669 2556 1742 2601 est
1770 2560 1915 2599 nosse
1934 2551 2120 2615 myste-

611 2656 689 2707 ria
739 2653 877 2721 regni
916 2650 1177 2715 calorum,
1207 2645 1311 2699 illis
1340 2653 1506 2697 autem
1531 2657 1632 2695 non
1654 2639 1827 2692 datum
1847 2646 1943 2692 est.

616 2745 665 2797 1.
713 2742 1089 2810 Discipulomm
1146 2735 1413 2806 prudentia
1446 2742 1489 2787 et
1526 2732 1731 2785 caritas.
1760 2728 1993 2782 Liberum
2031 2742 2119 2779 ar-

542 2836 744 2889 bitrium
773 2850 861 2904 per
880 2832 1097 2903 gratiam
1122 2845 1222 2883 non
1244 2828 1457 2881 tollitur.
1503 2853 1575 2865 --
1614 2822 1741 2877 Jnrc
1792 2820 2121 2875 admiremur

540 2926 849 2995 discipulos,
872 2924 1010 2993 quod
1034 2920 1271 2976 discendi
1302 2917 1497 2987 cupidi,
1531 2916 1700 2971 sciant
1720 2914 1931 2984 quando
1955 2914 2119 2966 inter-

542 3018 833 3090 rogandum
869 3016 958 3071 sit'.
999 3014 1113 3068 Non
1142 3012 1283 3066 enim
1306 3008 1555 3065 omnibus
1583 3003 1937 3077 prtesentibus
1961 3002 2013 3057 id
2043 3002 2119 3055 ta-

541 3112 717 3166 ciunt:
761 3106 904 3177 quod
933 3103 1212 3160 Mattiueus
1237 3103 1307 3156 ita
1335 3099 1681 3171 signiﬁcavit:
1720 3098 1780 3151 Et
1804 3096 2113 3150 accedentes.

544 3201 654 3255 lloc
704 3212 864 3268 porro
893 3210 995 3250 non
1032 3208 1096 3248 ex
1137 3192 1439 3261 conjectura
1457 3190 1609 3245 dico:
1661 3187 1865 3242 Marcus
1895 3186 2034 3241 enim
2066 3184 2117 3239 id

542 3292 735 3346 clarius
766 3287 1033 3351 iudicavit,
1058 3300 1181 3340 cum
1210 3284 1286 3338 ait
1330 3283 1473 3353 ipsos
1498 3280 1720 3335 seorsim
1749 3278 1814 3332 ad
1836 3278 1981 3331 illum
2021 3291 2110 3329 ac-

541 3382 766 3435 cessisse
793 3378 985 3447 (Marc.
1014 3376 1066 3431 4.
1096 3374 1211 3439 1ο).
1260 3373 1348 3428 Sic
1374 3381 1427 3427 et
1453 3387 1506 3426 m
1525 3380 1675 3424 rtrem
1704 3379 1757 3423 et
1783 3366 1973 3422 fratres
1999 3365 2117 3435 ejus

543 3472 719 3525 facere
744 3467 1001 3531 decebat,
1035 3480 1139 3520 non
1171 3477 1360 3518 vocare
1400 3460 1562 3525 foras,
1591 3466 1647 3513 et
1674 3472 1793 3521 sese
1807 3465 2113 3511 ostentare.

543 3561 819 3631 Perpende
838 3568 1013 3615 autem
1044 3535 1318 3613 caritatem
1350 3555 1610 3622 ipsorum,
1638 3560 1885 3622 quantam
1914 3550 2118 3606 scilicet

540 3658 763 3710 aliorum
791 3668 970 3708 curam
1000 3658 1205 3721 gerant,
1233 3664 1296 3703 ac
1318 3647 1465 3717 prius
1482 3661 1600 3716 qua:
1616 3644 1682 3699 ad
1710 3644 1828 3698 illos
1849 3644 2115 3712 pertinent

540 3751 802 3814 qlltttralll,
834 3741 1027 3797 deinde
1053 3755 1168 3793 sua.
1203 3738 1325 3805 Cur,
1354 3736 1597 3807 inquiunt
1617 3777 1632 3801 ,
1676 3735 1727 3787 in
1750 3731 2003 3803 parabolis
2032 3731 2111 3785 lo—

538 3838 703 3907 queris
732 3836 799 3889 ad
821 3834 943 3888 eos?
964 3833 1078 3888 Non
1104 3832 1371 3897 dixerunt,
1412 3829 1521 3883 Cur
1554 3828 1603 3881 in
1638 3825 1901 3896 parabolis
1931 3825 2112 3893 loque«

538 3929 611 3982 ris
637 3928 831 3981 nobis?
871 3927 998 3980 Nam
1028 3934 1081 3981 et
1108 3924 1231 3979 alibi
1255 3938 1396 3992 smpe
1416 3921 1663 3976 videntur
1695 3919 1834 3974 bono
1866 3933 1986 3973 esse
2012 3933 2101 3972 er-

536 4036 598 4089 ga
622 4034 804 4073 omnes
831 4017 1017 4072 affectu
1044 4032 1059 4081 ;
1088 4025 1147 4071 ut
1174 4029 1293 4071 cum
1316 4014 1519 4077 dicunt,
1553 4012 1757 4065 Dimitte
1788 4009 1957 4064 turbas
1984 4024 2003 4072 ;
2032 4018 2108 4072 et,

535 4112 646 4166 Scis
666 4108 798 4180 quod
820 4106 1166 4160 scandalizati
1186 4106 1285 4157 sint
1313 4103 1457 4172 (Luc.
1478 4104 1529 4154 9.
1560 4101 1641 4153 1:3.
1664 4100 1847 4151 Matth.
1880 4097 2096 4165 15.12).

538 4200 676 4266 Quid
734 4213 860 4268 ergo
909 4196 1191 4251 Christus?
1244 4193 1381 4259 Quia
1429 4192 1564 4246 vobis
1601 4192 1784 4244 datum
1836 4200 1908 4243 est
1952 4205 2102 4258 nosse

544 4291 849 4361 mysterium
881 4289 1023 4358 regni
1058 4287 1300 4342 caelorum
1325 4302 1342 4340 :
1366 4286 1470 4339 illis
1494 4295 1668 4336 autem
1691 4284 1872 4335 datum
1898 4296 2000 4334 non
2026 4291 2115 4334 est.

538 4379 669 4434 Illud
702 4390 876 4433 autem
899 4376 1051 4441 dixit,
1080 4390 1185 4428 non
1213 4372 1584 4427 necessitatem
1606 4370 1860 4424 inducens
1884 4409 1899 4430 ,
1941 4382 2111 4436 neque

535 4481 734 4526 sortem
764 4467 1045 4537 quamdam
1075 4475 1278 4519 temere
1304 4472 1357 4518 et
1377 4462 1690 4531 simpliciter
1713 4461 1926 4515 missam
1952 4474 1965 4523 ;
2015 4456 2107 4512 sed

534 4559 821 4615 ostendens
844 4558 987 4627 ipsos
1016 4557 1114 4611 sibi
1142 4569 1355 4609 causam
1378 4567 1498 4607 esse
1520 4548 1830 4619 malorum‘,
1853 4558 1911 4603 ut
1933 4548 2123 4625 declaf

537 4662 637 4711 ret,
671 4650 867 4702 donum
894 4648 1022 4701 illud
1050 4661 1206 4709 esse,
1249 4654 1303 4699 et
1347 4645 1571 4715 gratiam
1629 4656 1857 4709 superne
1908 4641 2105 4693 datam.

535 4740 717 4808 Neque
736 4747 910 4791 tamen
933 4736 1051 4805 quia
1082 4734 1279 4788 donum
1296 4743 1398 4797 est,
1431 4731 1549 4785 ideo
1574 4731 1802 4785 liberum
1826 4729 2105 4783 arbitrium

533 4839 617 4884 est
644 4828 906 4882 sublatum
928 4845 940 4879 :
972 4825 1022 4880 id
1040 4824 1180 4893 quod
1201 4828 1263 4879 ex
1282 4822 1624 4891 sequentibus
1648 4820 1983 4875 manifestum
2006 4829 2105 4874 est.

542 4921 672 4975 \‘itle
703 4920 858 4989 igitur
886 4915 1192 4988 quomodo,
1225 4925 1281 4968 ut
1325 4929 1495 4983 neque
1540 4913 1612 4966 illi
1658 4913 1961 4980 desltcrent,
2016 4926 2109 4966 ne-

533 5028 637 5082 que
668 5012 719 5065 hi
750 5011 1073 5079 negligenter
1099 5016 1277 5077 agant,
1298 5006 1575 5061 audientes
1608 5004 1731 5059 illud
1758 5003 1939 5058 datum
1962 5018 2102 5069 esse,

531 5116 695 5171 penes
722 5116 817 5153 nos
848 5114 966 5154 esse
992 5099 1199 5152 initium
1229 5098 1389 5152 dicat.
1421 5096 1505 5151 12.
1542 5097 1853 5165 Quicumque
1868 5097 1997 5149 enim
2015 5096 2106 5148 ha-

532 5194 628 5255 bet,
659 5192 860 5243 dabitur
884 5190 929 5242 ei
954 5229 968 5251 ,
1019 5197 1066 5240 et
1111 5185 1422 5241 abundabit:
1464 5187 1760 5255 quicumque
1803 5196 1967 5238 autem
2007 5202 2106 5239 non

534 5286 699 5348 habet,
725 5291 767 5335 et
811 5280 945 5347 quod
987 5279 1184 5333 videtur
1218 5278 1397 5332 habere
1430 5283 1683 5348 auferetur
1712 5278 1773 5331 ab
1813 5294 1890 5331 eo.
1945 5277 2104 5331 Multa

532 5373 857 5427 obscuritate
913 5372 1124 5441 plenum
1157 5379 1238 5425 est
1269 5370 1317 5424 id
1341 5370 1479 5439 quod
1510 5370 1703 5423 dicitur
1724 5412 1738 5432 ,
1765 5368 2109 5422 ineffabilem.

534 5464 910 5533 qnejustitiam
945 5462 1196 5518 ostendit.
1229 5461 1343 5517 Hoc
1370 5470 1545 5515 autem
1576 5461 1837 5532 signiﬁcat
1864 5478 1880 5513 :
1934 5460 1990 5514 Ei
2016 5460 2102 5529 qui

595 5644 606 5669 ι
648 5637 740 5709 alii.
753 5638 953 5693 habent,
979 5636 1063 5687 sed
1088 5639 1334 5709 ostendens
1355 5636 1482 5697 ipsos
1506 5638 1595 5689 sibi
1617 5637 1732 5703 ipsis
1756 5649 1846 5689 non
1866 5636 2107 5689 attenden-

527 5708 597 5749 lus
616 5702 823 5750 manium
848 5712 949 5749 esse
972 5713 1165 5750 ααιεαω
1187 5702 1439 5751 malorum.

2237 2354 2501 2412 desiderio
2522 2368 2569 2412 et
2596 2357 2769 2411 studio
2792 2355 2977 2424 plenus
3004 2365 3104 2420 est.
3129 2357 3393 2413 dabuntur
3416 2375 3444 2414 a
3476 2361 3583 2416 Deo
3600 2364 3807 2418 omnia:

2232 2448 2280 2503 ei
2325 2463 2454 2503 vero
2481 2449 2568 2518 qui
2598 2447 2681 2502 his
2710 2462 2906 2503 vacuus
2935 2458 3054 2512 est,
3108 2465 3207 2504 nec
3257 2465 3318 2505 ea
3366 2467 3484 2521 qua:
3525 2469 3690 2524 penes
3744 2470 3807 2510 se

2230 2548 2355 2592 sunt
2381 2537 2541 2602 facit,
2591 2554 2763 2608 neque
2788 2552 2850 2593 ea
2882 2553 2999 2607 qua:
3029 2553 3057 2590 a
3095 2539 3202 2592 Deo
3228 2547 3348 2594 sunt
3397 2541 3663 2598 dabuntur
3706 2545 3803 2598 illi.

2230 2630 2379 2693 Nam,
2430 2629 2495 2684 Et
2533 2631 2667 2699 quod
2694 2629 2885 2684 videtur
2912 2630 3113 2697 habere,
3135 2631 3325 2701 inquit,
3350 2638 3609 2703 auferetur
3629 2637 3690 2689 ab
3710 2652 3766 2689 eo
3785 2653 3806 2691 :

2230 2737 2335 2776 non
2366 2722 2473 2776 Deo
2500 2721 2797 2788 auferente,
2820 2723 2911 2777 sed
2934 2737 3028 2776 sua
3058 2737 3161 2777 non
3181 2726 3476 2793 praebente.
3499 2725 3611 2781 lloc
3628 2738 3683 2782 et
3705 2743 3805 2783 nos

2229 2813 2481 2868 facimus:
2517 2830 2637 2870 cum
2663 2815 2900 2869 videmus
2922 2815 3203 2883 quemdam
3225 2817 3457 2887 segniter
3480 2819 3807 2886 audientem,

2190 2915 2283 2961 .et
2301 2907 2513 2960 monitis
2538 2908 2719 2962 multis
2745 2923 2849 2961 non
2871 2908 3250 2972 attendentem,
3281 2910 3499 2965 silemus
3528 2911 3805 2983 deinceps.

2226 2998 2357 3054 Nam
2384 2999 2426 3053 si
2456 3014 2676 3055 monere
2727 3015 3044 3071 pergamus,
3085 3015 3307 3072 augetur
3329 3005 3600 3073 segnities.
3649 3006 3809 3075 Cupi-

2227 3090 2350 3145 dum
2374 3100 2549 3146 autem
2577 3092 2815 3147 discendi
2838 3094 3174 3158 attrahitnus,
3204 3095 3476 3166 multaque
3505 3098 3665 3152 verba
3690 3098 3808 3154 fnu-

2231 3184 2425 3241 dimus.
2456 3186 2684 3240 Pulchre
2706 3202 2832 3242 vero
2854 3186 3005 3251 dixit,
3032 3186 3098 3243 Et
3123 3190 3258 3259 quod
3276 3190 3469 3243 videtur
3487 3191 3684 3245 habere.
3703 3192 3777 3246 Ne
3794 3223 3809 3236 -

2227 3293 2331 3347 que
2354 3281 2490 3331 enim
2517 3278 2617 3334 hoc
2640 3280 2808 3347 ipsum
2833 3279 3011 3335 habet.
3046 3282 3249 3337 Deinde
3278 3282 3391 3338 htcc
3411 3284 3636 3337 clariora
3684 3285 3806 3339 elli-

2227 3369 2292 3421 cit
2324 3410 2336 3431 ,
2371 3370 2658 3423 ostendens
2695 3369 2816 3438 quid
2836 3370 3071 3437 sitillud,
3094 3371 3315 3426 Habenti
3334 3373 3554 3439 dabitur,
3589 3373 3670 3427 Itis
3690 3391 3807 3428 rer-

2228 3460 2341 3513 his:
2386 3460 2458 3512 Ab
2485 3478 2542 3513 eo
2569 3469 2735 3514 autem
2756 3462 2842 3529 qni
2864 3479 2962 3515 non
2980 3463 3144 3519 habet.
3172 3473 3216 3517 et
3244 3465 3380 3532 quod
3410 3466 3604 3519 ridetur
3625 3466 3808 3520 habere

2225 3557 2481 3634 auferetur
2500 3553 2562 3605 ab
2590 3570 2667 3605 eo.
2702 3554 2786 3608 15.
2814 3552 2938 3607 Ideo
2958 3595 2971 3618 ,
3002 3555 3169 3624 inquit
3194 3597 3208 3619 ,
3237 3557 3289 3609 in
3325 3555 3583 3625 parabolis
3630 3557 3809 3627 loquor

2224 3643 2348 3710 ipsis
2370 3682 2383 3707 ,
2432 3642 2549 3711 quia
2570 3643 2787 3696 videntes
2811 3660 2910 3697 non
2932 3644 3116 3698 vident.
3151 3645 3309 3715 Atqui
3363 3645 3634 3715 aperiendi
3663 3687 3675 3708 ,
3727 3647 3807 3699 itt-

2222 3738 2390 3805 quies,
2426 3738 2659 3805 ipsorum
2688 3736 2825 3789 oculi
2852 3745 3023 3800 erant,
3057 3738 3100 3791 si
3125 3753 3227 3791 non
3247 3738 3479 3792 videant.
3515 3738 3707 3793 Verum
3758 3741 3803 3794 si

2223 3823 2490 3881 cxnat'ura
2512 3826 2871 3889 cmcitaserat,
2917 3828 3126 3895 aperire
3171 3829 3485 3897 oportebat;
3514 3828 3633 3897 quia
3679 3844 3805 3882 vero

2221 3918 2513 3971 voluntm-ia
2541 3918 2772 3985 crecitas,
2795 3917 2914 3973 ideo
2935 3933 3039 3972 non
3071 3918 3380 3986 simpliciter
3402 3918 3558 3972 dixit.
3584 3917 3698 3972 Non
3728 3920 3805 3970 vi-

2221 4008 2367 4073 dent;
2392 4009 2507 4071 sed,
2536 4006 2772 4062 Videntes
2792 4024 2893 4062 non
2912 4007 3103 4071 vident;
3127 4008 3195 4061 ita
3214 4015 3271 4061 ut
3283 4022 3346 4061 ex
3367 4022 3551 4061 eorum
3568 4007 3801 4075 nequitia

2219 4098 2431 4153 excitos
2454 4100 2542 4153 sit.
2576 4099 2829 4154 Viderunt
2846 4102 2984 4154 enim
3004 4099 3277 4153 daemonas
3296 4112 3564 4167 egressos,
3588 4109 3642 4153 et
3661 4099 3803 4154 dicc-

2223 4193 2378 4247 bant:
2402 4191 2423 4244 1
2432 4210 2463 4243 η
2481 4192 2748 4246 Beelzebub
2776 4194 2999 4263 principe
3023 4192 3386 4245 dwmouiorum
3402 4177 3801 4260 ejicitdmuonid

2222 4285 2435 4361 (Matth.
2464 4286 2515 4341 9.
2537 4284 2649 4354 51).
2672 4285 2960 4339 Audierant
2981 4282 3127 4336 illum
3142 4283 3287 4350 ipsos
3301 4283 3413 4337 Deo
3424 4282 3796 4347 adducentem,

2220 4386 2273 4430 et
2289 4391 2406 4430 cum
2428 4376 2539 4429 Deo
2554 4390 2797 4444 magnotu
2812 4386 3129 4447 consensum
3147 4371 3508 4433 exhibentem,
3527 4383 3580 4426 et
3595 4372 3800 4429 dicunt:

2224 4464 2320 4519 Hic
2342 4483 2441 4520 non
2462 4475 2533 4519 est
2557 4482 2619 4519 ex
2644 4465 2766 4518 Deo.
2790 4464 2923 4532 Quia
2947 4463 3107 4533 igitur
3126 4463 3387 4517 contraria
3408 4470 3464 4517 et
3479 4463 3605 4517 visis
3631 4472 3686 4518 et
3705 4479 3801 4516 an-

2219 4558 2342 4611 ditis
2370 4554 3128 4623 exbibebant,Ideo,inquit,et
3144 4554 3314 4608 visum
3337 4562 3389 4609 et
3407 4554 3644 4609 auditum
3671 4555 3803 4625 ipsis

2219 4647 2419 4702 aufero.
2451 4645 2589 4699 Nihil
2611 4646 2753 4699 enim
2784 4645 2908 4698 hinc
2948 4643 3051 4697 illis
3077 4642 3195 4713 plus
3211 4643 3436 4709 accedit,
3480 4644 3581 4699 nisi
3630 4646 3802 4713 major

2221 4737 2511 4791 damnatio.
2535 4736 2649 4790 Non
2679 4734 2837 4789 modo
2863 4734 3007 4789 enim
3036 4749 3139 4788 non
3164 4732 3456 4789 credebant
3481 4775 3496 4799 ,
3526 4732 3620 4789 sed
3638 4735 3797 4789 etiam

2219 4829 2582 4899 increpabant,
2608 4826 2924 4882 accusnbant
2945 4868 2961 4889 ,
2996 4825 3217 4881 insidias
3248 4825 3571 4901 struebant.
3603 4824 3797 4880 Verum

2215 4936 2323 4976 .ton
2356 4920 2457 4975 hoc
2490 4920 2646 4983 divit;
2689 4934 2793 4973 non
2832 4918 2946 4971 vult
2994 4917 3137 4971 enim
3189 4930 3448 4971 onerosus
3496 4916 3801 4971 accusando

2218 5028 2361 5069 osse.
2391 5012 2543 5066 Initio
2565 5012 2758 5081 quippe
2796 5025 2899 5063 non
2925 5008 3002 5062 sic
3030 5023 3150 5063 cum
3184 5008 3289 5062 illis
3327 5006 3659 5071 disserebat,
3701 5009 3794 5061 sed

2217 5123 2337 5160 eum
2370 5119 2555 5173 magna
2585 5100 2997 5171 perspicuitate:
3045 5100 3166 5168 quia
3214 5113 3339 5151 vero
3368 5112 3489 5151 sese
3519 5105 3794 5166 perverte-

2217 5196 2364 5257 baut,
2392 5196 2442 5248 in
2472 5192 2737 5263 parabolis
2768 5191 2981 5244 demum
3042 5188 3296 5257 loquitur.
3346 5186 3549 5241 Deinde
3583 5201 3651 5241 ne
3681 5188 3800 5254 quis

2218 5294 2430 5357 putaret
2460 5285 2572 5339 hate
2618 5298 2710 5352 per
2735 5282 3056 5336 calumniam
3096 5280 3228 5341 dici.
3277 5292 3373 5333 nec
3399 5278 3638 5333 dicerent
3685 5278 3755 5330 illi
3786 5297 3798 5331 :

2218 5380 2467 5435 Inimicus
2493 5388 2673 5431 noster
2700 5384 2782 5429 est
2811 5376 2853 5429 is
2884 5376 2976 5433 .tui
3006 5373 3337 5435 criminatur,
3367 5370 3678 5440 prophetam
3708 5371 3770 5421 ad

2219 5473 2363 5528 ducit
2384 5472 2569 5527 eadem
2596 5473 2705 5538 ipsa
2736 5469 3118 5541 proferentem.
3170 5466 3253 5518 11.
3288 5463 3541 5529 [inpletur
3567 5462 3701 5515 enim
3746 5465 3796 5513 iu

2219 5572 2360 5641 ipsis,
2397 5568 2587 5637 inquit,
2618 5563 2882 5633 praphetia
2910 5544 3064 5615 lenite
3086 5560 3254 5611 (Μίδης
3283 5575 3295 5608 :
3324 5558 3510 5611 Auditor
3539 5555 3755 5607 audietis
3783 5595 3796 5613 ,

2218 5675 2261 5718 ct
2306 5680 2403 5717 non
2452 5659 2591 5713 intrii
2612 5657 2775 5725 gulis;
2804 5664 2847 5708 ct
2877 5654 2984 5706 visu
3029 5651 3342 5722 percipielis,
3379 5658 3420 5699 cl
3448 5664 3545 5699 non
3576 5643 3800 5698 uidebitis
