4046 6442
531 343 629 395 4?!)

526 459 708 527 Cogita
733 467 784 512 tc
799 457 998 513 Christi
1025 457 1353 520 sacerdotem
1387 456 1522 520 ticri,
1551 471 1669 508 cum
1698 470 1855 507 manu
1890 453 2100 521 propria

525 549 620 602 das
665 564 769 603 non
816 564 1055 609 carnem,
1102 548 1192 602 scd
1245 563 1464 617 panem,
1499 563 1601 600 non
1645 546 1976 613 sanguinem,
2009 543 2101 597 sed

526 622 742 695 calicem
777 657 924 710 aqum
973 642 1198 712 frigidae.
1239 641 1404 695 Induit
1439 650 1487 693 te
1519 641 1834 693 vestimento
1859 637 2098 698 salutari,

521 743 572 784 et
596 732 692 784 hoc
718 749 809 801 per
838 734 1102 801 seipsum;
1138 744 1190 785 tu
1222 735 1406 786 saltem
1432 748 1524 799 per
1549 746 1758 784 servum
1781 729 1957 782 indue.
1975 727 2098 781 Glo-

523 826 720 877 riosum
754 834 804 878 te
847 824 970 878 fecit
1021 826 1072 877 in
1123 824 1295 887 czclis;
1351 835 1458 875 tua
1493 824 1684 887 frigore
1735 822 1880 873 illtun
1928 819 2093 886 eripe,

523 930 619 967 nec
652 932 754 967 non
798 916 864 969 ab
896 916 1141 970 itichora
1184 915 1436 967 nuditate.
1473 912 1790 981 Angelorttut
1838 921 1887 964 te
1917 912 2096 963 conci-

521 1022 638 1059 vem
689 1006 844 1071 fecit;
899 1018 951 1060 tu
985 1009 1152 1075 ipsum
1186 1008 1285 1059 sub
1317 1017 1455 1060 tecto
1499 1005 1704 1072 excipe,
1737 1006 1922 1058 saltem
1962 1006 2098 1057 sicut

523 1115 684 1152 unum
733 1118 796 1153 ελ
849 1102 1191 1161 famulistuis
1220 1101 1362 1154 domi
1395 1101 1665 1167 excipias;
1710 1100 1810 1152 hoc
1855 1097 2094 1151 diverso-

521 1191 655 1240 rium
691 1206 794 1242 nou
833 1207 1041 1253 recuso,
1077 1192 1196 1243 licet
1229 1200 1393 1242 totum
1440 1191 1529 1243 tibi
1557 1190 1743 1243 carlum
1774 1189 2092 1257 aperuerint.

517 1280 591 1334 'f'c
613 1298 639 1334 a
671 1283 986 1350 gravissimo
1016 1283 1458 1351 carcere-eripui;
1494 1282 1592 1335 hoc
1617 1298 1645 1334 a
1671 1290 1719 1334 te
1749 1297 1852 1333 non
1880 1290 2091 1346 expeto,

518 1388 618 1425 nec
649 1373 793 1435 dico,
836 1374 995 1443 Eripe
1028 1390 1146 1436 me;
1189 1374 1280 1428 sed
1327 1375 1369 1427 si
1418 1389 1500 1426 me
1534 1373 1763 1426 vinctum
1810 1371 2010 1435 videas,
2043 1372 2092 1426 id

518 1462 645 1515 mihi
693 1463 755 1515 ad
788 1464 1203 1516 consolationem
1235 1463 1362 1517 satis
1391 1473 1491 1516 est.
1525 1463 1786 1516 Mortuum
1831 1471 1880 1515 te
1920 1463 2092 1516 susci-

521 1553 663 1616 tari;
712 1554 762 1606 id
807 1570 834 1605 a
857 1532 931 1607 ἰε
958 1568 1060 1607 non
1093 1556 1264 1622 exigo,
1296 1556 1386 1606 sed
1433 1553 1575 1615 dico,
1603 1568 1688 1607 me
1716 1545 1971 1621 aegrotum
2004 1568 2093 1605 so-

519 1643 786 1697 lummodo
815 1645 1014 1698 visites.
1055 1645 1184 1699 Cum
1216 1661 1342 1713 ergo
1375 1654 1517 1698 tanta
1547 1645 1654 1699 sint
1689 1645 1848 1710 doua,
1883 1656 2092 1713 tamque

518 1733 649 1786 levia
688 1744 1023 1802 expetantur,
1059 1751 1155 1790 nec
1183 1745 1356 1789 tamen
1388 1737 1474 1789 illa
1518 1737 1868 1804 praebeamus,
1897 1744 2091 1805 quanta

521 1841 624 1877 non
655 1827 817 1879 simus
845 1826 986 1895 digni
1019 1828 1258 1896 gehenua
1281 1830 1304 1881 ἲ
1331 1828 1456 1882 .lure
1480 1831 1528 1882 in
1558 1830 1731 1898 ignem
1758 1829 1966 1883 abimus
1999 1844 2092 1897 pa-

521 1927 691 1968 ratum
719 1916 930 1969 diabolo
957 1927 1008 1971 et
1030 1919 1234 1988 angelis
1257 1922 1393 1988 ejus,
1418 1935 1538 1972 cum
1568 1934 1671 1972 non
1701 1920 1903 1986 majore
1929 1935 2087 1987 quam

517 2016 662 2072 pctra
691 2022 849 2060 sensu
880 2007 1083 2076 praiditi
1114 2010 1302 2064 simus.
1333 2009 1555 2076 Quantas
1581 2011 1723 2064 enim
1769 2010 2091 2080 stupiditatis

512 2109 620 2162 εει.
648 2114 828 2168 ᾳυωεο
868 2109 938 2162 te,
969 2117 1225 2163 nos,cum
1255 2114 1396 2157 tanta
1437 2105 1820 2174 acceperimus,
1863 2114 1915 2158 et
1945 2116 2088 2158 tanta

514 2190 781 2256 accepturi
813 2191 1000 2254 simus,
1034 2206 1215 2246 servos
1243 2209 1360 2248 esse
1385 2196 1745 2262 pecuniarum,
1771 2211 1902 2265 quas
1935 2197 2090 2264 paulo

517 2290 698 2344 postea
729 2281 807 2334 vel
849 2282 994 2335 inviti
1029 2284 1431 2353 relinquemus?
1475 2287 1536 2340 Et
1579 2287 1666 2340 alii
1710 2287 1926 2355 quidem
1970 2289 2087 2340 ani~

517 2388 658 2424 mam
708 2374 968 2428 dederunt
1018 2378 1206 2444 ipsam,
1240 2388 1290 2432 et
1338 2379 1646 2445 sanguinem
1701 2379 1986 2432 fuderunt:
2034 2390 2089 2432 tu

515 2476 738 2517 verone
767 2466 1032 2534 superﬂua
1073 2467 1288 2536 quidem
1341 2468 1547 2539 largiris
1601 2480 1821 2538 propter
1866 2485 2084 2540 regnum

1264 343 1318 396 S.
1360 338 1632 396 JUANNIS
1669 338 2136 393 οιιιιιδυδίὐιιι
2178 336 2495 392 ARCIIIEP.
2526 335 3060 394 CONSTANTINUP.
3689 333 3792 388 473

2209 453 2481 515 ca-lorum,
2511 462 2726 521 propter
2759 462 2835 505 tot
2860 450 3125 506 coronas?
3156 450 3220 505 Et
3249 465 3352 521 qua
3393 451 3585 522 dignus
3626 453 3799 510 fueris

2210 544 2381 604 venia,
2417 558 2517 612 qua
2541 545 2901 606 excusatione,
2939 541 3028 613 qui
3068 543 3272 597 semina
3301 543 3354 598 in
3387 553 3583 600 terram
3614 543 3760 600 liben
3780 576 3793 587 -

2211 642 2289 684 tur
2322 633 2562 700 projicis,
2595 635 2686 703 qui
2718 634 2848 688 nulli
2894 635 2968 688 rei
3011 633 3183 702 parcis
3213 633 3278 688 ad
3311 636 3562 703 pecunias
3589 636 3796 692 fcenore

2211 724 2496 790 locandas;
2525 740 2644 780 cum
2677 736 2854 780 autem
2896 727 3067 796 agitur
3091 725 3158 780 de
3202 726 3427 780 Domino
3458 742 3553 796 per
3591 742 3796 797 egenos

2205 817 2418 880 alendo,
2455 818 2772 872 inhumanus
2809 818 3079 887 durusque
3109 818 3208 872 es?
3257 819 3380 874 llaec
3408 819 3585 888 itaque
3612 823 3793 878 omnia

2204 909 2519 975 cogitantes,
2559 909 2841 975 animoque
2885 918 3211 976 reputantes,
3243 923 3362 978 qute
3401 911 3792 977 acet-perimus,

2220 1009 2340 1061 quae
2363 995 2638 1064 accepturi
2659 996 2852 1060 simus,
2877 1011 2998 1066 qua:
3028 1011 3058 1050 a
3100 997 3256 1051 uobis
3287 1011 3633 1070 expetantur,
3661 1017 3786 1056 om—

2222 1098 2341 1136 tu'ttt
2398 1101 2586 1140 curam
2626 1097 2868 1141 nostram
2918 1089 2970 1142 in
3003 1090 3380 1159 spiritualibus
3408 1092 3791 1146 exhibeamus.

2203 1179 2376 1232 Simus
2412 1179 2636 1233 tandem
2667 1181 2928 1235 mansueti
2959 1192 3012 1235 et
3057 1181 3294 1246 humani,
3340 1196 3407 1234 ne
3456 1182 3790 1235 intolerabile

2202 1271 2516 1339 supplicium
2538 1271 2692 1325 nobis
2707 1272 3053 1326 attrahamus.
3069 1271 3197 1337 Quae
3217 1273 3358 1326 enim
3383 1287 3479 1327 nos
3500 1273 3786 1328 damnandi

2201 1375 2359 1413 causa
2392 1376 2495 1414 non
2528 1362 2777 1429 suppetit,
2808 1362 2895 1430 qui
2942 1377 3061 1416 cum
3107 1370 3183 1415 tot
3226 1363 3491 1433 tantisque
3522 1363 3784 1428 fruamur,

2202 1469 2591 1524 nuc-maguum
2621 1453 2742 1522 quid
2768 1462 3112 1521 ‘expetatura
3146 1455 3332 1518 nobis;
3377 1456 3482 1508 imo
3527 1456 3646 1508 talia
3687 1471 3787 1509 cx.

2201 1554 2465 1614 petantur,
2495 1559 2612 1612 quae
2641 1545 2721 1597 vel
2763 1544 2910 1598 inviti
2955 1543 3040 1598 hic
3084 1544 3464 1614 relinquemus,
3498 1554 3697 1598 tautmu
3725 1545 3780 1599 in

2201 1635 2358 1690 rebus
2379 1635 2722 1690 smcularibus
2743 1636 2972 1689 studium
3005 1635 3408 1704 impendamus?
3435 1636 3635 1690 Horum
3667 1637 3785 1692 siu-

2199 1727 2320 1796 gula
2367 1735 2489 1782 sunt
2524 1727 2589 1782 ad
2633 1742 2729 1781 nos
2767 1727 3097 1782 damnandos
3145 1729 3313 1793 satis;
3363 1730 3404 1783 si
3452 1745 3578 1783 vcro
3604 1731 3782 1787 omnis

2200 1819 2357 1872 simul
2386 1828 2726 1880 concurrant,
2747 1834 2866 1887 quae
2893 1834 3015 1887 spes
3045 1819 3233 1873 Salutis
3258 1821 3398 1874 erit?
3432 1820 3496 1875 Ut
3521 1836 3647 1890 ergo
3669 1837 3787 1874 om-

2199 1925 2318 1963 nem
2350 1909 2487 1963 hanc
2517 1910 2910 1963 damnationem
2941 1909 3222 1978 fugiamus,
3266 1911 3548 1979 quamdam
3594 1911 3784 1966 saltem

2197 2014 2318 2068 erga
2351 2013 2548 2068 egenos
2591 1999 2966 2053 liberalitatem
3019 2001 3382 2053 exhibeatnus.
3416 2000 3502 2055 Sic
3549 2002 3688 2054 cnim
3730 2011 3786 2055 et

2201 2091 2558 2160 praesentibus
2589 2100 2643 2145 et
2670 2091 2859 2146 futuris
2889 2093 3127 2145 fruemur
3173 2092 3323 2146 bouis
3356 2114 3368 2147 :
3418 2108 3534 2161 qua:
3582 2094 3782 2144 utinam

2198 2197 2297 2237 nos
2343 2197 2531 2236 omnes
2572 2183 2783 2252 assequi
2825 2184 3115 2252 contingat,
3147 2183 3316 2252 gratia
3367 2194 3420 2237 et
3459 2184 3786 2254 benignitate

2200 2272 2410 2325 Domini
2443 2273 2606 2325 nostri
2635 2271 2758 2326 Jesu
2784 2271 3001 2338 Christi,
3027 2273 3110 2327 cui
3139 2273 3305 2342 gloria
3333 2283 3389 2328 et
3413 2273 3691 2342 imperium
3723 2274 3776 2328 in

2200 2362 2392 2417 stt-cuia
2424 2361 2762 2419 saeculorum.
2796 2363 2989 2418 Amen.

1607 2701 1951 2768 HOMILIA
1993 2703 2218 2764 XLVI.
2264 2705 2349 2765 al.
2411 2703 2664 2765 XLVII.

515 2835 644 2892 CAP.
677 2841 762 2894 l3.
799 2857 850 2894 ν.
885 2841 973 2895 Si.
1034 2845 1200 2896 Aliam
1250 2846 1540 2913 parabolam
1581 2849 1840 2916 proposuit
1877 2848 1969 2911 eis,
2006 2848 2090 2900 di-

588 2947 702 2983 cens
728 2947 745 2983 :
769 2931 952 2987 Simile
977 2935 1167 3002 factum
1191 2946 1261 2989 est
1285 2953 1492 3005 regnum
1529 2939 1765 2992 cazlorum
1795 2937 1982 2991 homini
2005 2937 2092 3007 qui

583 3021 796 3073 seminat
835 3023 1016 3076 bonum
1047 3041 1210 3078 semen
1255 3028 1306 3080 in
1347 3043 1469 3097 agro
1494 3045 1601 3081 suo.
1640 3029 1730 3085 23.
1763 3028 1887 3082 Cum
1925 3037 2090 3081 autent

613 3113 884 3166 dormirent
915 3114 1160 3178 homines,
1194 3118 1324 3170 venit
1351 3119 1460 3185 ejus
1483 3118 1732 3180 inimicus,
1764 3128 1808 3172 et
1834 3120 2092 3172 seminavit

583 3203 778 3254 sisania
813 3221 901 3272 per
925 3205 1144 3258 medium
1182 3208 1352 3272 tritici,
1379 3218 1423 3261 et
1453 3209 1595 3261 abiit.
1628 3208 1718 3263 26.
1742 3197 1815 3280 (α)
1847 3209 1972 3262 Cum
1997 3226 2091 3262 att-

585 3303 680 3345 tem
705 3295 934 3347 crevisset
959 3295 1109 3348 herba
1138 3306 1184 3350 et
1209 3302 1428 3366 fructum
1456 3299 1670 3368 fecisset,
1703 3308 1820 3352 tunc
1841 3317 2091 3368 apparue-

585 3394 702 3436 runt
730 3395 775 3437 et
815 3387 1028 3438 zizania.
1061 3387 1150 3441 27.
1194 3389 1491 3442 Accedentes
1520 3406 1630 3451 vero
1673 3391 1799 3442 servi
1849 3391 2092 3461 patrisfa-

586 3477 774 3541 milias,
815 3480 1049 3532 dixerunt
1094 3481 1185 3534 ei:
1229 3479 1459 3546 Domine,
1489 3497 1653 3534 nonne
1695 3481 1879 3534 bonum
1923 3498 2090 3535 semen

585 3570 843 3623 seminasti
871 3571 922 3623 in
954 3588 1076 3641 agro
1107 3573 1234 3625 tuo?
1279 3574 1412 3625 unde
1445 3590 1560 3642 ergo
1587 3574 1826 3627 zizania?
1869 3573 1959 3627 28.
1990 3572 2089 3640 Qui

587 3658 712 3712 dixit
739 3661 810 3713 eis
827 3676 846 3712 :
873 3658 1114 3715 Inimicus
1141 3663 1288 3715 homo
1317 3664 1410 3716 hoc
1436 3665 1569 3732 fecit.
1601 3663 1746 3717 Servi
1766 3672 1928 3716 autent
1950 3665 2092 3718 dixe-

587 3764 701 3806 runt
722 3755 767 3806 ci
785 3771 801 3810 :
835 3753 919 3809 Vis
938 3772 1076 3826 ergo,
1097 3757 1328 3833 abenmus
1349 3768 1394 3808 et
1418 3757 1714 3827 colligamus
1741 3774 1799 3811 ea
1815 3759 1840 3810 .9
1875 3758 1965 3814 29.
1991 3756 2013 3809 Ι
2023 3759 2091 3812 lle

587 3855 751 3896 .mtem
782 3846 945 3898 dixit:
977 3845 1118 3911 Non,
1162 3863 1223 3899 ne
1247 3851 1375 3916 forte
1417 3846 1702 3916 colligentes
1729 3847 1946 3912 zizmtia,
1975 3863 2089 3900 era-

586 3936 759 3988 dicetis
791 3936 940 3988 simul
977 3953 1088 3988 cunt
1119 3941 1187 3990 eis
1228 3947 1273 3990 et
1311 3939 1548 3991 triticum.
1580 3937 1666 3992 '50.
1701 3937 1864 3992 Sinite
1883 3948 2091 4006 utraque

588 4044 805 4081 crescere
826 4045 981 4089 usque
999 4028 1066 4080 ad
1088 4045 1293 4082 messem
1316 4045 1331 4080 :
1360 4039 1406 4082 et
1434 4039 1549 4081 tunc
1570 4030 1735 4083 dicam
1758 4030 2088 4086 messoribus:

589 4119 819 4187 Colligite
849 4121 1064 4187 primum
1092 4121 1304 4172 zizania.

593 4213 640 4263 Ι.
686 4209 856 4278 Hujus
884 4219 929 4262 et
956 4213 1230 4277 superioris
1271 4211 1524 4279 parabolae
1551 4212 1838 4266 discrimen.
1889 4211 2090 4266 Diaboli

515 4319 732 4357 errorem
760 4296 1038 4356 inducentis
1065 4303 1300 4356 versutia.
1334 4301 1622 4373 Vigilmnite
1651 4304 1932 4356 necessitas.
1969 4301 2092 4358 Hce-

515 4397 721 4449 reticnm
748 4395 970 4449 occidere
1008 4410 1106 4448 non
1147 4405 1358 4464 oportet.
1384 4424 1453 4434 ——
1473 4395 1606 4461 Quid
1654 4397 1873 4450 interest
1902 4395 2089 4448 discri-

516 4485 672 4539 minis
704 4487 840 4540 inter
870 4485 1004 4540 hanc
1027 4497 1080 4540 et
1110 4487 1434 4554 superiorem
1484 4486 1831 4552 parabolam?
1866 4485 1975 4539 lllic
2006 4486 2090 4539 lo-

515 4576 694 4645 quitur
734 4575 800 4629 de
839 4577 902 4630 iis
953 4577 1039 4644 qui
1093 4591 1194 4629 non
1239 4577 1609 4638 atteudct‘uut,
1643 4575 1737 4630 sed
1791 4575 2089 4630 resilientes

515 4668 720 4722 semina
765 4668 1098 4735 projcccrunt
1125 4685 1136 4720 :
1168 4667 1251 4721 hic
1276 4667 1342 4720 de
1370 4667 1736 4720 inercticorum
1767 4667 1992 4720 cmtihus
2015 4667 2090 4719 lo-

514 4759 712 4825 quitur.
747 4755 821 4811 Ne
854 4758 993 4811 enim
1025 4757 1310 4826 discipulos
1338 4758 1595 4822 turbaret,
1628 4757 1890 4825 przedixit,
1946 4767 2091 4826 post-

512 4864 670 4918 quam
701 4848 956 4902 docuerat
982 4848 1117 4914 illos,
1140 4863 1235 4902 cur
1261 4847 1311 4901 in
1341 4848 1603 4917 parabolis
1636 4847 1957 4917 loqueretur.
1991 4849 2089 4902 Pa-

512 4940 690 4994 rabola
720 4940 803 4993 illa
833 4938 1061 5002 diccbat,
1089 4955 1194 4994 non
1220 4950 1520 5008 susceptum
1571 4939 1740 5008 ipsum
1767 4957 1780 5004 ;
1834 4939 1950 4996 lucc
1991 4957 2088 4995 au-

511 5039 640 5093 tem,
664 5039 1002 5098 corruptores
1023 5030 1177 5083 simul
1203 5042 1496 5100 susceptos.
1535 5031 1656 5086 llrcc
1675 5032 1871 5101 quippe
1892 5031 2088 5086 diaboli

515 5122 744 5175 versutia
777 5129 876 5186 est,
909 5130 964 5173 ut
989 5136 1108 5174 cum
1155 5121 1376 5175 veritate
1403 5138 1612 5189 semper
1638 5123 1983 5178 commisccat
2005 5139 2088 5176 er-

517 5227 713 5278 rorem,
741 5211 822 5265 cui
867 5212 1105 5266 veritatis
1149 5213 1380 5266 colorem
1413 5223 1466 5266 ct
1494 5213 1892 5268 similitudinem
1935 5213 2088 5268 afﬂu-

513 5309 619 5369 gat,
654 5302 719 5353 ita
767 5312 822 5354 ut
850 5301 1116 5369 simplices
1149 5301 1303 5356 facile
1336 5304 1716 5359 circumvenire
1747 5305 1931 5372 possit.
1963 5304 2086 5360 ideo

516 5408 620 5446 non
670 5393 769 5446 alia
820 5395 1039 5458 semina,
1070 5410 1224 5463 quam
1273 5395 1470 5449 zizania
1519 5397 1666 5459 dixit,
1715 5399 1854 5467 quod
1899 5413 2083 5452 scmcn

512 5483 692 5550 specie
733 5483 944 5550 quidem
974 5483 1235 5539 frumento
1277 5485 1448 5538 simile
1495 5496 1594 5538 est.
1641 5486 1838 5542 Deinde
1869 5488 2085 5542 modum

516 5573 826 5628 insidiarum
854 5573 1154 5628 dicit.Dum
1182 5577 1457 5631 dormirent
1477 5577 1722 5642 homines,
1754 5579 1938 5649 inquit.
1970 5579 2084 5633 Non

569 5709 652 5773 (a)_
674 5716 788 5768 Quia
813 5715 1097 5773 sequuntur
1123 5711 1372 5773 nsipiegad
1393 5712 1579 5773 initium
1605 5711 1812 5761 bomiliat
1834 5711 2012 5762 desunt
2033 5711 2083 5760 in

508 5769 672 5819 lorel.
703 5783 712 5820 :
741 5768 827 5826 sed
853 5768 1094 5824 habentur
1119 5772 1166 5821 in
1190 5768 1327 5823 savii.
1356 5781 1406 5824 et
1430 5773 1478 5822 in
1504 5771 1681 5836 aliquot
1704 5774 2049 5838 manseriptis.

2202 2860 2422 2914 parvum
2475 2845 2562 2900 hic
2606 2844 2923 2914 prtesulibus
2967 2845 3281 2914 proponitur
3327 2845 3678 2916 prrecipitium
3724 2855 3783 2902 et

2202 2936 2511 3004 periculum,
2542 2935 2733 3004 quibus
2761 2935 2990 2990 maxime
3019 2936 3132 2990 arvi
3157 2951 3283 2991 cura
3315 2936 3628 2992 demandata
3653 2947 3778 3001 est;

2198 3040 2374 3094 neque
2403 3026 2506 3080 illis
2540 3034 2762 3090 tantum,
2791 3027 2884 3080 sed
2912 3027 3072 3081 etiam
3117 3027 3362 3082 subditis.
3405 3027 3648 3084 Ostendit
3685 3044 3782 3084 au-

2202 3126 2326 3180 tem,
2361 3133 2594 3172 errorem
2625 3126 2743 3185 post
2767 3117 3040 3171 veritatem
3080 3119 3327 3181 venisse;
3371 3118 3424 3172 id
3448 3119 3588 3188 quod
3617 3119 3780 3174 etiam

2199 3224 2377 3263 rerum
2426 3219 2648 3263 eventus
2707 3210 3035 3264 testilicatur.
3095 3208 3227 3263 Nam
3288 3221 3407 3279 post
3470 3213 3779 3281 prapbetas,

2199 3297 2711 3368 pseudoprophetze;
2757 3306 2874 3367 post
2920 3298 3210 3367 apostolos,
3241 3298 3693 3369 pseudoapostoli,
3724 3311 3783 3355 et

2196 3400 2316 3458 post
2346 3388 2633 3453 Christum,
2665 3389 3045 3444 Antichristus.
3089 3388 3200 3443 Nisi
3230 3389 3374 3443 enim
3417 3389 3662 3444 diabolus
3704 3392 3781 3444 vi-

2196 3478 2336 3532 derit
2367 3477 2491 3547 quid
2533 3478 2730 3532 imitari
2779 3478 2964 3546 possit,
2996 3485 3086 3530 aut
3113 3477 3308 3546 quibus
3356 3477 3615 3543 insidiari,
3647 3479 3778 3533 nihil

2198 3569 2509 3624 insidiarum
2542 3570 2710 3638 ponit,
2742 3569 2872 3622 nihil
2904 3569 3069 3622 novit.
3114 3567 3266 3624 Nunc
3312 3584 3460 3639 ergo,
3489 3570 3615 3640 quia
3645 3569 3778 3625 vidit

2196 3661 2356 3714 alium
2378 3659 2725 3714 centesimum
2755 3657 2970 3724 fecisse,
2987 3658 3154 3712 alium
3174 3660 3592 3728 sexagesimum,
3611 3661 3780 3715 alium

2199 3749 2551 3819 trigesimum,
2577 3749 2679 3804 alia
2709 3748 2962 3817 deinceps
2992 3748 3190 3803 incedit
3226 3750 3331 3803 via.
3377 3749 3511 3815 Quia
3539 3751 3683 3804 enim
3725 3749 3781 3805 id

2196 3840 2338 3911 quod
2374 3840 2578 3897 radices
2604 3847 2854 3909 posuerat
2879 3839 3125 3909 abripere
3163 3854 3270 3895 non
3317 3848 3545 3910 poterat,
3600 3855 3780 3910 neque

2195 3933 2476 3996 suffocare,
2507 3933 2590 3987 vel
2618 3932 2960 3998 comburere,
2993 3947 3090 4001 per
3130 3931 3288 3986 aliam
3339 3932 3599 3986 fallaciam
3645 3931 3780 3987 insi-

2195 4025 2392 4092 diatur,
2425 4039 2518 4080 sua
2562 4027 2805 4079 inserens
2854 4023 2993 4078 aliis.
3027 4023 3094 4077 Et
3146 4022 3198 4078 in
3245 4037 3351 4093 quo
3395 4022 3664 4088 diﬂ'crunt,
3693 4023 3780 4079 in-

2196 4117 2366 4186 quies,
2405 4116 2454 4169 Iti
2486 4115 2814 4169 dormientes
2841 4114 2907 4167 ab
2957 4115 3020 4169 iis
3061 4114 3151 4184 qui
3183 4129 3277 4184 per
3307 4115 3449 4168 viam
3493 4115 3778 4186 signiﬁcati

2197 4206 2448 4262 fuerant?
2476 4205 2627 4274 Quod
2659 4204 2900 4262 videlicet
2929 4204 3001 4258 ibi
3028 4205 3206 4258 statim
3248 4206 3574 4274 abripuerit;
3605 4222 3781 4276 neque

2197 4298 2338 4353 enim
2368 4297 2574 4350 radices
2603 4310 2801 4364 ponere
2827 4294 3070 4366 permisit
3099 4310 3110 4345 :
3148 4293 3234 4349 hic
3259 4309 3388 4350 vero
3415 4295 3618 4364 majore
3645 4312 3780 4366 opus

2197 4386 2440 4443 habuerit
2469 4384 2716 4440 artificio.
2764 4384 2890 4439 Haec
2934 4393 3113 4439 autem
3143 4383 3272 4438 dicit
3301 4383 3566 4453 Christus,
3598 4395 3654 4440 ut
3677 4387 3779 4443 do-

2195 4488 2314 4532 ccat
2359 4491 2571 4546 semper
2600 4491 2718 4531 esse
2761 4475 3108 4545 vigilandum.
3138 4475 3361 4532 Etiamsi
3388 4478 3552 4543 enim,
3586 4478 3777 4548 inquit,

2199 4571 2314 4627 haec
2353 4579 2675 4626 nocumenta
2702 4568 2941 4638 etl'ngias,
2971 4569 3111 4623 aliud
3133 4569 3307 4624 adhuc
3331 4580 3595 4640 superest.
3629 4572 3780 4629 Sicut

2196 4663 2337 4717 enim
2369 4662 2436 4715 ibi
2467 4676 2562 4731 per
2586 4661 2742 4725 viam,
2773 4675 2870 4730 per
2906 4671 3107 4728 petram
3134 4669 3189 4714 et
3228 4676 3322 4730 per
3365 4663 3585 4732 spinas;
3617 4663 3695 4718 sic
3721 4675 3779 4719 et

2197 4753 2281 4808 hic
2311 4767 2404 4822 per
2431 4767 2674 4807 somnum
2721 4752 2982 4822 pernicies
3011 4752 3216 4806 accedit
3240 4769 3254 4805 :
3288 4765 3616 4822 quapropter
3642 4756 3779 4810 assi-

2194 4843 2296 4898 dua
2328 4858 2461 4912 opus
2491 4851 2573 4896 est
2609 4842 2868 4897 custodia.
2899 4841 3020 4895 Ideo
3046 4841 3259 4896 dicebat
3285 4859 3299 4900 :
3335 4841 3436 4909 Qui
3464 4854 3631 4900 autem
3656 4862 3782 4914 per.

2193 4935 2487 4989 severaverit
2528 4951 2682 5001 usque
2707 4935 2757 4987 in
2786 4935 2958 5001 finem,
3003 4935 3082 4986 hic
3109 4935 3278 4989 salvus
3309 4937 3400 4988 erit
3444 4935 3654 5007 (Hatth.
3688 4937 3773 4997 10.

2192 5027 2304 5096 22).
2339 5027 2523 5082 Simile
2547 5026 2821 5097 quidpiam
2851 5028 2901 5082 iu
2929 5027 3191 5096 principio
3211 5028 3422 5084 accidit.
3454 5029 3601 5087 Multi
3630 5031 3774 5086 enim

2194 5119 2458 5173 antistites
2506 5118 2778 5187 improbos
2829 5117 2973 5172 viros
3005 5117 3389 5173 hmresiarchas
3433 5121 3671 5175 occultos
3715 5121 3773 5176 in

2194 5212 2458 5267 Ecclesias
2509 5211 2846 5276 inducentes,
2899 5210 3198 5279 hujusmodi
3255 5212 3461 5267 insidiis
3503 5214 3774 5269 struendis

2193 5303 2496 5358 facultatem
2534 5317 2776 5372 magnam
2832 5304 3127 5370 prmbuere.
3177 5301 3359 5372 Neque
3406 5303 3546 5356 enim
3592 5303 3776 5358 labore

2191 5411 2325 5464 Opus
2369 5403 2452 5449 est
2479 5392 2712 5458 diabolo,
2748 5404 3024 5464 postquam
3070 5393 3373 5463 ltujusmodi
3424 5394 3670 5449 [nomines
3721 5395 3774 5451 in

2193 5487 2369 5542 medio
2397 5486 2640 5541 inseruit.
2687 5486 2752 5540 Et
2774 5486 3043 5554 quomodo
3068 5482 3188 5540 fieri
3221 5495 3419 5555 potest,
3453 5486 3683 5554 inquies,
3717 5495 3773 5540 nt

2191 5596 2292 5633 non
2321 5576 2628 5632 dormiant?
2670 5575 2904 5630 Naturali
2935 5576 3148 5644 quidem
3176 5591 3388 5642 somno,
3418 5577 3529 5631 fleri
3555 5577 3772 5646 nequit;

2191 5669 2478 5724 vcluntatis
2498 5682 2706 5728 somno,
2738 5681 2911 5722 secus.
2945 5666 3281 5736 Quapropter
3302 5667 3498 5722 Paulus
3531 5667 3769 5723 diccbat:

2202 5761 2432 5834 l’igtlate,
2449 5768 2574 5815 state
2591 5760 2639 5813 in
2656 5757 2756 5828 [ide
2774 5759 2852 5829 (ι.
2870 5756 2985 5814 Cor.
3001 5757 3200 5830 16.15).
3218 5757 3323 5815 Nec
3343 5759 3552 5815 noxiam
3572 5763 3768 5824 solum,
