4046 6432
331 457 429 516 ΠἹ

332 567 424 627 sed
452 572 510 621 et
538 556 861 631 superﬂuam
896 564 1011 606 rem
1035 542 1291 602 ostendit.
1315 540 1451 597 Nam
1481 544 1766 631 postquam
1794 544 1922 631 ager

330 660 508 715 cultus
533 621 653 720 fuit,
670 666 790 706 cum
817 645 962 702 nulla
990 657 1051 697 re
1068 653 1204 710 opus
1232 644 1335 701 est,
1352 643 1478 687 tunc
1499 628 1758 689 seminat;
1781 621 1924 720 quod

331 762 389 806 et
418 718 655 815 lucretici
686 743 904 801 faciunt,
938 735 1028 805 qui
1061 730 1273 785 nonnisi
1306 736 1526 797 propter
1569 735 1762 777 vanam
1810 718 1925 787 glo—

335 838 471 894 riam
500 850 762 892 venenum
794 844 948 885 suum
981 824 1247 892 injiciunt.
1297 818 1478 887 Neque
1506 830 1568 870 ex
1602 813 1685 867 his
1723 820 1924 864 tantum

334 929 539 994 verbis,
566 927 659 981 sed
692 923 853 979 etiam
881 934 948 974 ex
981 913 1348 986 sequentibus,
1376 920 1537 961 imam
1572 906 1783 959 illorum
1813 916 1930 955 sce-

339 1036 462 1074 nam
488 991 735 1073 accurate
755 1010 1041 1068 describit:
1070 1005 1197 1061 Cum
1226 1000 1514 1073 pullulnvit,
1542 998 1729 1066 inquit,
1753 991 1926 1056 herba,

338 1120 383 1163 et
414 1114 636 1182 fructum
665 1107 799 1163 tulit.
822 1113 939 1156 tunc
966 1103 1312 1169 apparuerunt
1349 1103 1393 1145 et
1426 1089 1624 1143 zizauia
1655 1103 1673 1141 .'
1712 1085 1851 1154 quod
1877 1093 1931 1136 et

340 1202 436 1269 ipsi
472 1199 693 1254 faciunt.
718 1195 875 1251 Initio
906 1203 1137 1260 namque
1165 1200 1285 1240 sese
1309 1182 1580 1237 occultant
1606 1196 1618 1231 :
1650 1186 1927 1269 postquam

336 1267 467 1345 vero
491 1291 753 1355 majorem
783 1300 1040 1360 accepere
1063 1279 1337 1337 fiduciam,
1370 1284 1424 1326 et
1462 1273 1669 1340 copiam
1704 1267 1915 1321 dicendi

340 1381 483 1434 nacti
537 1388 698 1436 sunt.
760 1389 888 1429 tunc
952 1373 1105 1425 virus
1172 1366 1480 1422 eil‘undunt.
1552 1362 1665 1415 Cur
1729 1367 1914 1412 autem

341 1484 527 1522 serves
584 1467 813 1527 inducit,
849 1478 968 1528 qua:
1021 1460 1265 1514 accidere
1315 1450 1634 1507 nairantes?
1668 1448 1733 1503 Ut
1798 1448 1924 1501 hinc

336 1569 521 1609 ansam
553 1553 779 1622 arripiat
822 1549 1035 1605 dicendi
1086 1563 1193 1602 non
1236 1543 1563 1601 occidendos
1615 1541 1736 1595 illos
1785 1555 1924 1594 esse.

335 1647 613 1701 Inimicum
643 1645 917 1700 hominem
944 1651 1101 1696 vocat
1123 1640 1293 1701 illum,
1319 1638 1387 1691 ob
1408 1637 1602 1691 damna
1625 1649 1745 1703 qua:
1772 1630 1931 1686 infert

337 1737 646 1792 [nominibus
674 1736 985 1793 :tdamnum
1017 1732 1159 1788 enim
1189 1745 1288 1784 nos
1318 1728 1558 1793 impetit:
1593 1725 1771 1779 damni
1802 1738 1931 1777 vero

337 1830 543 1885 initium
570 1844 676 1883 non
701 1828 824 1882 odio
849 1826 1039 1890 nostri,
1063 1824 1157 1880 sed
1176 1823 1298 1877 odio
1320 1822 1410 1876 Dei
1439 1821 1631 1873 factum
1657 1826 1759 1871 est.
1783 1816 1931 1871 Unde

337 1924 509 1992 palam
541 1931 644 1985 est,
681 1922 844 1976 Deum
876 1935 974 1974 nos
999 1917 1167 1987 magis
1196 1916 1440 1984 diligere,
1466 1927 1626 1983 quam
1654 1927 1750 1964 nos
1778 1924 1808 1962 a
1835 1923 1933 1962 no-

335 2015 417 2069 bis
450 2015 578 2085 ipsis
629 2013 937 2083 diligamur.
971 2010 1076 2067 Sed
1128 2007 1343 2064 aliunde
1390 2006 1576 2060 videre
1605 2013 1689 2058 est
1733 2000 1932 2057 diaboli

334 2106 648 2163 versutiam.
679 2106 795 2160 Non
843 2106 986 2158 enim
1037 2103 1267 2157 antehae
1313 2099 1616 2163 seminavit,
1645 2096 1766 2166 quia
1800 2095 1932 2149 nihil

335 2198 475 2268 quod
504 2196 750 2267 perderet
779 2195 999 2259 habuit;
1033 2193 1127 2248 sed
1178 2207 1298 2246 cum
1325 2190 1502 2245 omnia
1535 2190 1691 2259 plena
1723 2194 1929 2250 essent,

337 2300 395 2344 ut
418 2299 585 2344 totum
618 2288 867 2359 agricolae
913 2285 1148 2341 studium
1179 2285 1571 2340 labefactaret:
1610 2282 1688 2336 sic
1718 2280 1934 2334 inimico

337 2396 463 2450 erga
494 2381 643 2434 illum
677 2380 858 2433 animo
887 2388 1077 2433 cuncta
1107 2376 1354 2431 faciebat.
1384 2375 1515 2429 Vide
1542 2382 1720 2427 autem
1751 2387 1933 2427 servo-

335 2489 453 2529 rum
485 2473 843 2542 diligentiam.
891 2470 1024 2525 Nam
1052 2468 1253 2523 zizauia
1285 2469 1393 2521 cito
1422 2466 1657 2522 evellere
1688 2465 1931 2535 cupiunt,

334 2566 543 2621 etiamsi
576 2564 625 2619 id
676 2579 780 2618 non
824 2563 1168 2618 considerate
1212 2560 1412 2615 faciant
1463 2578 1476 2614 :
1528 2557 1669 2613 ouod
1722 2558 1933 2610 illorum

333 2658 473 2712 circa
505 2657 708 2710 semina
741 2654 1154 2711 sollicitudinem
1186 2652 1445 2716 declarat,
1479 2651 1760 2720 arguiiqne
1789 2650 1937 2717 ipsos

334 2747 402 2801 ad
434 2762 596 2801 unum
626 2755 830 2801 lautqu
860 2746 1149 2812 respicere,
1172 2759 1277 2797 non
1306 2757 1414 2811 quo
1442 2750 1600 2811 pacto
1623 2740 1717 2795 ille
1746 2754 1936 2810 poenas

331 2838 423 2893 det
453 2856 467 2893 :
501 2852 674 2905 neqtte
702 2838 844 2891 enim
894 2835 1021 2889 illud
1054 2835 1124 2889 ita
1175 2841 1365 2903 urget;
1403 2832 1495 2888 sed
1552 2847 1621 2886 ne
1666 2832 1810 2898 jaCIa
1846 2844 1930 2883 se-

334 2930 476 2982 mina
520 2937 764 2997 pereant.
794 2926 918 2981 Ideo
950 2926 1000 2981 id
1032 2925 1272 2995 cogitant
1316 2935 1371 2978 ut
1407 2924 1653 2978 morbum
1685 2921 1937 2976 celeriter

331 3020 588 3075 avellant.
639 3018 770 3073 Illud
819 3032 949 3073 vero
1000 3032 1107 3071 non
1157 3016 1340 3070 statim
1391 3014 1605 3070 efﬁcere
1632 3020 1931 3079 conantur;

334 3125 509 3179 neque
535 3109 679 3165 enim
708 3108 760 3163 id
791 3109 891 3163 sibi
919 3115 1207 3176 arrogant:
1249 3107 1343 3161 sed
1370 3106 1573 3159 domini
1611 3104 1934 3157 sententiam

330 3208 645 3267 exspectant
679 3200 922 3255 dicentes
952 3217 965 3252 :
1008 3196 1137 3277 Vis?
1164 3197 1299 3265 Quid
1341 3196 1503 3267 igitur
1532 3195 1827 3251 dominus?
1880 3194 1937 3250 ld

332 3299 480 3345 vetat
502 3290 718 3344 dicens:
756 3288 840 3344 Ne
868 3293 999 3361 forte
1023 3288 1289 3343 eradicetis
1307 3287 1463 3341 simul
1487 3295 1533 3340 et
1559 3287 1802 3340 triticum.
1823 3284 1936 3340 Hoc

332 3397 497 3454 porro
524 3381 760 3447 dicebat,
792 3390 849 3435 ut
877 3381 1013 3435 bella
1060 3380 1347 3449 (aedesque
1388 3378 1723 3448 prohiberet.
1750 3377 1938 3448 Neque

332 3477 476 3530 enim
503 3474 813 3531 harreticum
842 3473 1092 3528 occidere
1122 3482 1335 3543 oportet
1368 3516 1382 3526 .
1417 3488 1541 3526 nam
1570 3471 1648 3527 sic
1691 3472 1934 3527 irrecon-

333 3566 566 3624 ciliabile
594 3567 795 3623 bellum
833 3568 885 3622 in
916 3565 1101 3621 orbem
1140 3564 1502 3620 induceretur.

409 3660 463 3714 2.
496 3660 637 3731 Erga
676 3661 936 3714 hereticos
980 3657 1233 3729 quomodo
1275 3657 1549 3728 agendum.
1599 3654 1936 3709 Mansuetudo

334 3750 541 3807 Christi.
575 3750 804 3805 Granum
830 3752 1025 3821 sinapis
1050 3749 1302 3820 quomodo
1324 3748 1706 3815 predieatlonis
1728 3757 1937 3813 aposto-

336 3844 501 3897 lorum
524 3844 588 3896 sit
613 3842 800 3912 ﬁgura.
840 3840 1115 3896 {Eruimus
1140 3838 1529 3908 praedicantibus
1555 3855 1656 3891 non
1676 3837 1931 3892 timendae.

333 3962 403 3975 —-
419 3934 513 3988 Ilis
535 3944 713 3989 autem
734 3933 942 3987 duobus
964 3931 1254 3986 ratiociniis
1283 3940 1527 3984 movetur
1551 3930 1616 3982 ad
1637 3929 1757 3982 illus
1781 3928 1934 3983 cubi-

333 4024 797 4091 bendoszprimo.
839 4022 980 4094 quod
1024 4021 1345 4076 frumentum
1378 4037 1481 4073 non
1515 4018 1802 4081 lmderent;
1845 4033 1935 4073 se-

332 4114 527 4177 cundo,
567 4115 710 4183 quod
739 4114 811 4167 illi
852 4112 1130 4168 incurabili
1171 4110 1358 4165 morbo
1400 4111 1703 4165 laborantes
1730 4108 1936 4179 suppli-

332 4206 474 4259 cium
506 4205 681 4259 Iuituri
706 4213 906 4259 essent.
932 4204 1266 4272 Quapropter
1292 4202 1337 4256 si
1366 4202 1442 4255 vis
1470 4201 1590 4255 illos
1612 4200 1785 4271 puniri
1819 4200 1937 4253 sine

333 4295 585 4351 frumenti
633 4310 788 4357 noxa,
834 4304 1082 4362 exsiiccta
1127 4304 1333 4361 tempus
1372 4303 1751 4360 opportunum.
1799 4289 1935 4357 Quid

334 4394 512 4441 autem
540 4384 682 4439 aliud
711 4386 809 4439 sibi
838 4387 948 4439 vult
975 4401 1098 4439 cum
1130 4384 1278 4447 dicit,
1316 4383 1396 4436 Ne
1420 4383 1683 4437 eradicetis
1711 4382 1864 4435 simul
1890 4390 1936 4435 et

335 4484 577 4546 triticum,
604 4499 763 4551 quam
792 4484 891 4536 hoc
916 4481 1055 4551 quod
1087 4480 1313 4534 dicimus
1340 4498 1351 4532 :
1382 4479 1437 4533 Si
1466 4494 1612 4531 arma
1644 4477 1933 4541 moveatis,

335 4584 394 4627 ut
425 4574 705 4628 haereticos
731 4573 1008 4636 occidatis,
1052 4572 1249 4625 nmltos
1286 4571 1447 4624 etiam
1478 4580 1784 4624 sanctorum
1830 4586 1935 4626 una

334 4665 503 4718 occidi
546 4679 765 4719 necesse
794 4672 909 4729 est;
943 4664 1025 4717 vel
1051 4664 1210 4716 etiam
1239 4662 1388 4714 multi
1433 4676 1500 4715 ex
1531 4662 1643 4715 istis
1682 4662 1931 4725 zizaniis,

335 4763 394 4808 ut
416 4754 706 4809 verisimile
727 4763 827 4814 est.
852 4763 1232 4807 convertentur
1259 4752 1309 4806 in
1340 4753 1699 4806 frumentum?
1719 4753 1775 4807 Si
1808 4768 1936 4823 ergo

337 4845 483 4913 prius
512 4845 630 4899 illos
656 4846 961 4909 eradicetis,
991 4844 1259 4899 frumento
1280 4846 1439 4898 etiam
1472 4855 1699 4898 venturo
1722 4846 1937 4899 nocebi-

339 4937 425 4998 tis,
454 4935 496 4988 si
531 4936 651 4990 illos
680 4936 767 5005 qui
797 4936 988 4989 nmtari
1018 4946 1070 4989 et
1098 4936 1221 4989 b0ui
1250 4936 1387 4989 effici
1421 4943 1662 5004 possant,
1696 4935 1937 4989 eradice-

338 5026 425 5080 tis.
455 5025 568 5079 Non
602 5026 758 5095 igitur
784 5026 1030 5096 prohibet
1061 5026 1340 5079 haereticos
1380 5026 1693 5094 reprimere,
1725 5025 1936 5079 illorum

322 5133 431 5171 ora
476 5118 775 5179 obstruere,
818 5118 1116 5171 libertatem
1158 5116 1408 5185 loquendi
1449 5130 1720 5175 coercere.
1764 5126 1937 5170 coetus

336 5223 522 5262 eorum
564 5208 797 5272 solvere,
846 5217 996 5277 pacta
1042 5222 1326 5276 respuere,
1359 5207 1451 5261 sed
1483 5206 1728 5262 occidere
1774 5215 1935 5259 vetat.

338 5297 418 5351 Tu
475 5314 600 5353 vero
646 5299 787 5354 illius
827 5299 1284 5353 mansuetudinem
1329 5298 1620 5368 perpende,
1667 5298 1937 5366 quomodo

338 5389 543 5443 scilicet
582 5406 686 5444 non
714 5392 1031 5443 sententiam
1076 5391 1247 5443 solum
1291 5388 1478 5443 efferat
1505 5398 1557 5442 ct
1588 5389 1795 5458 jubeat,
1842 5389 1935 5441 sed

339 5480 499 5533 etiam
531 5481 789 5535 rationem
820 5491 1071 5549 exponat.
1100 5482 1234 5547 Quid
1266 5497 1394 5549 ergo
1421 5482 1651 5545 eveniet,
1683 5482 1725 5535 si
1771 5497 1831 5536 us
1853 5496 1937 5549 me

341 5571 393 5623 in
443 5572 601 5625 linem
650 5574 849 5626 zizania
894 5573 1179 5627 maneant?
1223 5572 1363 5625 Tunc
1404 5574 1571 5625 dicam
1614 5575 1934 5639 messoribus,

343 5663 535 5730 inquit,
560 5661 792 5735 Colligite
818 5666 1035 5733 primum
1058 5666 1277 5729 zizania,
1310 5674 1356 5717 et
1380 5664 1588 5733 alligate
1613 5680 1670 5717 ea
1697 5667 1748 5716 in
1779 5666 1927 5734 fasci-

341 5754 483 5807 culas
511 5756 579 5805 ad
607 5757 1021 5810 comburendnm.
1045 5757 1284 5811 Revue-at
1312 5758 1440 5826 ipsis
1475 5760 1523 5811 in
1549 5768 1783 5811 mentem
1815 5773 1935 5809 veru

260 5856 263 5857 '
343 5843 408 5900 ba
433 5844 674 5917 Joannis,
706 5848 898 5918 quibus
929 5848 1039 5918 ipse
1067 5846 1230 5917 iudex
1262 5848 1633 5916 inducebatnr,
1661 5849 1933 5921 dicitque:

1296 427 1362 484 IN
1400 419 1809 484 ΜᾹΤἸἨᾹΣΗΜ
1851 415 2081 473 HOMIL.
2123 413 2310 469 XLVI.
2350 413 2423 469 al.
2466 410 2665 491 XLVII.

3536 404 3640 460 478
3684 468 3714 511 .

2036 526 2207 581 donec
2252 540 2420 595 prepe
2459 525 2789 578 frumentum
2831 529 2977 575 stant
3022 519 3264 585 zizania,
3311 515 3641 588 parcendum

2036 618 2167 688 ipsis
2211 631 2367 681 esse;
2415 624 2593 686 potest
2632 614 2776 669 enim
2812 614 2926 667 fieri
2954 621 3008 667 nt
3042 612 3366 666 frumentum
3398 608 3641 663 eflician-

2038 720 2140 765 tur.
2193 709 2326 764 Cum
2370 718 2549 761 autem
2582 708 2728 761 nullo
2764 715 3041 775 reportato
3072 703 3220 758 lucro
3256 700 3638 765 abscesserint,

2038 813 2166 857 tunc
2196 801 2315 856 illus
2344 800 2667 855 inevitabilis
2696 800 2829 853 ultio
2855 797 3106 867 excipiet.
3132 796 3311 849 Dicam
3340 795 3474 849 enim
3511 810 3643 847 mes-

2034 893 2250 956 soribus,
2303 893 2493 961 inquit,
2547 890 2782 961 Colligite
2824 891 3044 958 primum
3089 888 3314 941 zizania.
3362 886 3469 941 Cur
3517 884 3639 938 Pri-

2038 985 2216 1038 mum?
2250 984 2341 1055 ,Νιι
2378 992 2679 1037 terreantur
2729 983 2824 1043 illi,
2871 981 3022 1051 quasi
3060 980 3304 1033 triticum
3355 993 3475 1032 cum
3535 977 3641 1032 illis

2037 1074 2329 1129 auferatur.
2386 1074 2452 1129 Et
2496 1076 2708 1144 alligata
2748 1091 2806 1127 ea
2848 1074 2899 1126 in
2928 1072 3203 1142 fasciculos
3238 1072 3308 1124 ad
3337 1070 3639 1124 comburen-

2038 1167 2158 1219 dum
2182 1184 2199 1231 ;
2226 1167 2445 1219 triticum
2468 1177 2639 1218 autem
2670 1174 2973 1235 congregate
2997 1165 3050 1216 in
3072 1164 3327 1216 horreum.
3359 1162 3447 1215 51.
3470 1160 3641 1214 Aliam

2039 1258 2337 1325 parabolam
2376 1267 2614 1325 apposuit
2646 1258 2717 1309 eis
2748 1256 2919 1308 dicens
2954 1271 2971 1307 :
2999 1254 3181 1309 Simile
3202 1265 3274 1306 est
3301 1269 3513 1322 regnum
3541 1267 3642 1304 ca:—

2040 1348 2201 1400 lorum
2223 1364 2383 1417 grano
2411 1349 2605 1416 sinapis
2670 1350 2802 1412 Quia
2834 1348 2978 1401 enim
3008 1345 3163 1409 dixit,
3199 1361 3261 1398 ex
3295 1345 3500 1397 semine
3532 1354 3642 1397 tres

2036 1449 2217 1507 partes
2263 1440 2456 1507 perire,
2503 1455 2771 1508 unamque
2821 1438 3049 1503 servari,
3088 1446 3142 1490 et
3193 1438 3242 1488 in
3293 1436 3391 1489 hac
3429 1449 3643 1504 quoque

2038 1541 2247 1583 servata
2284 1542 2433 1598 parte
2462 1540 2540 1584 tot
2569 1540 2823 1598 tantaque
2864 1530 3146 1583 imminere
3188 1528 3530 1593 detrimenta,
3576 1544 3643 1580 ne

2036 1620 2296 1680 dicerent.
2320 1622 2383 1676 Et
2411 1623 2626 1692 quinam
2658 1634 2965 1692 quantoque
2986 1637 3213 1676 numero
3244 1620 3425 1674 fideles
3451 1621 3644 1675 erunt?

2038 1711 2181 1765 hunc
2219 1728 2431 1781 quoque
2478 1724 2680 1767 metum
2720 1713 2915 1778 aufert,
2960 1714 3081 1766 illos
3113 1728 3208 1779 per
3232 1712 3541 1783 parabolam
3573 1711 3644 1764 si-

2038 1804 2192 1871 napis
2240 1803 2303 1857 ad
2352 1803 2509 1858 fidem
2554 1804 2830 1867 inducens,
2872 1803 3273 1872 ostendenSque
3304 1801 3643 1871 praedicatio-

2038 1911 2162 1950 nem
2204 1895 2400 1967 ubique
2443 1911 2788 1965 pervasuram
2831 1911 2971 1950 esse.
3014 1896 3139 1950 Ideo
3167 1896 3327 1950 oleris
3356 1896 3643 1964 imaginem

2040 1987 2092 2040 in
2128 1986 2361 2041 medium
2391 1987 2615 2041 adduxit
2642 1986 2764 2042 huic
2793 1996 3111 2056 argumento
3139 1986 3427 2040 admodum
3449 2001 3647 2056 oppor-

2042 2086 2222 2131 tunam
2251 2095 2263 2130 :
2296 2078 2387 2133 52.
2434 2078 2584 2143 Quod
2620 2079 2787 2132 minus
2814 2086 2905 2143 est,
2950 2079 3141 2147 inquit,
3174 2079 3406 2132 omnibus
3435 2079 3645 2132 seniiui-

2040 2170 2168 2234 bus;
2194 2186 2309 2223 cum
2330 2182 2495 2223 autem
2519 2173 2745 2233 creverit,
2780 2172 2948 2239 majus
2974 2181 3046 2224 est
3074 2171 3306 2225 omnibus
3328 2172 3565 2234 oleribus,
3599 2181 3646 2225 et

2041 2260 2097 2329 ﬁt
2122 2260 2294 2325 arbor,
2324 2262 2395 2313 ita
2423 2271 2476 2313 ut
2505 2260 2735 2315 volucres
2762 2262 2873 2315 εωιί
2900 2263 3117 2321 veniant.
3151 2271 3195 2315 et
3233 2263 3286 2315 in
3335 2263 3491 2316 ramis
3536 2265 3647 2333 ejus

2041 2352 2265 2405 habitent
2327 2352 2706 2421 Magnitudinis
2749 2354 2892 2407 enim
2942 2354 3196 2408 iudicium
3235 2354 3514 2410 declarare
3547 2370 3643 2410 vo-

2041 2443 2157 2497 luit.
2193 2443 2319 2509 Sic,‘
2350 2445 2541 2515 inquit,
2590 2453 2645 2499 et
2689 2446 2740 2499 in
2793 2446 3178 2515 praedii-alioue
3203 2449 3325 2501 erit.
3370 2446 3501 2500 Nam
3529 2463 3647 2500 om-

2042 2534 2189 2589 nium
2223 2536 2573 2590 iulirmisnimi
2610 2546 2762 2590 erant
2806 2536 3090 2604 discipuli,
3150 2539 3499 2605 onmiumque
3544 2539 3645 2591 iiii-

2041 2629 2170 2683 nimi
2202 2646 2215 2679 :
2250 2639 2485 2683 attamen
2528 2634 2649 2700 quia
2697 2645 2887 2699 magna
2923 2630 2974 2683 in
3019 2630 3146 2698 ipsis
3176 2632 3342 2685 virtus
3382 2640 3517 2691 erat,
3552 2647 3647 2702 per

2042 2728 2211 2775 totum
2240 2722 2425 2777 orbem
2456 2721 2624 2777 effusa
2652 2731 2756 2777 est.
2796 2722 3001 2775 Deinde
3031 2723 3131 2777 sub
3160 2722 3258 2776 bac
3290 2723 3521 2793 imagine
3544 2724 3648 2777 ler-

2041 2822 2281 2868 mentutn
2315 2815 2509 2883 posuit,
2543 2814 2729 2868 dicens
2761 2831 2773 2866 :
2805 2813 2895 2868 55.
2932 2811 3116 2867 Simile
3143 2824 3213 2868 est
3239 2830 3452 2884 regnum
3491 2814 3647 2867 cario-

2042 2920 2158 2958 rum
2178 2908 2447 2976 fermento,
2474 2907 2611 2975 quod
2640 2918 2900 2976 acceptum
2932 2905 3116 2960 mulier
3145 2907 3408 2961 abscondit
3431 2908 3484 2959 in
3516 2906 3647 2973 fari-

2043 3014 2124 3052 na:
2163 3001 2288 3053 satis
2330 3000 2510 3071 tribus,
2557 2999 2718 3053 donec
2762 3004 3127 3070 fermentatum
3161 3012 3235 3054 est
3272 3010 3453 3054 totum.
3500 3001 3648 3056 Sicut
3708 3046 3716 3054 .

2044 3093 2187 3146 enim
2233 3090 2558 3146 fermentum
2599 3092 2781 3145 multa:
2827 3090 3012 3145 lat-ina:
3042 3092 3148 3144 vim
3178 3107 3330 3146 Suam
3362 3090 3529 3157 itidit,
3572 3093 3649 3147 sic

2044 3192 2100 3236 ct
2125 3198 2225 3238 vos
2253 3192 2419 3236 totum
2454 3184 2710 3236 mundum
2738 3182 3091 3237 convertetis.
3135 3183 3199 3236 Et
3241 3182 3362 3236 vide
3410 3182 3650 3253 pruden-

2044 3273 2194 3328 tiam.
2238 3273 2453 3328 Natura:
2492 3274 2750 3343 imagines
2789 3273 2973 3337 all'ert;
3014 3288 3121 3342 quo
3147 3273 3414 3339 ostendat,
3446 3286 3501 3328 ut
3536 3274 3651 3329 lucc

2044 3366 2339 3421 secundum
2393 3365 2694 3419 naturalem
2748 3380 2928 3417 rerum
2977 3366 3175 3418 seriem
3223 3367 3532 3419 necessario
3578 3366 3651 3422 ita

2045 3458 2200 3523 fiunt,
2242 3459 2320 3512 sic
2368 3467 2423 3513 et
2468 3457 2589 3511 ista.
2642 3456 2718 3511 Ne
2756 3455 2885 3510 mihi
2912 3456 3115 3511 dixeris
3143 3473 3157 3510 :
3185 3456 3321 3523 Quid
3353 3458 3653 3527 poterimus

2043 3552 2326 3607 duodecim
2357 3550 2606 3605 homines
2638 3550 2692 3603 in
2722 3558 2925 3604 tantam
2962 3549 3363 3604 multitudinem
3411 3550 3651 3606 inciden-

2044 3643 2166 3699 tes?
2204 3642 2335 3696 Nam
2377 3641 2610 3711 idipsum
2652 3641 2885 3696 maxime
2924 3641 3177 3696 virtutem
3207 3650 3438 3695 vestram
3468 3642 3652 3711 splen-

2043 3732 2224 3789 didam
2267 3732 2462 3797 reddit,
2496 3732 2639 3802 quod
2671 3732 2998 3786 multitudini
3028 3730 3249 3786 admixti
3276 3748 3381 3786 non
3413 3731 3649 3803 fugiatis.

2042 3825 2505 3893 QuemMmodmn
2535 3834 2591 3881 et
2616 3824 2940 3881 fermentum
2970 3833 3097 3879 tunc
3142 3838 3375 3878 massam
3416 3824 3651 3879 fermen.

2045 3926 2142 3979 tat.
2181 3933 2303 3972 cum
2352 3916 2539 3971 farina:
2583 3916 2940 3981 admovetur;
2983 3930 3085 3971 nec
3116 3915 3277 3970 modo
3302 3915 3644 3981 admovetur,

2041 4010 2137 4066 sed
2185 4010 2253 4063 ita
2296 4019 2353 4063 ut
2391 4009 2713 4073 misceatur;
2764 4022 2868 4062 non
2918 4008 3061 4062 enim
3116 4007 3433 4075 simpliciter
3475 4006 3646 4073 dixit,

2046 4102 2246 4160 Posuit.
2274 4102 2391 4168 sed,
2419 4101 2692 4154 Abscondit
2715 4117 2733 4154 :
2764 4101 2842 4154 sic
2870 4108 2925 4153 et
2949 4092 3045 4153 vos
3068 4099 3378 4169 agglutinati
3408 4110 3461 4154 et
3478 4099 3649 4168 juncti

2044 4212 2166 4252 cum
2200 4194 2641 4263 impugnantibus
2667 4208 2785 4252 vos.
2830 4193 2983 4261 ipsos
3014 4191 3360 4260 superabitis.
3408 4191 3474 4244 Et
3510 4192 3650 4245 sicut

2046 4286 2173 4342 illud
2204 4286 2450 4341 obruitur
2479 4286 2527 4338 in
2561 4299 2757 4347 massa,
2790 4283 2885 4338 sed
2916 4298 3022 4336 non
3054 4282 3294 4352 perditur
3314 4322 3329 4347 ,
3381 4282 3473 4337 sed
3516 4298 3650 4353 pau-

2046 4380 2191 4433 latim
2218 4379 2311 4431 toti
2346 4391 2537 4430 massa:
2568 4376 2669 4429 vim
2702 4390 2853 4429 suam
2893 4375 3026 4428 indit
3062 4393 3075 4429 :
3108 4375 3338 4441 idipsum
3372 4374 3423 4428 in
3451 4375 3646 4444 prmdi-

2042 4471 2251 4525 catiOne
2291 4470 2583 4536 continget.
2620 4466 2698 4520 Ne
2738 4467 2914 4535 itaque
2958 4466 3081 4535 quia
3129 4466 3327 4518 multas
3377 4480 3647 4519 :erumnas

2044 4562 2289 4633 prmdixi,
2342 4561 2461 4614 ideo
2507 4560 2742 4613 timentis
2776 4577 2789 4612 :
2823 4575 2946 4613 nam
2979 4560 3055 4613 sic
3093 4558 3360 4627 splendidi
3404 4559 3554 4611 eritis
3596 4567 3652 4613 et

2026 4654 2222 4711 omnia
2275 4650 2618 4718 superabitis.
2672 4649 2795 4702 Tria
2828 4664 2988 4719 porro
3018 4658 3130 4704 Sata
3162 4649 3246 4701 bie
3287 4648 3452 4701 nmlta
3479 4649 3648 4717 signi-

2047 4745 2237 4805 ﬁcant;
2287 4745 2427 4796 hunc
2453 4744 2651 4811 quippe
2680 4757 2961 4795 utnuermn
2996 4744 3136 4794 solet
3174 4756 3271 4811 pro
3307 4742 3650 4796 multitudine

2044 4835 2320 4889 adbibere.
2371 4832 2448 4887 Ne
2497 4834 2707 4886 mireris
2757 4842 2958 4894 autem,
3005 4832 3050 4885 si
3090 4830 3159 4885 de
3195 4846 3363 4901 regno
3401 4833 3655 4901 loquens,

2043 4944 2267 4999 granum
2312 4939 2364 4981 et
2408 4928 2729 4980 fermentum
2777 4934 3063 4987 memoret,
3114 4923 3420 4978 hominibus
3451 4926 3650 4994 quippe

2045 5022 2360 5091 loquebatur
2398 5018 2658 5085 imperitis
2700 5026 2754 5069 et
2800 5017 3018 5084 ignaris,
3063 5031 3198 5086 quos
3236 5032 3372 5084 opus
3411 5025 3527 5070 erat
3568 5016 3649 5068 his

2044 5112 2196 5181 erigi.
2234 5111 2466 5165 Nantita
2498 5108 2769 5176 simplices
2803 5116 2978 5170 erant,
3011 5116 3067 5160 ut
3100 5118 3282 5176 postea
3316 5107 3478 5161 multa
3513 5122 3649 5175 Opus

2046 5205 2307 5258 baberent
2348 5201 2811 5269 interpretatione.
2862 5201 2961 5255 Ubi
2994 5202 3405 5271 suutgeutiles?
3446 5201 3646 5255 Christi

2046 5297 2297 5349 virtutem
2325 5294 2585 5354 ediscant,
2617 5308 2796 5345 rerum
2820 5293 3103 5345 veritatem
3130 5293 3563 5362 conspicientes;
3598 5303 3654 5347 et

2048 5387 2146 5441 hac
2185 5396 2408 5453 utraque
2453 5385 2521 5438 de
2567 5398 2729 5437 causa
2781 5383 2929 5437 illum
2976 5383 3223 5450 adorent,
3274 5393 3329 5437 et
3358 5384 3498 5451 quod
3538 5400 3651 5438 rem

2051 5487 2249 5532 tantam
2293 5475 2625 5544 pra-dixerit,
2679 5483 2734 5528 et
2777 5473 2918 5543 quod
2965 5475 3106 5527 illam
3150 5476 3473 5543 impleverit.
3520 5474 3652 5534 Nam

2048 5572 2161 5640 ipse
2192 5578 2274 5624 est
2300 5568 2391 5639 qui
2421 5570 2523 5621 vim
2554 5567 2821 5621 fermento
2853 5568 3005 5620 indit.
3046 5568 3171 5622 ideo
3200 5568 3527 5622 multitudini
3560 5568 3654 5621 ad-

2049 5663 2261 5716 miscuit
2303 5678 2397 5715 cos
2437 5660 2526 5729 qui
2571 5660 2623 5714 in
2673 5675 2731 5714 se
2780 5642 3095 5725 credebant,
3145 5668 3202 5713 ut
3242 5659 3651 5728 intelligentiam

2049 5765 2288 5810 nostram
2320 5764 2506 5808 mutuo
2538 5753 2835 5808 tradamus.
2880 5752 3049 5807 Nemo
3076 5754 3142 5807 de
3180 5752 3446 5822 paucitate
3474 5752 3651 5806 causi-

2053 5848 2264 5903 llcetur.
2317 5845 2473 5900 Multa
2522 5844 2721 5915 quippe
2761 5852 2845 5898 est
2893 5842 3291 5914 pl'iCdiCilliOlliS
3344 5842 3542 5901 virtus;
3594 5850 3649 5897 ct
