4046 6440
474 349 570 402 179

469 461 610 531 quod
655 459 822 514 semel
865 457 1236 511 fermentatum
1285 464 1398 520 est,
1448 452 1764 510 fermentum
1819 453 2036 523 reliquis

469 553 714 608 efficitur.
764 551 842 603 Ac
883 546 1322 614 quemadmodum
1361 547 1588 601 scintilla
1629 560 1750 599 cum
1799 546 1851 598 in
1899 545 2037 613 ligna

468 643 669 706 incidit,
710 640 982 695 combusta
1024 640 1074 692 in
1102 638 1368 692 flammam
1413 638 1696 700 com-ertit,
1722 647 1774 691 et
1815 637 1892 690 sic
1935 636 2036 688 alia

469 733 707 788 invadit:
742 734 811 785 ita
838 742 891 785 et
918 731 1242 800 praedicatio.
1290 730 1406 783 Non
1444 728 1577 782 dixit
1609 735 1782 780 tamen
1818 727 1990 796 ignem
2017 767 2033 789 ,

465 823 557 876 sed
585 821 933 884 fermentum;
968 836 1129 888 «mare
1149 813 1176 871 ?'
1196 820 1324 885 Quia
1356 818 1422 871 ibi
1454 832 1557 871 non
1604 825 1769 869 totum
1811 816 1878 868 ab
1917 817 2036 883 igne

465 916 655 978 oritur,
696 914 788 967 sed
838 913 993 978 simul
1039 913 1196 965 etiam
1239 926 1267 963 a
1295 910 1450 977 lignis
1479 909 1748 973 incensis;
1796 909 1880 962 hic
1909 924 2034 961 vero

464 1009 778 1060 fermentum
831 1019 924 1072 per
965 1020 1023 1057 se
1072 1013 1236 1056 totum
1278 1000 1460 1056 efficit.
1508 1001 1660 1066 Quod
1704 1001 1748 1055 si
1793 1001 2034 1054 homines

461 1099 739 1150 duodecim
783 1105 947 1150 totum
975 1096 1158 1149 orbem
1183 1095 1592 1156 fermentarunt,
1639 1094 1811 1163 cogita
1840 1101 2031 1160 quanta

461 1192 526 1242 sit
561 1190 788 1257 nequitia
823 1198 1020 1252 nostra,
1065 1187 1223 1256 quod,
1274 1202 1391 1240 cum
1421 1195 1566 1239 tanto
1596 1199 1814 1239 numero
1843 1185 2028 1250 simus,

466 1295 567 1331 non
614 1293 892 1347 possumus
928 1287 1100 1330 tamen
1143 1291 1236 1329 eos
1275 1278 1361 1344 qui
1399 1283 1686 1344 supersunt
1721 1273 2026 1372 emendare,

461 1386 592 1439 quos
618 1370 938 1440 oportuisset
965 1368 1046 1422 vel
1075 1368 1217 1422 mille
1244 1365 1456 1421 mundis
1481 1364 1546 1418 ad
1569 1363 2029 1418 fermentationem

462 1463 720 1516 suftiecre.
1214 1547 1225 1556 _
1382 1547 1392 1556 _
1673 1552 1682 1556 _
1973 1544 2004 1556 -.

532 1553 582 1605 3.
627 1550 745 1604 Non
777 1549 1039 1613 miracula,
1066 1549 1153 1602 sed
1181 1547 1332 1600 uirtus
1361 1545 1612 1616 Apostolis
1637 1552 1683 1597 et
1705 1544 1818 1597 aliis
1842 1544 2029 1596 sanctis

461 1657 623 1694 rerum
670 1640 1060 1708 magnitudinem
1108 1638 1334 1690 contulit.
1380 1663 1448 1674 —-
1501 1638 1600 1698 At,
1653 1633 2026 1735 lllﬂll‘leS,.llli

459 1729 677 1797 apostoli
720 1738 891 1782 erant.
948 1726 1014 1780 Et
1039 1726 1162 1795 quid
1189 1725 1436 1780 hoc‘est?
1479 1725 1665 1777 Annon
1694 1723 1877 1777 eadem
1917 1723 2027 1789 ipsa

457 1834 558 1886 qua
588 1826 640 1870 tu
667 1816 970 1871 eottditione
998 1814 1194 1868 erant?
1224 1828 1398 1866 nonne
1440 1814 1489 1865 in
1518 1811 1815 1867 civitatibus
1844 1825 2026 1864 versa-

459 1906 687 1960 bantur?
731 1920 904 1958 annon
951 1903 1257 1958 eorumdem
1305 1912 1581 1956 consortes
1618 1900 1810 1972 erant?
1847 1914 2025 1952 annon

458 2007 599 2049 artes
645 1995 1005 2049 exercebant?
1048 2010 1172 2046 mnu
1204 1989 1596 2061 augeli'erant?
1645 2006 1768 2044 num
1800 2005 1862 2044 ex
1895 1989 2026 2043 cmlo

455 2084 874 2141 descenderant?
916 2083 1038 2149 Sed,
1073 2084 1297 2150 inquies,
1332 2082 1480 2150 signa
1511 2082 1763 2135 feeetant.
1809 2079 1922 2133 Non
1949 2079 2020 2132 si-

455 2193 554 2249 gna
583 2187 728 2231 certe
759 2178 902 2243 ipsos
928 2174 1194 2228 mirabiles
1219 2173 1526 2227 effecerunt.
1556 2170 1841 2242 Usquequo
1866 2172 2025 2224 mira-

455 2270 586 2324 culis
631 2269 732 2321 illis
779 2267 844 2321 ad
887 2267 1142 2337 ignaviam
1185 2274 1420 2319 nostram
1458 2263 1734 2333 tegendam
1778 2263 2023 2317 utemur?

457 2357 589 2413 Vide
614 2365 915 2412 sanctorum
943 2357 1184 2421 chormn,
1233 2355 1321 2423 qui
1357 2369 1463 2408 non
1491 2354 1760 2407 miraculis
1785 2352 2021 2406 illis'ful-

453 2452 540 2503 sit.
587 2449 731 2502 Multi
759 2449 898 2502 enim
926 2447 1012 2516 qui
1039 2445 1310 2500 daunones
1341 2444 1626 2512 ejecerant,
1669 2445 1788 2512 quia
1825 2442 2023 2512 iniqui-

453 2548 612 2592 tatem
648 2539 849 2604 operati
890 2545 1030 2597 sunt,
1074 2532 1344 2587 mirabiles
1374 2547 1478 2585 non
1508 2528 1738 2596 fuerunt,
1771 2531 1864 2586 sed
1891 2547 2018 2601 sup-

454 2625 621 2695 pliciis
661 2633 782 2679 sunt
818 2622 1012 2678 allecti.
1057 2621 1291 2691 Ecquid,
1340 2621 1579 2689 inquies,
1627 2621 1747 2675 illos
1801 2637 2018 2691 magnos

451 2713 660 2769 effecit?
698 2714 1042 2781 Contemptus
1084 2711 1444 2779 pecmiarum,
1498 2727 1645 2764 vana:
1691 2712 1871 2779 gloria:
1917 2712 2016 2766 de-

450 2813 682 2874 spectus,
706 2802 1054 2872 sequestratio
1082 2816 1113 2855 a
1137 2801 1292 2856 bonis
1321 2801 1681 2855 saecularibus.
1715 2802 1812 2870 Qui
1838 2804 1880 2856 si
1903 2802 2018 2858 lucc

450 2912 554 2949 non
584 2894 912 2956 habuissent,
944 2892 1035 2947 sed
1059 2894 1222 2946 animi
1249 2892 1449 2946 morbis
1475 2893 1792 2961 paruissent,
1811 2895 2014 2948 etiamsi

446 2993 724 3038 sexcentos
763 2993 1002 3036 mortuos
1045 2981 1408 3045 suscitassent,
1454 2996 1562 3036 non
1591 2982 1748 3036 modo
1775 2983 1840 3037 ad
1872 2983 2013 3036 nihi-

447 3075 553 3128 lum
581 3075 738 3127 utiles
769 3072 1010 3137 fuissent,
1058 3071 1152 3125 sed
1196 3071 1355 3124 etiam
1385 3071 1695 3141 deceptores
1721 3083 1774 3127 et
1797 3071 2012 3128 fallaces

454 3158 618 3219 habiti
650 3159 897 3214 fuissent.
918 3157 1008 3214 Sic
1023 3168 1166 3214 certe
1191 3161 1298 3213 vita
1324 3161 1439 3228 ipsa
1457 3170 1538 3214 est
1553 3175 1673 3229 quae
1688 3159 1884 3227 ubique
1908 3158 2014 3210 fol-

452 3255 558 3316 get,
576 3263 695 3316 quae
707 3250 866 3302 etiam
889 3247 1120 3316 Spiritus
1132 3249 1355 3318 gratiam
1371 3248 1610 3330 attraxit.
1629 3247 1782 3313 Quod
1796 3247 2010 3316 signum

453 3337 578 3392 fecit
609 3337 866 3402 Joannes,
902 3339 992 3408 qui
1029 3347 1109 3394 tot
1139 3339 1383 3394 civitates
1403 3338 1508 3416 sibi
1539 3337 1816 3392 devinxit?
1850 3336 2006 3404 Quod

442 3427 582 3481 enim
612 3427 921 3482 miraculum
953 3428 1424 3493 nullum'ediderit,
1469 3431 1591 3485 audi
1633 3432 2010 3501 evangelistam

440 3518 700 3572 dicentem
734 3535 746 3570 :
779 3516 1002 3572 Joannes
1026 3519 1224 3586 quidem
1248 3518 1444 3572 nullum
1470 3521 1584 3586 fecit
1611 3521 1808 3590 signum
1831 3522 2008 3591 (Joan.

440 3608 524 3662 10.
555 3609 665 3675 41).
699 3607 848 3662 Unde
873 3605 1209 3663 admirandus
1236 3607 1336 3663 fuit
1363 3609 1573 3663 Helias?
1601 3613 1786 3664 Annon
1816 3628 1845 3666 a
1876 3612 2011 3666 fidu-

439 3699 538 3760 cia,
563 3712 662 3766 qua
681 3713 855 3767 regem
874 3699 1116 3752 monuit?
1140 3713 1316 3752 annon
1344 3714 1372 3752 a
1400 3699 1518 3753 zelo
1544 3715 1640 3753 suo
1662 3715 1783 3770 erga
1810 3702 2008 3757 Deum?

438 3804 610 3842 annon
641 3805 666 3842 a
701 3799 1032 3858 paupertate,
1058 3805 1086 3842 a
1117 3790 1333 3856 melote,
1381 3807 1410 3843 a
1439 3793 1712 3862 spelunca,
1749 3807 1778 3845 a
1810 3795 2005 3848 monti-

437 3878 534 3932 bus
555 3879 720 3934 ?Nam
742 3881 889 3951 signa
919 3882 1093 3934 omnia
1124 3891 1240 3949 post
1267 3881 1379 3935 haec
1404 3881 1543 3936 fecit.
1568 3882 1687 3937 Jobi
1714 3900 1837 3938 vero
1863 3886 2003 3956 quod

437 3972 641 4040 signum
688 3973 869 4028 videns
921 3974 1161 4028 diabolus
1202 3974 1598 4041 obstupefactus
1636 3979 1755 4032 est?
1784 3979 2000 4047 Signum

434 4075 578 4116 certe
607 4063 827 4127 nullum,
858 4065 952 4119 sed
979 4065 1138 4119 vitam
1173 4065 1503 4135 prmclaram,
1532 4068 1838 4136 patientiam
1869 4071 2000 4126 ada-

437 4161 610 4209 mante
644 4153 832 4220 quovis
894 4153 1201 4208 firmiorem.
1232 4153 1384 4219 Quod
1410 4155 1616 4223 signum
1651 4157 1808 4210 David
1839 4158 1960 4211 fecit
1983 4199 1998 4224 ,

428 4242 638 4311 juvenis
682 4257 800 4295 cum
846 4254 1008 4306 esset,
1057 4253 1112 4297 ut
1160 4245 1297 4298 Deus
1341 4245 1586 4299 diceret:
1621 4243 2002 4312 lnveniDavid,

433 4333 593 4400 ﬁlium
617 4332 959 4396 Jees¢,'virum
983 4337 1255 4388 secundum
1280 4351 1367 4389 cor
1391 4352 1555 4388 meum
1586 4338 1722 4405 (Act.
1758 4338 1838 4394 13.
1867 4337 2001 4405 22)?

430 4425 713 4489 Abraham,
744 4426 886 4480 Isaac
906 4434 958 4480 et
983 4424 1145 4479 Jacob
1171 4442 1325 4494 quem
1355 4437 1622 4481 mortuum
1646 4431 1997 4484 suscitarunt?

430 4531 585 4586 quem
617 4517 882 4585 leprosum
911 4516 1266 4569 mandarunt?
1312 4520 1390 4569 An
1422 4518 1653 4585 ignoras,
1695 4519 1861 4588 signa,
1896 4522 1997 4577 nisi

429 4608 724 4676 vigilemus,
773 4608 1082 4678 plerumque
1112 4609 1346 4662 nocere?
1387 4609 1475 4663 Sic
1511 4611 1658 4663 multi
1687 4611 1996 4668 Corinthio-

428 4712 544 4750 rum
573 4696 661 4750 alii
687 4695 754 4749 ab
781 4697 898 4751 aliis
937 4696 1142 4750 discissi
1172 4706 1295 4750 sunt
1321 4715 1333 4749 :
1363 4698 1439 4751 sic
1465 4700 1611 4752 multi
1633 4699 1994 4759 Romanorum

427 4788 797 4855 superbieruut
851 4805 866 4840 :
915 4789 993 4841 sic
1032 4787 1216 4842 Simon
1256 4788 1457 4857 ejectus
1506 4797 1609 4843 est.
1645 4791 1731 4846 Sic
1776 4794 1866 4847 ille
1906 4795 1996 4862 qui

374 4936 377 4940 1
425 4873 695 4929 Christum
725 4875 874 4944 sequi
907 4885 1202 4945 optaverat,
1247 4877 1561 4945 reprobatus
1605 4889 1704 4946 est,
1748 4881 1990 4950 audiens,

437 4963 619 5032 Vulpes
648 4968 812 5033 foveas
839 4965 1040 5030 habent,
1071 4974 1118 5017 et
1149 4963 1371 5019 uolucres
1394 4968 1504 5020 cwli
1532 4968 1676 5022 nidos
1696 4970 1905 5038 (Matth.
1937 4973 1990 5028 8.

422 5055 523 5120 20;
556 5056 680 5108 Luc.
712 5057 762 5111 9.
794 5055 905 5126 58).
940 5057 1138 5111 llorum
1169 5059 1379 5127 singuli,
1408 5062 1518 5116 sive
1541 5063 1681 5131 quod
1705 5067 1953 5133 pecunias
1975 5109 1988 5133 ,

421 5148 532 5201 sive
573 5145 714 5214 quod
757 5147 980 5216 gloriam
1009 5162 1074 5201 ex
1112 5147 1276 5216 signis
1317 5162 1636 5219 qumrerent,
1683 5156 1993 5214 exciderunt

419 5245 474 5290 et
527 5237 814 5304 perierunt.
875 5235 1011 5292 Vita:
1056 5247 1233 5292 autem
1300 5249 1543 5295 accurata
1592 5246 1882 5313 sanctitas,
1936 5259 1992 5303 et

422 5328 669 5381 virtutum
719 5344 870 5382 amor
913 5343 1017 5383 non
1060 5331 1218 5384 modo
1259 5346 1363 5386 non
1403 5334 1538 5401 parit
1579 5335 1737 5390 talem
1781 5339 1988 5408 cupidi-

422 5427 606 5481 tatem,
654 5417 748 5473 sed
777 5419 822 5474 si
851 5419 989 5473 adsit
1015 5418 1205 5474 aufert.
1253 5420 1367 5490 Ipse
1401 5439 1525 5480 vero
1549 5425 1816 5493 Christus,
1865 5447 1986 5487 eum

416 5508 561 5577 luges
588 5508 741 5562 daret
761 5510 1049 5578 discipulis,
1073 5512 1198 5581 quid
1227 5513 1435 5570 dicebat
1454 5517 1476 5570 ?
1496 5533 1584 5583 an,
1615 5519 1772 5589 Signa
1805 5521 1984 5591 facite,

421 5607 474 5649 ut
500 5596 713 5651 videant
738 5598 1017 5654 homines?
1060 5602 1399 5674 Nequaquam
1434 5625 1446 5659 :
1483 5608 1576 5663 sed
1606 5611 1771 5679 quid?
1797 5612 1983 5670 Luceat

418 5687 507 5741 tua:
543 5699 703 5743 vestra
744 5706 912 5746 coram
953 5690 1348 5766 honuinibus,.ut
1388 5698 1587 5756 videant
1629 5719 1782 5773 opera
1819 5718 1982 5765 vestra

1198 341 1252 396 S.
1292 340 1567 396 JUANNIS
1605 338 2073 396 CIIHYSOSTOMI
2103 340 2419 402 ARCHIEP.
2449 347 2978 408 CONSTANTINOP.

3619 362 3721 419 £80

2149 456 2297 524 bona,
2338 469 2387 513 et
2417 462 2701 532 gloriﬁcent
2747 464 2957 521 Patrem
2995 477 3211 525 vestrum
3249 473 3336 533 qui
3378 474 3431 528 in
3475 478 3609 534 oculis
3648 491 3721 536 est

2144 545 2353 615 (Matth.
2381 551 2434 604 5.
2461 552 2573 621 16).
2604 555 2762 611 Petro
2785 573 2997 629 quoque
3027 575 3130 614 non
3159 562 3311 631 dixit,
3353 563 3407 620 Si
3437 583 3522 623 me
3547 585 3718 638 amas,

2143 634 2288 704 signa
2315 637 2429 704 fac;
2473 642 2589 708 sed,
2635 644 2797 700 Pasce
2834 663 2946 702 oves
2989 665 3122 704 meas
3162 651 3340 719 (Joan.
3377 656 3466 711 2!.
3502 658 3610 732 15).

2141 741 2258 781 cum
2291 745 2504 802 semper
2530 735 2676 790 illum
2703 739 2910 792 caeteris
2936 755 3229 810 praeponat,
3254 763 3355 801 una
3383 764 3501 805 cum
3523 753 3719 810 Iacobo

2140 825 2194 869 et
2223 817 2448 886 Joanne,
2498 825 2657 889 unde,
2705 844 2910 897 quaeso,
2943 837 3238 902 praeponit?
3281 855 3406 894 num
3443 856 3472 894 a
3517 845 3720 914 signis?

2140 909 2297 978 Atqui
2324 927 2510 969 omnes
2534 916 2778 985 discipuli
2807 920 3047 991 leprosos
3077 927 3422 998 mundabant,
3478 945 3718 992 mortuos

2139 1002 2507 1069 suscitabant;
2539 1009 2894 1080 omnibusque
2938 1014 3189 1071 similiter
3231 1029 3547 1087 potestatem
3592 1041 3719 1080 con-

2138 1092 2317 1145 cessit.
2351 1093 2456 1148 Cur
2483 1111 2611 1167 ergo
2653 1110 2762 1154 tres
2793 1102 2864 1156 illi
2892 1107 3402 1175 anteponebantur?
3443 1113 3523 1167 Ex
3556 1117 3717 1171 animi

2137 1196 2326 1250 nempe
2356 1185 2570 1242 virtute.
2596 1189 2782 1245 Viden’
2813 1192 3007 1264 ubique
3033 1196 3171 1252 bona
3197 1215 3331 1270 opus
3355 1218 3474 1259 esse
3507 1206 3631 1271 vita,
3663 1215 3716 1262 ct

2136 1273 2292 1326 rectis
2333 1279 2624 1343 operibus?
2667 1280 2752 1334 Ea:
2795 1284 3062 1354 fructibus,
3104 1291 3267 1359 enim,
3313 1295 3503 1364 inquit,
3543 1314 3716 1353 eorum

2132 1368 2436 1433 cognoscetis
2466 1384 2548 1424 eos
2579 1370 2788 1441 (Matth.
2817 1376 2870 1429 7.
2901 1377 3013 1449 16).

2203 1455 2255 1507 4.
2286 1456 2420 1523 Quid
2447 1468 2622 1515 autem
2647 1463 2802 1518 vitam
2835 1478 3071 1524 nostram
3099 1474 3406 1530 constituit?
3434 1479 3515 1533 An
3537 1480 3710 1551 signa,

2132 1557 2197 1597 an
2227 1546 2329 1599 vita
2359 1559 2504 1603 recte
2533 1561 2587 1605 et
2607 1568 2851 1612 accurate
2872 1562 3023 1614 acta?
3055 1562 3226 1619 Vitam
3252 1578 3398 1624 certe
3419 1585 3536 1626 esse
3559 1573 3715 1643 liqui-

2131 1633 2256 1687 dum
2285 1648 2363 1691 est
2396 1657 2409 1692 :
2442 1641 2589 1710 signa
2617 1658 2746 1699 vero
2794 1647 2916 1703 inde
2957 1651 3158 1708 ducunt
3195 1657 3551 1728 occzisionem,
3580 1672 3633 1718 et
3660 1663 3714 1723 in

2130 1739 2250 1778 cum
2279 1728 2436 1783 finem
2459 1731 2724 1787 desinunt.
2757 1737 2884 1792 Nam
2909 1742 2997 1809 qui
3016 1742 3177 1797 vitam
3201 1745 3416 1803 exhibet
3434 1754 3710 1822 optimam,

2129 1811 2266 1868 hunc
2295 1818 2392 1870 sibi
2421 1821 2635 1877 attrahit
2662 1828 2917 1895 gratiam;
2948 1833 3036 1902 qui
3066 1849 3192 1889 vero
3215 1839 3439 1907 gratiam
3471 1811 3665 1914 accipit
3689 1886 3706 1913 ,

2130 1901 2252 1958 ideo
2277 1907 2503 1976 accipit,
2539 1924 2594 1966 ut
2620 1914 2844 1972 aliorum
2876 1901 3033 1977 vitam
3063 1927 3330 1984 emendet.
3362 1930 3708 2006 Quandoqui-

2127 1991 2247 2048 dem
2277 1995 2520 2054 Christus
2545 2002 2800 2060 miracula
2830 2009 2915 2062 illa
2945 2011 3065 2067 ideo
3091 2015 3234 2079 fecit,
3268 2027 3324 2073 ut
3353 1991 3476 2077 inde
3505 1991 3713 2082 fide'di-

2124 2094 2261 2150 gnus
2282 2085 2348 2140 ad
2378 2102 2436 2144 se
2465 2089 2708 2150 homines
2734 2099 3064 2168 pertrahens,
3095 2104 3345 2164 virtutem
3373 2113 3425 2165 in
3451 2116 3707 2176 mundum

2126 2173 2421 2233 induceret.
2464 2179 2589 2237 ldeo
2631 2187 2914 2244 maximam
2951 2191 3172 2263 hujusce
3201 2199 3276 2253 rei
3307 2215 3488 2258 curam
3527 2173 3703 2264 habet.

2126 2265 2306 2335 Neque
2335 2271 2474 2325 enim
2502 2273 2629 2329 solis
2656 2278 2820 2347 signis
2846 2283 2974 2336 satis
3003 2283 3182 2352 habet,
3209 2289 3302 2345 sed
3332 2301 3386 2347 et
3409 2295 3706 2363 gehennam

2124 2357 2492 2426 comminatur,
2514 2372 2567 2416 et
2583 2379 2804 2434 regnum
2826 2372 3106 2440 promittit,
3123 2377 3304 2447 sicque
3320 2357 3707 2453 inesspectatas

2123 2447 2240 2502 illas
2270 2452 2412 2518 ponit
2444 2453 2607 2524 leges,
2639 2457 2874 2530 nihilque
2903 2479 3005 2518 non
3036 2469 3143 2537 agit
3172 2481 3226 2523 ut
3255 2487 3352 2527 nos
3379 2447 3580 2545 angelis
3603 2496 3698 2549 pa.

2123 2553 2209 2592 res
2233 2540 2444 2598 efficiat.
2477 2547 2543 2600 Et
2564 2549 2688 2615 quid
2713 2551 2852 2635 dico,
2884 2555 3148 2633 Christum
3171 2563 3346 2617 omnia
3374 2540 3700 2637 hujusce-rei

2120 2643 2278 2684 causa
2309 2631 2515 2690 facere?
2543 2637 2596 2692 Si
2625 2641 2762 2710 quis,
2797 2631 2882 2698 dic
2912 2647 3040 2701 mihi
3061 2689 3075 2714 ,
3105 2631 3373 2720 optionem
3406 2631 3496 2713 tibi
3526 2660 3700 2731 daret,

2119 2730 2212 2775 aut
2253 2733 2492 2781 mortuos
2537 2729 2587 2782 in
2634 2734 2848 2788 nomine
2875 2737 2990 2804 ejus
3019 2743 3278 2798 suscitare
3301 2787 3316 2811 ,
3353 2758 3442 2802 aut
3485 2765 3702 2822 propter

2122 2827 2313 2868 nomen
2338 2815 2456 2882 ejus
2485 2819 2654 2886 mori,
2688 2823 2808 2891 quid
2839 2830 3087 2894 optares?
3112 2832 3304 2889 Annon
3335 2815 3509 2906 palam
3536 2815 3618 2898 est
3645 2853 3699 2902 te

2118 2905 2408 2960 secundum
2437 2919 2742 2978 optaturum
2775 2919 2926 2972 esse?
2963 2923 3121 2989 Atqui
3155 2924 3280 2980 illud
3318 2905 3528 3000 signum
3553 2974 3568 3000 ,
3600 2935 3700 2995 hoc

2115 3004 2290 3048 autem
2321 3011 2453 3066 opus
2477 3009 2578 3054 est.
2611 3002 2663 3056 Si
2692 3006 2808 3072 quis
2829 3022 2958 3063 vero
2987 3010 3077 3065 tibi
3105 3014 3374 3083 optionem
3405 3036 3524 3077 cum
3552 3035 3701 3094 pote-

2116 3091 2251 3137 state
2275 3084 2424 3140 daret
2450 3088 2648 3145 frenum
2683 3093 2733 3146 in
2763 3110 2949 3151 aurum
2972 3104 3247 3169 vertendi,
3274 3119 3360 3162 aut
3393 3126 3548 3179 posse
3574 3131 3696 3171 om-

2116 3185 2212 3225 nes
2237 3173 2446 3231 divitias
2473 3189 2527 3232 ut
2557 3179 2753 3236 (mnum
2787 3189 3135 3246 conculcare?
3170 3193 3358 3253 Nonne
3389 3201 3491 3257 hoc
3520 3209 3696 3274 potius

2115 3261 2372 3329 eligeres?
2419 3267 2481 3320 Et
2503 3268 2622 3338 jure
2647 3274 2879 3340 quidem.
2920 3278 3052 3335 Nam
3081 3283 3209 3338 illud
3238 3302 3424 3345 omnes
3453 3261 3694 3354 homines

2114 3351 2345 3407 maxime
2373 3358 2720 3423 pertraheret.
2754 3364 2811 3418 Si
2837 3366 3077 3424 viderent
3105 3374 3245 3429 enim
3279 3376 3478 3434 faenum
3504 3398 3694 3442 aurum

2115 3440 2248 3506 ﬁeri,
2275 3445 2409 3499 hanc
2439 3459 2748 3516 potestatem
2778 3472 2964 3514 omnes
2989 3476 3244 3532 cuperent
3270 3469 3533 3540 obtinere,
3557 3477 3693 3534 sicut

2114 3533 2296 3589 Simon
2320 3577 2334 3601 ,
2367 3553 2752 3615 augereturque
2780 3547 3081 3608 divitiarum
3108 3557 3370 3626 cupiditas
3401 3580 3413 3616 :
3438 3566 3482 3618 si
3509 3577 3687 3624 autem
3730 3556 3734 3559 ’

2112 3624 2354 3681 viderent
2369 3645 2553 3688 omnes
2573 3649 2757 3714 aurum
2779 3649 3040 3712 tamquam
3057 3648 3256 3704 l'ceuum
3273 3652 3568 3726 despicere,
3578 3661 3689 3730 jam

2110 3715 2234 3768 olim
2259 3733 2285 3769 a
2318 3722 2502 3776 morbo
2526 3725 2730 3782 liberati
2757 3743 2957 3787 essent.

2192 3806 2304 3859 Vita
2342 3811 2472 3864 bona
2515 3830 2644 3883 quia.
2670 3847 2740 3857 —
2771 3820 2954 3876 Viden’
2985 3825 3176 3883 bonam
3203 3833 3363 3889 vitam
3392 3851 3547 3905 posse
3578 3855 3688 3895 ma-

2108 3895 2423 3965 gisjuvare?
2451 3901 2622 3960 Vitam
2645 3919 2820 3965 autem
2844 3913 2984 3982 dico,
3008 3933 3112 3973 non
3135 3895 3415 3990 jejunium,
3442 3943 3546 3983 non
3572 3945 3688 3987 sac-

2105 4002 2227 4041 cum
2255 3998 2308 4043 et
2331 3992 2564 4050 cinerem
2582 4008 2835 4070 stratum;
2864 4006 2956 4061 sed
2978 4010 3277 4069 divitiarum
3301 4029 3684 4093 contemptum,

2107 4086 2163 4130 ut
2193 4093 2288 4147 par
2308 4092 2391 4136 est
2419 4099 2509 4138 eas
2533 4098 2894 4161 contemnere,
2919 4111 3153 4156 amorem
3185 4109 3432 4174 proximi,
3457 4112 3688 4170 eleemo-

2106 4184 2290 4240 syuam
2343 4184 2396 4228 et
2443 4191 2632 4245 panem
2687 4187 2937 4241 esurienti
2986 4191 3188 4260 datum,
3239 4200 3474 4256 sedatam
3529 4205 3684 4273 iram,

2106 4259 2277 4314 inanis
2301 4262 2482 4330 gloria:
2504 4267 2886 4338 depulsionem,
2910 4277 3117 4335 invidia:
3138 4284 3572 4346 eliminatiouem.
3596 4294 3685 4350 Sie

2103 4358 2157 4403 et
2184 4350 2270 4406 ille
2292 4368 2391 4409 nos
2412 4358 2633 4412 instituit
2655 4376 2775 4415 cum
2808 4364 2941 4420 dixit
2967 4385 2980 4421 :
3012 4369 3201 4426 Discite
3225 4392 3257 4428 a
3282 4393 3378 4444 me,
3406 4382 3524 4451 quia
3550 4385 3685 4440 mitis

2103 4455 2214 4493 sum
2237 4452 2284 4496 et
2311 4447 2518 4501 humilis
2544 4451 2694 4505 corde
2723 4450 2932 4523 (Matth.
2968 4460 3054 4513 11.
3084 4461 3195 4531 29).
3225 4464 3341 4521 Νοη
3368 4447 3520 4538 dixit,
3547 4473 3680 4541 Quia

2097 4531 2352 4602 jejunavi,
2372 4538 2468 4591 etsi
2499 4552 2674 4606 posset
2697 4545 3042 4618 quadraginta
3066 4552 3179 4608 dies
3194 4555 3380 4625 jejunii
3408 4531 3679 4629 proferre:

2101 4633 2154 4675 at
2175 4639 2280 4679 non
2306 4627 2406 4682 hoc
2431 4629 2588 4696 dicit;
2622 4635 2735 4696 sed,
2764 4635 2897 4701 Quia
2917 4642 3048 4696 mitis
3073 4661 3184 4699 sum
3209 4658 3254 4700 et
3277 4627 3482 4707 humilis
3508 4657 3677 4711 corde.

2101 4710 2410 4784 Rursusque
2435 4731 2554 4772 cum
2585 4724 2729 4778 misit
2753 4741 2879 4793 eos,
2910 4745 3014 4785 non
3042 4733 3207 4802 dixit,
3239 4737 3518 4807 Jejunate:
3549 4747 3641 4800 sed
3661 4789 3678 4811 ,

2101 4799 2408 4860 .llanducate
2425 4811 2558 4877 quod
2583 4816 2858 4884 apponitur
2879 4821 3013 4876 vobis
3039 4823 3056 4890 (
3081 4799 3208 4878 Luc.
3239 4799 3333 4883 1οἷ
3353 4831 3386 4886 8
3405 4833 3445 4891 ).
3480 4799 3554 4889 De
3582 4799 3679 4906 pe:

2099 4895 2252 4948 conia
2279 4911 2406 4951 vero
2430 4913 2667 4956 severam
2698 4905 2866 4977 legem
2897 4914 3070 4979 posuit
3099 4915 3283 4972 dicens
3313 4937 3326 4972 τ
3362 4924 3538 4978 Nolite
3561 4945 3680 4996 pos-

2095 4986 2259 5040 sidere
2294 5003 2472 5044 aurum
2511 4993 2585 5046 vel
2627 5007 2920 5067 argentum,
2963 5020 3120 5074 neque
3145 5023 3214 5062 res
3241 5009 3295 5062 in
3322 5017 3463 5068 zonis
3505 5021 3675 5075 vestris

2099 5075 2322 5146 (Matth.
2348 5078 2436 5133 10.
2462 5081 2556 5153 9).
2591 5084 2712 5140 llaec
2744 5102 2904 5156 porro
2933 5091 3085 5160 dico,
3117 5112 3220 5153 non
3248 5103 3388 5171 quod
3412 5104 3672 5175 jejunium

2097 5168 2386 5238 vituperem
2410 5187 2423 5236 ;
2451 5173 2624 5239 absit;
2657 5178 2879 5235 multum
2907 5185 3103 5255 quippe
3130 5168 3288 5247 laudo
3314 5211 3328 5245 :
3356 5168 3450 5252 sed
3466 5168 3671 5271 angor,

2095 5273 2213 5312 cum
2241 5262 2396 5316 video
2417 5279 2528 5326 vos.
2561 5267 2676 5322 aliis
2705 5273 2975 5341 neglectis.
3001 5289 3187 5347 putare
3209 5284 3336 5340 illud
3363 5303 3482 5345 esse
3500 5262 3574 5347 ad
3587 5262 3675 5348 sa;

2095 5350 2255 5403 lutem
2295 5353 2444 5418 satis,
2476 5370 2595 5410 cum
2634 5366 2810 5416 tamen
2855 5367 2906 5418 in
2948 5368 3113 5425 choro
3143 5373 3395 5432 virtutum
3429 5380 3672 5440 ultimum

2096 5447 2271 5493 teneat
2292 5441 2483 5495 locum.
2515 5443 2608 5500 Ila:
2631 5451 2826 5519 quippe
2848 5457 3091 5512 maximae
3111 5471 3253 5526 sunt,
3269 5467 3482 5535 caritas,
3507 5475 3672 5542 tequi-

2095 5542 2210 5596 tas,
2257 5534 2629 5607 eleemosyna,
2676 5557 2795 5610 quae
2834 5546 2991 5602 etiam
3035 5552 3391 5621 virginitatem
3433 5575 3666 5630 superat.

2092 5621 2266 5686 Quare
2290 5625 2335 5678 si
2363 5627 2492 5680 velis
2517 5634 2769 5696 apostolis
2797 5651 2890 5704 par
2911 5655 3047 5703 esse,
3069 5644 3197 5699 nihil
3223 5649 3416 5705 obstat.
3441 5653 3500 5708 Si
3528 5657 3667 5712 illam

2100 5715 2352 5774 virtutem
2371 5720 2732 5793 amplecteris.
2772 5729 3082 5790 sullicitilla
3105 5735 3200 5794 tibi
3241 5747 3300 5794 ut
3336 5740 3468 5796 nihil
3486 5741 3668 5800 minus
