4046 6426
313 410 410 464 481

314 499 477 596 quam
500 520 727 592 apostoli
755 517 977 573 habeas.
995 513 1213 568 Nullum
1231 511 1895 583 igitursignorumexspe—

314 616 482 671 elatio
494 608 992 681 moretur.Angitur
1013 606 1225 661 diemon
1240 620 1364 659 cum
1388 604 1454 659 de
1485 614 1715 671 e0rpore
1742 597 1897 668 ejici-

314 720 403 762 tur
419 706 612 775 gmulto
628 704 800 773 magis
820 712 1000 756 autem
1015 714 1139 754 eum
1167 695 1612 751 videritanimam
1631 696 1897 761 apeccato

313 799 617 855 liberatam.
639 791 977 862 ﬂmcquippe
992 801 1075 845 est
1106 789 1252 842 illius
1278 800 1512 840 maxima
1537 784 1735 837 virtus.
1762 779 1897 833 Pro-

312 900 430 959 pter
450 896 723 957 peccatum
748 894 989 939 mortuus
1007 891 1089 936 est
1110 879 1377 942 Christus,
1403 883 1457 928 ut
1482 871 1610 928 illud
1632 870 1867 926 solveret
1892 886 1906 924 :

310 978 443 1034 illud
470 978 612 1033 enim
644 986 873 1031 mortem
910 972 1120 1028 induxit
1153 989 1166 1025 :
1201 978 1420 1039 propter
1449 964 1579 1019 illud
1608 963 1786 1017 omnia
1817 975 1908 1015 sus

308 1070 483 1139 deque
509 1083 660 1123 versa
688 1074 832 1122 sunt.
858 1064 913 1120 Si
941 1073 1217 1133 peccatum
1242 1057 1542 1118 sustuleris,
1566 1052 1764 1108 diaboli
1787 1066 1909 1106 ner-

311 1175 406 1214 vos
430 1158 723 1224 suecidisti,
751 1156 867 1227 ejus
892 1150 1047 1224 caput
1068 1149 1387 1213 contrivisti,
1417 1147 1537 1214 ejus
1561 1144 1665 1198 vim
1693 1157 1906 1198 omnem

308 1250 512 1305 solvisti
538 1288 554 1315 ,
585 1248 879 1304 exercitum
908 1247 1055 1301 illum
1081 1240 1348 1311 dissipasti
1370 1279 1383 1302 ,
1425 1238 1637 1305 signum
1666 1231 1907 1285 omnium

307 1342 581 1412 signorum
604 1341 893 1407 maximum
916 1334 1223 1393 exbibuisti.
1250 1330 1367 1386 Non
1396 1343 1549 1383 meus
1574 1336 1656 1380 ρει
1682 1322 1768 1377 hic
1796 1336 1910 1376 ser-

307 1432 420 1499 mo,
450 1433 545 1487 sed
577 1433 715 1488 beati
746 1432 894 1486 Pauli
921 1449 933 1483 :
961 1444 1084 1483 cum
1114 1426 1337 1481 dixisset
1360 1423 1526 1485 enim,
1561 1416 1911 1473 ίΕηιιιιαηιὶηί

308 1524 613 1577 charismata
640 1520 871 1585 meliora,
904 1530 951 1574 et
976 1518 1144 1572 adhuc
1170 1514 1306 1570 vobis
1335 1509 1744 1567 excellentiorem
1774 1506 1910 1559 viam

308 1615 644 1670 demonstravi
669 1614 687 1685 (
709 1615 759 1668 I.
785 1613 903 1667 Cor.
940 1611 1024 1667 12.
1059 1612 1118 1665 51
1150 1607 1193 1681 ),
1222 1622 1327 1663 non
1358 1602 1634 1673 subjunxit
1669 1603 1905 1670 signum,

308 1706 402 1760 sed
424 1707 696 1760 caritatem
718 1705 955 1759 onmium
980 1702 1211 1757 radicem
1236 1699 1520 1754 bonorum.
1543 1693 1599 1748 Si
1621 1706 1750 1761 ergo
1771 1691 1907 1743 haue

308 1810 674 1862 exerceamus,
694 1804 748 1849 et
770 1793 1159 1863 philosophiam
1176 1804 1390 1845 omnem
1414 1786 1537 1841 inde
1559 1791 1903 1854 sequentem;

308 1902 416 1942 non
442 1902 575 1956 opus
607 1887 920 1941 habebimus
943 1888 1106 1955 signis
1131 1903 1142 1938 :
1171 1884 1308 1938 sicut
1332 1881 1377 1936 si
1400 1895 1505 1934 non
1529 1887 1897 1936 exerceamus,

1189 393 1252 450 IN
1290 389 1705 450 MATTIIASUM
1753 385 1991 443 HOMIL.
2053 383 2261 441 XLVII.
2302 384 2375 440 al.
2417 381 2650 440 XLVIII.
3522 379 3628 433 IS!

2016 496 2151 552 nihil
2178 496 2336 553 nobis
2362 495 2514 565 signa
2542 495 2862 565 proderunt.
2912 489 3040 547 Haec
3065 490 3247 565 itaque
3277 485 3459 545 omnia
3484 502 3629 558 Cogt-

2017 596 2211 653 tantes,
2233 602 2299 641 ex
2320 584 2513 656 quibus
2537 581 2765 654 apostoli
2786 581 2965 651 magni
2987 587 3298 644 evaserunt,
3322 581 3439 634 haec
3459 595 3627 633 mtuu-

2016 682 2205 735 lemur.
2236 677 2516 734 Undenam
2539 677 2615 730 illi
2642 677 2818 745 magni
2843 673 3024 729 ell‘eeti
3054 672 3213 727 sunt?
3240 673 3378 727 Audi
3407 672 3625 728 Petrum

2016 772 2282 826 dicentem
2314 787 2327 823 :
2348 766 2482 822 Ecce
2505 783 2597 821 nos
2623 767 2921 836 reliquimus
2941 766 3136 831 omnia,
3159 773 3207 817 et
3230 764 3427 834 sequuti
3451 781 3629 818 sumus

2017 872 2065 916 te
2086 877 2105 915 :
2127 861 2250 932 quid
2275 876 2393 930 ergo
2418 860 2512 913 erit
2541 840 2685 913 nobis
2717 855 2931 929 (Matth.
2954 858 3042 913 19.
3068 857 3201 929 27)?
3232 854 3369 911 Audi
3391 866 3446 911 et
3466 856 3627 912 Chri-

2014 964 2157 1009 stum
2185 955 2316 1021 ipsis
2344 954 2610 1007 dicentem
2644 969 2658 1005 :
2682 950 2944 1005 ASedebitis
2973 966 3127 1021 super
3155 951 3297 1004 sedes
3323 949 3627 1017 duodecim;

2015 1057 2091 1114 et,
2128 1047 2442 1117 Quicumque
2462 1044 2721 1111 reliquerit
2742 1044 2948 1099 domum
2975 1046 3052 1098 vel
3073 1047 3281 1114 fratres,
3302 1046 3378 1097 vel
3408 1052 3625 1115 patrem,

2016 1140 2095 1194 rel
2120 1150 2369 1203 matrem,
2400 1139 2693 1208 centuplum
2715 1138 2922 1208 recipiet
2941 1138 2995 1189 in
3025 1136 3120 1189 hoc
3148 1137 3336 1191 strculo
3356 1178 3372 1203 ,
3403 1146 3449 1190 et
3474 1138 3629 1192 vitam

2014 1243 2257 1286 teter-nam
2283 1230 2557 1300 possidebit
2588 1228 2750 1299 (Ibid.
2785 1228 2946 1289 v.28.
2974 1227 3089 1297 29).
3124 1228 3234 1284 Nos
3259 1230 3439 1299 itaque
3465 1244 3495 1282 a
3521 1246 3629 1283 sa:-

2015 1322 2286 1377 cularibus
2315 1320 2565 1378 omnibus
2592 1319 2945 1387 abducentes,
2968 1318 3186 1379 Christo
3213 1335 3311 1377 nos
3336 1308 3629 1377 .cOnSecre-

2017 1428 2173 1480 mus,
2201 1421 2260 1467 ut
2285 1421 2339 1467 et
2368 1411 2627 1482 apostolis
2656 1426 2815 1480 pares
2840 1412 3011 1465 simus
3036 1410 3331 1465 secundum
3357 1411 3473 1481 ejus
3500 1426 3629 1466 sen-

2018 1503 2257 1564 tentiam.
2285 1512 2341 1556 et
2363 1510 2564 1556 interna
2588 1502 2693 1554 vita
2721 1500 2960 1554 fruamur
2984 1518 2997 1555 :
3027 1516 3187 1571 quam
3211 1501 3413 1556 utinam
3435 1515 3628 1557 oumes

2015 1586 2430 1663 conseduamur,
2446 1592 2621 1662 gratia
2644 1591 3046 1661 etbenignitate
3071 1593 3279 1670 Domini
3306 1595 3474 1647 nostri
3498 1592 3631 1649 Iesu

2015 1685 2234 1748 Christi,
2266 1684 2352 1738 cui
2383 1683 2557 1751 gloria
2584 1694 2637 1737 et
2663 1682 2951 1752 imperium
2980 1683 3035 1736 in
3058 1684 3254 1738 saecula
3283 1685 3627 1739 saculorum.

2016 1779 2207 1830 Amen.

1430 2085 1785 2153 HOMILIA
1822 2077 2080 2143 XLVII.
2128 2076 2216 2137 al.
2263 2074 2552 2138 XLVIII.

308 2247 433 2304 Car.
467 2249 555 2305 15.
585 2264 636 2302 v.
666 2248 756 2303 51.
798 2245 925 2300 Hac
955 2245 1126 2299 omnia
1161 2244 1398 2312 loquutus
1439 2246 1512 2293 est
1538 2236 1691 2292 Iesus
1726 2235 1780 2288 in
1811 2247 1903 2301 pa-

378 2340 566 2395 rabolis
600 2339 668 2392 ad
706 2340 911 2402 turbas,
952 2348 999 2391 et
1040 2339 1150 2392 sine
1190 2335 1434 2407 parabola
1470 2348 1574 2386 non
1614 2328 1910 2397 loquebatur

381 2435 450 2488 eis
479 2450 497 2487 :
521 2434 610 2488 55.
641 2442 695 2486 ut
734 2432 1029 2503 impleretur
1068 2430 1203 2502 quod
1241 2429 1430 2483 dictum
1458 2436 1532 2481 est
1563 2440 1652 2493 per
1682 2422 1908 2494 prophe-

381 2536 484 2579 tam
512 2526 756 2579 dicentem
780 2543 797 2579 :
825 2525 1064 2593 Aperiam
1092 2525 1145 2577 in
1176 2522 1432 2593 parabolis
1458 2536 1514 2573 os
1542 2534 1708 2572 meum
1734 2557 1748 2581 ,
1790 2532 1910 2568 eru-

379 2615 524 2669 ctabo
552 2616 845 2669 abscondita
867 2632 897 2667 a
917 2615 1273 2670 constitutione
1299 2612 1477 2665 mundi
1504 2609 1677 2681 (Psal.
1713 2608 1803 2662 77.
1826 2604 1906 2675 2).

382 2708 433 2761 1.
476 2706 684 2761 Marcus
716 2722 843 2761 vero
868 2706 996 2761 dicit
1037 2707 1210 2776 ipsum
1248 2707 1524 2775 loquutum
1553 2701 1719 2756 fuisse
1751 2703 1830 2756 eis
1858 2702 1908 2754 in

309 2800 598 2871 parabolis,
631 2800 789 2855 Prout
815 2810 1047 2869 poterant
1068 2800 1246 2853 audire
1272 2798 1463 2870 (Marc.
1482 2797 1538 2851 4.
1562 2796 1677 2865 55).
1708 2792 1911 2848 Deinde

308 2891 601 2946 ostendens
635 2907 693 2945 se
735 2891 867 2945 nihil
891 2891 1031 2945 'novi
1073 2889 1325 2944 inducere
1350 2930 1364 2953 ,
1399 2886 1553 2942 affert
1592 2885 1908 2955 prophetam

311 2982 454 3037 hunc
491 2984 750 3037 doctrina:
790 2983 1007 3037 modum
1038 2981 1519 3051 prtenuntiautem;
1552 2986 1715 3047 utque
1742 2976 1909 3045 signi-

313 3075 497 3128 ﬁcaret
539 3074 693 3128 nobis
723 3073 1031 3137 Christum,
1071 3087 1175 3125 non
1208 3080 1264 3124 ut
1291 3072 1343 3124 in
1374 3069 1670 3140 ignorantia
1698 3081 1911 3136 perma-

313 3174 524 3229 nerent,
548 3165 641 3220 sed
675 3176 731 3219 ut
759 3165 825 3219 ad
856 3163 1291 3231 interrogandum
1316 3171 1668 3231 cogerentur,
1697 3159 1775 3213 sic
1807 3159 1911 3212 illis

312 3256 590 3327 loquutum
619 3256 803 3320 fuisse,
832 3258 1106 3327 suhjtmxit
1136 3274 1147 3311 :
1184 3255 1248 3309 Et
1270 3258 1377 3309 sine
1407 3255 1651 3326 parabola
1682 3254 1810 3307 nihil
1829 3253 1909 3305 lo-

311 3351 559 3418 quebatur
596 3350 668 3403 eis
712 3351 729 3415 (
756 3348 895 3403 Ibid.
925 3366 974 3404 v.
1006 3345 1112 3418 54)
1148 3365 1160 3401 :
1190 3348 1288 3401 etsi
1319 3347 1483 3401 multa
1510 3347 1628 3400 sine
1659 3342 1908 3413 parabola

312 3439 538 3507 dixerit;
562 3442 654 3496 sed
679 3450 803 3497 tunc
823 3443 1076 3512 temporis
1098 3442 1249 3496 nihil.
1272 3442 1336 3495 Et
1358 3451 1533 3495 tamen
1556 3453 1716 3494 nemo
1735 3438 1910 3507 ipsum

314 3532 679 3604 interrogavit,
709 3550 1030 3604 quamquam
1056 3534 1344 3604 prophetas
1365 3533 1492 3588 olim
1517 3547 1661 3601 smpe
1682 3532 1911 3586 interro-

311 3636 518 3695 garent,
537 3636 595 3680 ut
622 3626 954 3683 Ezechielem
976 3628 1215 3696 aliosque
1238 3626 1433 3680 multos
1457 3642 1471 3679 :
1498 3624 1551 3679 hi
1572 3640 1703 3679 vero
1726 3637 1907 3688 secus,

313 3715 437 3771 licet
476 3732 536 3771 ea
578 3732 699 3788 qua:
735 3718 875 3772 dicta
922 3718 1133 3773 fuerant
1175 3726 1391 3788 possent
1432 3717 1552 3771 illos
1595 3717 1647 3770 in
1688 3716 1909 3770 dubium

312 3808 600 3876 conjicere,
632 3818 684 3863 et
709 3810 774 3863 ad
798 3808 1230 3879 interrogandum
1262 3810 1533 3864 excitare:
1562 3808 1760 3863 etenim
1783 3823 1910 3876 sup-

312 3897 528 3965 pliciqu
574 3900 863 3954 maximum
894 3901 1160 3969 parabolae
1188 3900 1562 3957 minabantur:
1612 3913 1785 3969 neque
1825 3906 1905 3952 ta-

314 4006 434 4045 men
482 3990 605 4045 inde
646 3993 898 4047 commoti
938 4002 1083 4049 sunt.
1130 3992 1470 4063 Quapropter
1512 3992 1749 4047 dimissis
1781 3992 1906 4061 illis,

312 4081 459 4135 abiit.
482 4081 572 4137 56.
601 4082 746 4137 Tunc
766 4084 931 4148 enim,
956 4085 1048 4149 ait,
1068 4086 1289 4138 dimissis
1320 4086 1496 4150 turbis,
1526 4084 1677 4140 Iesus
1702 4088 1834 4139 renit
1856 4088 1908 4140 in

311 4170 518 4225 domum
564 4189 708 4227 suam
724 4190 743 4239 ;
791 4176 1072 4243 nullusque
1098 4176 1394 4230 scribarum
1422 4176 1595 4245 ipsum
1623 4178 1864 4247 sequitur
1889 4194 1904 4242 ;

314 4262 457 4317 unde
485 4262 739 4332 liquidum
767 4274 850 4319 est
874 4281 988 4329 eos,
1017 4266 1228 4320 nonnisi
1259 4277 1312 4321 ut
1334 4268 1588 4337 carpendi
1614 4283 1799 4323 ansam
1830 4284 1910 4324 ar-

308 4356 566 4425 riperent,
593 4368 847 4427 sequutos
871 4358 1052 4413 fuisse.
1086 4360 1217 4428 Quia
1238 4378 1364 4415 κίοι-υ
1391 4376 1452 4415 ea
1480 4378 1598 4431 qua:
1626 4363 1769 4417 dicta
1793 4365 1906 4417 fue-

310 4458 465 4514 rant,
500 4464 604 4503 non
650 4451 1015 4522 intelligebant
1039 4494 1053 4516 ,
1092 4453 1305 4521 reliquit
1333 4468 1447 4507 eos.
1482 4453 1549 4506 Et
1590 4465 1907 4508 accesserunt

308 4540 552 4609 discipuli
594 4543 705 4609 eius
746 4543 1111 4613 interrogantes
1152 4544 1215 4597 de
1258 4546 1502 4615 parabola
1526 4548 1839 4601 zizaniorum
1863 4550 1901 4599 ‘.

306 4634 468 4701 Atqui
509 4634 773 4688 interdum
802 4634 1040 4689 discendi
1082 4636 1259 4705 cupidi
1310 4638 1639 4709 interrogare
1668 4655 1771 4694 non
1805 4658 1905 4695 au-

305 4724 471 4779 dent:
499 4724 761 4779 undenam
804 4726 909 4779 illis
950 4742 1089 4781 nunc
1138 4728 1366 4783 ﬁducia?
1412 4730 1705 4785 Audierant
1749 4732 1900 4801 illud,

319 4813 468 4869 Vobis
497 4816 669 4869 datum
697 4826 770 4869 est
796 4834 943 4871 nosse
975 4821 1213 4888 mysteria
1240 4822 1382 4890 regni
1410 4822 1652 4875 caelorum
1689 4824 1901 4894 (Matth.

307 4906 394 4959 15.
418 4905 528 4975 ll),
549 4917 598 4962 et
631 4907 751 4963 hinc
780 4907 1023 4963 ﬁduciam
1053 4924 1471 4981 assumpserani.
1496 4912 1723 4981 Ideoque
1754 4931 1904 4970 seor-

305 5000 405 5049 sim
440 4998 791 5065 interrogant,
824 5016 931 5052 non
963 5002 1101 5071 quod
1129 5003 1453 5058 multitudini
1484 5004 1775 5071 invideant,
1807 5008 1900 5062 sed

307 5096 362 5140 ut
396 5089 603 5143 Domini
632 5090 802 5160 legent
826 5103 1061 5148 servent.
1092 5092 1189 5148 His
1208 5096 1372 5159 enim,
1397 5098 1587 5168 inquit,
1609 5099 1781 5152 datum
1800 5118 1901 5155 non

306 5194 397 5239 est.
429 5184 537 5237 Cur
563 5195 743 5239 autem
774 5190 935 5241 missa
969 5188 1212 5243 fermenti
1234 5200 1290 5245 et
1311 5191 1510 5262 sinapis
1536 5193 1810 5261 parabola,
1835 5195 1903 5250 de

306 5275 404 5329 hac
419 5276 746 5348 interrogant
761 5279 783 5331 ?
801 5279 921 5333 Illas
935 5289 1117 5349 utpote
1130 5282 1384 5337 clariores
1398 5284 1748 5355 reliquerunt;
1768 5287 1903 5344 hanc

307 5384 433 5423 vero
454 5411 468 5435 ,
503 5380 683 5440 utpote
713 5388 832 5441 quae
862 5374 1173 5428 afﬁnitatem
1207 5374 1429 5431 haberet
1458 5392 1579 5431 cum
1627 5380 1899 5447 prmmissa

308 5461 576 5528 parabola,
601 5475 654 5516 et
674 5465 798 5533 quid
820 5466 1047 5534 amplius
1068 5466 1303 5531 efferret,
1328 5468 1570 5525 ediscere
1591 5471 1897 5541 cupiebant.

306 5550 485 5621 Neque
513 5554 653 5606 enim
680 5556 819 5607 scire
845 5566 1026 5609 vomnt
1049 5598 1061 5621 ,
1096 5567 1270 5612 utrum
1302 5559 1545 5615 eamdem
1580 5563 1855 5631 repetierit
1882 5581 1896 5619 :

305 5660 424 5697 nam
450 5647 695 5700 videbant
725 5649 775 5701 in
811 5650 907 5703 hac
935 5666 1179 5721 Inagitati:
1203 5652 1379 5708 ellerri
1403 5656 1896 5712 comminationem.

366 5785 380 5810 ι
422 5788 545 5856 tr.th
570 5791 661 5856 :ltst
684 5794 989 5851 accesserunt
1015 5786 1243 5853 discipuli
1269 5793 1369 5856 ejus
1386 5785 1627 5853 dicentes,
1658 5810 1678 5839 ε
1703 5791 1802 5844 Dic
1818 5806 1902 5843 uo-

306 5840 370 5889 ιω
396 5846 677 5903 parabolum
704 5846 999 5896 zizamwrunt
1038 5840 1157 5912 agri".
1188 5870 1207 5893 η

2020 2219 2359 2288 Quapropter
2398 2232 2506 2271 non
2550 2216 2758 2271 incusat
2796 2230 2927 2281 eos,
2964 2217 3059 2272 sed
3089 2216 3394 2285 explanavit
3420 2233 3481 2273 ea
3509 2235 3632 2291 qua:

2020 2309 2161 2363 dicta
2196 2309 2427 2362 fuerant.
2458 2308 2542 2373 Et,
2579 2318 2635 2360 ut
2663 2322 2879 2377 semper
2906 2308 3037 2373 disi,
3073 2310 3340 2379 parabolas
3362 2326 3471 2370 non
3503 2320 3632 2366 sunt

2016 2401 2082 2455 ad
2112 2401 2321 2456 literam
2357 2400 2685 2469 accipiendae
2715 2419 2728 2453 :
2760 2401 2886 2455 inde
2914 2402 3065 2455 enim
3085 2402 3317 2457 absurda
3345 2404 3510 2458 multa
3540 2419 3618 2460 se-

2017 2502 2343 2561 querentur;
2370 2492 2513 2562 quod
2538 2503 2590 2545 ut
2618 2506 2718 2546 nos
2748 2492 2976 2557 doceat,
3009 2494 3087 2547 sic
3115 2494 3422 2563 parabolam
3453 2494 3630 2564 expli-

2017 2595 2122 2639 cat.
2169 2585 2283 2639 Non
2320 2586 2451 2639 dicit
2474 2626 2487 2649 ,
2524 2585 2614 2655 qui
2641 2595 2826 2639 essent
2848 2586 2988 2639 servi
3019 2584 3091 2639 illi
3121 2586 3212 2656 qui
3242 2597 3629 2650 accesserunt:

2020 2675 2115 2729 sed
2149 2686 2205 2729 ut
2230 2676 2474 2730 ostendat
2518 2692 2612 2743 se,
2650 2676 2807 2731 seriei
2848 2678 3239 2731 concinnanda:
3265 2694 3446 2744 causa,
3480 2690 3535 2734 et
3564 2680 3631 2736 ad

2018 2768 2475 2837 complementum
2505 2767 2783 2836 imaginis,
2817 2767 2964 2837 ipsus
2995 2768 3304 2835 induxisse,
3335 2770 3435 2823 hac
3465 2770 3630 2827 missa

2020 2871 2189 2929 parte,
2214 2877 2333 2930 qua:
2360 2861 2425 2915 ad
2455 2877 2567 2916 rem
2597 2862 2828 2916 maxime
2858 2863 3214 2929 pertinebant,
3237 2864 3306 2918 ob
3332 2881 3490 2935 quam
3515 2865 3632 2922 hinc

2018 2952 2270 3020 parabola
2304 2952 2445 3006 dicta
2483 2951 2676 3015 ﬁxerat,
2706 2954 2959 3021 explicat,
2993 2968 3051 3007 se
3083 2955 3316 3009 universi
3340 2956 3580 3025 judicem
3605 2958 3623 2990 ⁸

2022 3051 2078 3095 et
2124 3042 2406 3095 Dominum
2449 3041 2752 3095 declarans.
2800 3044 2890 3095 57.
2926 3041 2992 3095 Et
3034 3045 3386 3114 respondens,
3416 3048 3633 3118 inquit,

2017 3129 2148 3183 dixit
2180 3131 2252 3184 eis
2275 3147 2293 3183 :
2315 3130 2414 3197 Qui
2439 3132 2653 3185 seminat
2678 3130 2864 3184 bonum
2890 3148 3078 3196 semen,
3104 3143 3178 3187 est
3200 3133 3373 3191 Filius
3389 3136 3630 3194 hominis.

2018 3220 2106 3275 58.
2136 3220 2271 3291 Ager
2298 3231 2465 3275 autent
2488 3230 2562 3276 est
2590 3222 2832 3278 mundus.
2857 3220 3057 3275 Bonum
3085 3200 3202 3277 verb
3226 3242 3412 3289 sctum,
3440 3229 3494 3282 hi
3513 3241 3635 3285 sunt

2018 3313 2114 3380 ﬁlii
2135 3314 2295 3383 regni.
2322 3312 2558 3376 Zisania,
2587 3313 2685 3381 ﬁlii
2713 3314 2928 3385 maligni
2953 3315 3107 3369 illius.
3130 3317 3218 3371 59.
3245 3316 3493 3375 Inimicus
3517 3339 3635 3377 vero

2016 3404 2102 3471 qui
2133 3419 2192 3457 ea
2236 3406 2482 3467 seminat,
2514 3415 2587 3458 est
2622 3404 2873 3463 diabolus.
2916 3404 3117 3471 Messis,
3152 3417 3227 3461 est
3262 3416 3633 3467 consummatio

2016 3494 2211 3549 stccnli.
2241 3496 2492 3551 Messores
2521 3505 2706 3561 autem,
2738 3498 2907 3567 angeli
2931 3509 3067 3552 sunt.
3093 3499 3185 3555 40.
3211 3500 3358 3555 Sicut
3379 3522 3496 3575 ergo
3526 3506 3633 3559 col-

2017 3585 2247 3655 liguntur
2272 3587 2472 3641 zizania
2494 3629 2510 3653 ,
2544 3596 2591 3641 et
2626 3588 2731 3658 igni
2763 3587 3127 3642 contbnruntur
3154 3605 3172 3643 :
3202 3591 3273 3643 ita
3301 3594 3393 3647 erit
3423 3595 3475 3647 in
3500 3612 3629 3649 con-

2017 3680 2354 3730 summatione
2372 3678 2550 3731 steculi
2579 3678 2750 3749 hujus.
2775 3680 2864 3733 M-
2892 3679 3058 3733 Mittct
3091 3679 3261 3736 Filius
3277 3683 3498 3739 hominis
3531 3704 3633 3741 an-

2015 3770 2316 3845 gelossuos,
2341 3781 2386 3826 et
2412 3772 2649 3842 colligent
2679 3770 2743 3825 de
2765 3789 2921 3843 regno
2946 3775 3057 3845 ejus
3078 3775 3251 3828 omnia
3284 3778 3552 3845 scandala,
3583 3790 3631 3834 et

2016 3842 2257 3935 facietites
2274 3866 2613 3936 iniquitatem,
2630 3865 2717 3920 42.
2736 3877 2781 3919 et
2804 3867 2999 3920 mittent
3021 3885 3103 3921 eos
3125 3869 3176 3921 in
3197 3871 3453 3925 caminum
3473 3872 3627 3943 ignis.

2018 3956 2101 4010 Ibi
2122 3959 2213 4012 erit
2234 3960 2383 4027 ﬂetus
2402 3968 2450 4013 et
2474 3960 2661 4013 stridor
2677 3960 2921 4013 dentium.
2944 3962 3033 4014 45.
3061 3959 3204 4015 Tunc
3228 3963 3490 4035 fulgebunt
3495 3967 3631 4039 justi

2015 4051 2144 4105 sicut
2165 4053 2244 4107 sol
2272 4053 2323 4105 in
2345 4069 2501 4125 regno
2528 4051 2701 4107 Patris
2725 4071 2919 4107 eorum.
2952 4052 3084 4109 Cum
3106 4055 3247 4110 enim
3276 4058 3365 4128 qui
3396 4061 3629 4115 seminat

2016 4142 2133 4211 ipse
2161 4144 2249 4211 sit,
2274 4152 2329 4199 et
2353 4159 2539 4215 agrum
2580 4161 2736 4199 suum
2769 4134 3018 4209 se'minet,
3052 4156 3215 4217 atque
3243 4164 3309 4203 ex
3336 4166 3502 4220 regno
3529 4168 3629 4209 suo

2014 4237 2249 4307 colligat,
2285 4240 2456 4308 palam
2493 4249 2577 4293 est
2617 4239 2757 4293 hunc
2798 4235 3055 4293 mundum
3104 4242 3272 4307 ipsius
3310 4258 3452 4298 esse.
3494 4245 3630 4300 Per-

2018 4331 2190 4400 pende
2233 4342 2413 4386 autem
2459 4331 2576 4401 ejus
2618 4334 3033 4388 inenarrabilem
3083 4336 3529 4404 misericordiam,
3575 4351 3630 4393 et

2018 4438 2243 4493 pronum
2274 4425 2341 4478 ad
2373 4425 2632 4480 beneﬁcia
2664 4426 2966 4494 praestanda
2998 4427 3267 4492 animum,
3294 4422 3367 4483 et
3408 4446 3565 4499 quam
3596 4450 3623 4486 a

2015 4516 2277 4585 supplicio
2308 4516 2587 4572 inferendo
2627 4519 2694 4572 sit
2734 4519 2962 4574 alienus.
3007 4520 3141 4574 Cum
3185 4521 3328 4576 enim
3372 4525 3625 4593 seminat,

2018 4624 2111 4677 per
2132 4610 2365 4679 seipsum
2397 4614 2655 4674 seminat;
2688 4613 2945 4682 supplicia
2982 4628 3107 4668 vero
3138 4631 3232 4683 per
3259 4614 3394 4670 alios
3424 4617 3583 4673 infert
3608 4663 3623 4687 ,

2016 4703 2066 4758 id
2094 4713 2174 4759 est
2200 4747 2214 4771 ,
2246 4720 2342 4774 per
2371 4705 2589 4776 angelos
2610 4708 2651 4758 '.
2683 4705 2828 4760 Tunc
2853 4708 2985 4779 justi
3015 4709 3277 4778 fulgebunt
3306 4710 3543 4765 sicubsol
3573 4714 3626 4767 in

2012 4812 2167 4866 regno
2193 4795 2366 4849 Patris
2388 4814 2579 4851 eorum.
2615 4797 2728 4851 Non
2752 4798 2892 4867 quod
2914 4799 2995 4854 sic
3017 4808 3219 4853 tantum
3245 4800 3501 4871 fulgeant.
3528 4804 3623 4858 sed

2014 4890 2134 4957 quia
2160 4888 2259 4943 hoc
2281 4900 2429 4945 astro
2448 4891 2647 4944 nullum
2676 4890 2962 4959 ﬁtlgentius
2984 4892 3248 4960 videmus,
3272 4895 3413 4950 notis
3439 4912 3625 4951 exem-

2012 4981 2114 5049 plis
2159 4990 2240 5035 est
2283 4996 2432 5035 usus.
2479 4981 2636 5036 Certe
2678 4983 2803 5037 alibi
2844 4999 3057 5054 quoque
3097 4984 3233 5039 dixit
3272 4986 3382 5053 jam
3428 4988 3622 5042 adesse

2014 5089 2265 5140 messem,
2312 5085 2368 5128 ut
2409 5090 2530 5129 eum
2578 5076 2644 5129 de
2688 5075 3041 5131 Samaritanis
3086 5078 3205 5133 ait:
3236 5077 3421 5133 chate
3447 5085 3623 5136 oculos

2013 5176 2219 5224 vestros.
2241 5178 2286 5221 et
2312 5170 2521 5233 aspicite
2550 5169 2798 5239 regiones,
2815 5171 2934 5239 quia
2961 5171 3090 5225 alba:
3100 5172 3215 5242 jam
3242 5181 3358 5226 sunt
3382 5174 3452 5227 ad
3481 5190 3617 5228 mes-

2010 5276 2117 5313 sem
2148 5257 2341 5328 (Joan.
2368 5260 2417 5313 4.
2452 5260 2592 5328 53);
2626 5269 2679 5313 et
2702 5275 2887 5314 rursus
2911 5302 2925 5327 ,
2974 5260 3155 5315 Mcssis
3184 5263 3386 5331 quidem
3426 5265 3619 5329 multa,

2011 5353 2236 5422 operarii
2265 5364 2433 5405 autem
2457 5355 2607 5421 pauci
2637 5352 2787 5425 (Luc.
2815 5354 2901 5408 10.
2932 5353 2988 5425 2)
3046 5354 3329 5421 Quomodo
3357 5371 3487 5426 ergo
3509 5358 3619 5411 illic

2011 5444 2223 5514 quidem
2264 5444 2372 5513 jam
2424 5459 2537 5498 mes
2569 5460 2655 5499 cm
2704 5448 2894 5501 adesse
2941 5449 3054 5514 ait,
3098 5446 3186 5501 hic
3216 5463 3345 5501 vero
3386 5447 3617 5504 futuram

2012 5553 2243 5593 messem
2288 5538 2455 5591 dicit?
2492 5539 2798 5593 Secundum
2835 5541 2977 5595 aliud
3010 5556 3204 5611 nempe
3230 5542 3615 5613 signiﬁcatum.

2076 5735 2090 5764 ι
2131 5732 2244 5785 Alii.
2270 5742 2554 5797 creatorem,
2584 5749 2687 5797 pro,
2705 5734 2945 5796 judicent.

2076 5797 2095 5827 ²
2132 5804 2275 5863 unus,
2296 5795 2536 5863 supplicia
2561 5795 2670 5847 vero
2688 5812 2773 5863 per
2797 5798 2917 5850 alios
2937 5798 3083 5863 infert
3103 5812 3119 5850 :
3138 5799 3283 5851 mittit
3308 5800 3435 5851 enim
3466 5800 3617 5852 Filius

2013 5855 2218 5908 hominis
2244 5855 2433 5922 angelus
2457 5872 2583 5909 suos.
