4046 6454
482 439 585 497 485

481 557 656 622 Quare
699 552 856 608 etiam
905 564 1025 604 cum
1069 545 1193 602 alibi
1221 544 1401 616 (Joan.
1423 547 1474 598 4.
1503 546 1590 612 '57)
1617 542 1869 607 dixisset,
1892 538 2054 594 alium

480 661 600 700 esse
629 644 714 714 qui
741 642 987 705 seminat,
1017 639 1177 693 alium
1203 637 1292 706 qui
1318 635 1490 701 metit,
1521 634 1606 688 hic
1656 633 1783 687 dicit
1832 646 1890 686 se
1935 644 2056 684 eum

481 737 568 806 qui
611 734 837 787 seminat
877 731 1033 786 esse?
1070 729 1226 797 Quia
1264 728 1336 781 ibi
1371 727 1448 780 sic
1485 724 1815 794 loquebatur,
1849 730 1907 776 ut
1951 736 2055 775 non

479 829 599 892 sibi,
623 824 716 880 scd
745 834 800 877 ut
828 823 1101 893 prophetis
1129 822 1398 890 apostolos
1424 825 1774 885 compararet,
1799 815 1909 868 sive
1935 828 2055 865 eum

477 919 712 981 Judzeos,
757 915 868 970 sive
915 928 1033 967 cum
1081 912 1442 968 Samaritanos
1487 907 1873 976 alloquebatur.
1923 903 2053 956 Nam

478 1009 636 1063 etiam
678 1022 768 1076 per
810 1005 1096 1074 prophetas
1135 1003 1247 1066 ipse
1285 998 1600 1054 seminabat.
1639 997 1731 1051 Est
1759 1005 1931 1050 autem
1966 993 2052 1046 ubi

479 1114 704 1154 messem
732 1107 784 1152 et
811 1110 990 1150 semen
1022 1093 1245 1161 idipsum
1274 1091 1436 1155 dicat,
1470 1088 1760 1144 secundum
1790 1086 2052 1140 diversam

478 1191 737 1246 rationem
765 1188 842 1242 sic
865 1186 1156 1256 appellans.

547 1283 602 1337 Ξ.
658 1280 786 1334 Nam
843 1277 1054 1345 quando
1113 1276 1470 1343 obsequentes
1521 1269 2054 1337 obtemperantesqne

479 1373 750 1430 auditores
792 1370 951 1432 dicit,
987 1381 1213 1421 messem
1247 1373 1432 1428 vocat,
1475 1369 1532 1414 ut
1565 1375 1678 1414 rem
1709 1371 2054 1412 consumma-

481 1475 587 1521 tam
639 1461 874 1517 declaret
904 1476 918 1512 :
947 1455 1156 1527 quando
1200 1463 1377 1508 autem
1407 1452 1629 1506 fructum
1663 1447 2054 1518 przcdicationis

479 1558 700 1627 qumrit,
732 1567 912 1608 semen
956 1560 1009 1605 et
1043 1563 1271 1604 messem
1327 1547 1493 1614 ipsam
1535 1541 2052 1597 consummationem

478 1647 725 1716 appellat.
768 1643 831 1697 Et
873 1639 1139 1709 quomodo
1183 1638 1341 1692 etiam
1389 1635 1514 1688 alibi
1546 1633 1693 1696 dicit,
1737 1630 1898 1686 Primi
1925 1629 2052 1698 justi

476 1734 794 1806 rapiuntur?
855 1733 1150 1798 Rapiontur
1224 1726 1441 1797 quidem
1510 1726 1666 1794 primi
1730 1718 2055 1778 adveniente

477 1826 726 1890 Christo;
774 1824 1049 1878 traduntur
1090 1827 1266 1873 autem
1295 1817 1381 1872 isti
1428 1816 1721 1885 supplicio,
1746 1823 1802 1868 et
1829 1821 1952 1868 tunc
1979 1812 2052 1866 illi

481 1918 546 1972 ad
579 1917 800 1986 regnum
832 1914 1080 1968 eatlorum
1108 1909 1539 1980 proficiscuntur.
1565 1904 1698 1972 Quia
1715 1903 1855 1958 enim
1880 1902 2052 1971 justas

478 2009 532 2061 in
562 2007 694 2061 etelo
720 2019 838 2058 esse
872 2009 1117 2071 oportet,
1147 2001 1195 2051 in
1229 2006 1422 2051 terram
1447 2005 1623 2048 autem
1657 1995 1770 2063 ipse
1797 1999 2052 2046 venturus

476 2106 560 2152 est
579 2138 592 2157 .
618 2097 684 2150 de
710 2094 955 2148 omnibus
987 2089 1287 2144 hominibus
1312 2087 1643 2157 iudicaturus
1665 2125 1679 2145 ,
1716 2082 2054 2136 sententiam-

478 2203 579 2257 que
607 2187 806 2240 laturus
841 2204 854 2237 :
882 2184 1030 2253 quasi
1061 2197 1150 2236 rex
1178 2193 1400 2250 surgens
1430 2193 1550 2232 cum
1585 2175 1777 2229 amicis
1803 2177 1934 2238 suis,
1960 2188 2051 2227 eos

478 2278 542 2332 ad
584 2280 786 2331 beatam
819 2276 961 2329 illam
990 2283 1186 2327 sortem
1209 2273 1465 2326 ducturus
1493 2277 1591 2323 est.
1645 2266 1831 2320 Viden’
1855 2265 2050 2334 duplex

479 2369 592 2422 lore
619 2367 956 2435 supplicium.
987 2375 1093 2418 tum
1126 2362 1267 2433 quod
1294 2363 1697 2422 comburantur,
1723 2366 1833 2410 tum
1859 2356 1998 2424 quod
2023 2372 2051 2409 a

478 2459 640 2528 gloria
667 2459 750 2510 illa
779 2456 1059 2510 excidant?
1095 2455 1195 2509 Sed
1227 2469 1321 2504 cur
1348 2451 1584 2514 demum,
1615 2450 1719 2503 illis
1751 2447 2050 2502 recedenti-

475 2551 574 2603 bus
596 2591 610 2613 ,
644 2549 769 2615 ipsis
800 2547 958 2600 etiam
991 2545 1244 2612 apostolis
1289 2543 1338 2594 in
1385 2540 1645 2608 parabolis
1668 2537 1930 2606 loquitur?
1956 2537 2051 2591 Sa—

478 2640 542 2706 pit
566 2641 759 2690 tum:
797 2651 858 2689 es.
899 2650 1054 2701 supra
1084 2635 1235 2686 dictis
1266 2631 1476 2695 cll'ecti,
1511 2638 1634 2681 tunc
1668 2628 2045 2697 intelligebant.

479 2729 608 2782 llinc
634 2744 750 2782 cum
782 2726 998 2780 dixisset
1015 2726 1117 2777 illis
1139 2733 1351 2792 postea:
1372 2720 1699 2774 Intellexistis
1724 2724 1827 2772 nox
1842 2717 2051 2771 omnia?

475 2823 646 2873 dicunt
677 2821 739 2883 ei,
775 2819 970 2880 Etiam,
1001 2817 1214 2868 Domine
1254 2814 1456 2883 (Matth.
1485 2814 1565 2866 i5.
1599 2811 1709 2879 5i).
1740 2810 1828 2864 Sic
1867 2819 1919 2864 ct
1954 2805 2055 2861 hoc

481 2927 601 2964 cum
630 2911 743 2962 aliis
775 2908 949 2960 effecit
996 2908 1271 2974 parabola,
1309 2914 1363 2956 ut
1404 2903 1819 2971 perSpicaciores
1861 2899 2053 2954 deinde

475 3009 672 3054 essent.
704 2997 838 3064 Quid
869 2997 1024 3065 igitur
1050 3003 1170 3064 post
1201 2994 1311 3047 lucc
1343 2991 1504 3046 dicit?
1533 2991 1617 3046 Η.
1655 2990 1836 3045 Simile
1873 2999 1943 3042 est
1969 3007 2052 3042 re-

475 3108 630 3161 gnum
659 3089 895 3142 caelorum
935 3089 1166 3140 thesauro
1195 3085 1484 3138 abscondito
1513 3087 1564 3136 in
1594 3101 1752 3153 agro:
1774 3101 1918 3153 quem
1940 3100 2054 3137 eum

475 3182 658 3235 invenit
688 3181 835 3232 homo
864 3177 1144 3240 abscondit,
1173 3185 1218 3230 et
1241 3191 1346 3245 pra:
1371 3175 1556 3245 gaudio
1584 3175 1722 3228 illius
1749 3176 2053 3228 vendituni-

474 3289 614 3324 versa
638 3285 751 3339 quw
777 3270 942 3334 habet,
971 3277 1014 3320 et
1043 3269 1156 3321 emit
1178 3283 1355 3336 agrum
1378 3266 1542 3318 illum.
1563 3267 1650 3320 45.
1679 3265 1870 3320 Iterum
1890 3266 2055 3321 simile

473 3371 544 3414 est
567 3377 773 3432 regnum
802 3359 1038 3414 calorum
1062 3358 1359 3428 negotiatori
1393 3357 1635 3425 quazrenti
1665 3358 1817 3409 bonas
1847 3374 2053 3427 marga-

473 3457 612 3504 ritas.
644 3449 732 3504 46.
767 3448 978 3502 Inventa
997 3459 1164 3502 autent
1193 3465 1294 3500 una
1324 3449 1541 3516 pretiosa
1570 3448 1847 3517 margarita
1867 3489 1880 3509 ,
1905 3449 2048 3514 abiit,

473 3551 518 3595 et
544 3541 760 3593 vendidit
787 3540 1016 3592 universa
1037 3554 1147 3608 qua:
1173 3539 1365 3598 lrabuit,
1395 3548 1441 3590 et
1478 3540 1593 3590 emit
1623 3554 1750 3590 eam.
1785 3538 2050 3605 Quemado

475 3630 691 3684 modum
725 3630 830 3683 illic
863 3644 1084 3698 granum
1133 3628 1384 3682 frumenti
1416 3638 1467 3681 et
1515 3627 1834 3682 fermentum
1869 3645 2051 3699 parum

474 3723 612 3777 inter
650 3736 710 3775 se
759 3719 1009 3775 differunt
1042 3737 1054 3773 :
1084 3721 1162 3774 sic
1211 3727 1266 3772 ct
1314 3719 1414 3773 hoc
1468 3719 1585 3772 loco
1632 3719 1752 3773 dua:
1793 3721 2054 3788 parabole

476 3814 711 3868 thesauri
737 3823 788 3867 et
821 3814 1138 3882 margaritas.
1173 3811 1301 3865 Nam
1333 3827 1426 3880 pt'l"
1455 3822 1734 3881 utrumque
1761 3811 1864 3867 hoc
1888 3812 2054 3882 signi-

475 3904 683 3968 ficatur,
708 3913 954 3974 oportere
970 3902 1400 3972 przrdicationem
1427 3903 1672 3955 omnibus
1701 3913 2050 3971 anteponere.

477 3997 542 4050 Et
575 3997 676 4050 illae
715 3993 928 4064 quidem
965 3993 1206 4048 fermenti
1251 4001 1305 4046 et
1333 3993 1530 4061 sinapis
1571 3993 1834 4061 parabulte
1859 3992 1922 4045 ad
1946 3993 2053 4046 vim

476 4086 866 4156 prtudicationis
893 4085 1158 4153 pertinent
1181 4125 1194 4146 ,
1229 4085 1500 4152 ipsamque
1529 4093 1695 4136 totum
1723 4084 1906 4138 orbem
1933 4099 2054 4139 esse

471 4186 841 4246 superaturam
872 4175 1105 4228 indicant
1136 4191 1150 4229 ι
1184 4174 1265 4226 lue
1295 4182 1470 4227 autem
1499 4173 1618 4226 duze
1648 4175 1912 4242 parabolte
1940 4175 2054 4242 ejus

475 4270 699 4337 pretium
729 4277 782 4321 ct
819 4267 1124 4336 dignitatem
1155 4266 1447 4320 declarant.
1505 4265 1822 4320 Extenditur
1862 4268 2056 4336 quippe

473 4362 558 4415 illa
586 4370 642 4413 ut
683 4359 850 4427 sinapi
877 4399 892 4420 ,
921 4366 1138 4426 superat
1169 4365 1224 4409 ut
1268 4357 1605 4420 fermentum,
1637 4356 1864 4424 pretiosa
1893 4367 1973 4409 est
2003 4366 2057 4409 ut

472 4451 775 4521 margarita,
805 4451 1080 4503 innumera
1110 4447 1312 4516 prtcbet
1336 4445 1615 4500 commoda
1685 4455 1740 4499 et
1769 4456 2010 4500 ornatum
2037 4489 2052 4513 ,

476 4551 530 4595 ut
562 4541 865 4596 thesaurus.
1694 4571 1701 4612 η

547 4632 855 4685 Renuntiare
886 4629 1113 4682 omnibus
1160 4636 1232 4680 est
1276 4627 1569 4696 negotiatio,
1602 4642 1701 4678 non
1733 4626 1959 4695 jactura.
1987 4656 2057 4664 —

477 4727 660 4794 Neque
693 4724 742 4776 id
773 4723 942 4775 solum
973 4721 1058 4773 hic
1085 4719 1361 4785 discimus,
1390 4721 1638 4774 omnibus
1660 4734 1717 4773 se
1743 4733 1938 4772 exuere
1964 4733 2057 4786 par

474 4833 621 4875 esse,
650 4830 712 4868 ac
735 4812 1091 4882 prtedicationi
1126 4811 1330 4864 inurere
1357 4829 1369 4872 ;
1399 4811 1491 4863 sed
1515 4813 1672 4862 etiam
1702 4809 1750 4862 id
1780 4825 1900 4863 cum
1933 4824 2058 4877 gau-

470 4913 561 4964 dio
587 4923 705 4964 esse
739 4905 1055 4960 faciendum.
1085 4903 1241 4957 Certe
1271 4904 1314 4956 is
1335 4946 1349 4965 ,
1379 4904 1465 4970 qui
1497 4903 1736 4957 omnibus
1769 4903 2054 4965 renuntiat,

468 5004 600 5056 sciat
636 5009 845 5070 oportet
877 5041 891 5061 ,
921 5013 1029 5052 rem
1060 4997 1200 5050 illam
1225 5011 1344 5050 esse
1372 4995 1776 5058 negotiationem
1801 5036 1814 5058 ,
1847 5010 1948 5047 non
1971 4995 2053 5062 ja-

475 5104 699 5146 cturam.
755 5089 935 5144 Viden‘
979 5087 1244 5156 quomodo
1296 5086 1597 5154 przndicatio
1645 5086 1694 5138 in
1740 5086 1937 5139 mundo
1989 5087 2059 5138 sit

480 5185 685 5238 occulta
709 5224 722 5247 ,
753 5191 807 5236 et
836 5182 887 5234 in
921 5180 1292 5249 prmdicatione
1331 5188 1458 5246 quot
1501 5179 1605 5231 sint
1637 5177 1814 5230 bona?
1850 5179 1926 5233 Ac
1955 5180 2054 5233 nisi

479 5276 653 5329 omnia
680 5271 1001 5335 vendideris,
1026 5286 1129 5323 non
1153 5270 1285 5322 emis
1313 5270 1453 5322 illam
1505 5288 1518 5323 :
1551 5269 1649 5323 nisi
1679 5269 1901 5323 sollicito
1935 5271 2056 5323 ani-

478 5381 563 5418 mo
587 5363 880 5434 qumsieris,
900 5377 1001 5415 non
1031 5361 1254 5415 invenis.
1281 5361 1392 5413 Duo
1416 5360 1572 5426 igitur
1590 5363 1883 5415 necessaria
1909 5372 2052 5429 sunt,

470 5457 800 5510 summarium
852 5469 1027 5507 rerum
1079 5453 1362 5514 abdicatio,
1411 5463 1463 5508 et
1508 5469 1710 5506 summa
1764 5455 2054 5523 vigilantia.

468 5546 596 5599 Nam
626 5547 698 5596 ait
724 5562 735 5596 :
771 5544 1023 5609 Quaerenti
1048 5544 1201 5596 bonas
1228 5547 1526 5613 margaritas
1551 5559 1568 5596 :
1589 5545 1786 5597 inventa
1809 5562 1909 5598 una
1936 5563 2053 5615 pre-

469 5639 615 5697 tiosa,
643 5637 857 5688 vendidit
886 5637 1073 5699 omnia,
1095 5638 1274 5689 ctemit
1306 5654 1433 5689 eam.
1471 5636 1585 5691 Una
1617 5639 1811 5707 quippe
1844 5648 1923 5692 est
1965 5656 2051 5692 ve-

468 5733 616 5789 ritas,
646 5742 743 5780 ncc
772 5727 820 5779 in
855 5737 1030 5795 partes
1060 5727 1247 5779 divisa.
1283 5729 1355 5780 Ac
1392 5727 1527 5780 sicut
1570 5728 1611 5780 is
1647 5728 1733 5795 qui
1793 5729 2051 5796 margari-

473 5831 575 5873 tam
604 5821 759 5874 habet
785 5859 798 5886 ,
830 5821 972 5873 novit
1001 5819 1112 5887 ipse
1144 5833 1200 5872 se
1230 5818 1442 5872 diiitem
1481 5831 1599 5874 esse
1625 5835 1638 5885 ;
1665 5835 1804 5888 sa'pe
1831 5830 2004 5874 autem
2030 5862 2044 5890 ,

1246 428 1302 483 S.
1343 425 1618 484 JOANNIS
1642 417 2110 480 CHRYSOSTOMI
2151 419 2465 476 AllleliJP.
2505 417 3035 478 CONSTANTINOP.

3647 422 3748 478 884

2165 538 2287 592 licet
2331 538 2474 592 illam
2517 555 2674 593 manu
2709 548 2902 604 teneat,
2928 539 2978 593 id
3010 539 3128 593 aliis
3157 547 3238 592 est
3269 537 3538 608 ignomm;
3570 552 3745 609 neque

2165 631 2305 684 enim
2349 629 2491 683 mole
2519 630 2758 698 corporis
2789 629 3008 699 insignis
3038 639 3119 683 est
3148 645 3160 680 :
3193 627 3269 681 sic
3305 637 3358 682 et
3403 629 3455 680 in
3485 627 3745 695 praediea-

2166 720 2345 784 tione,
2377 718 2465 786 qui
2497 716 2641 770 illam
2689 727 2907 782 tenent,
2940 731 2996 771 se
3028 716 3217 770 divites
3247 729 3366 769 esse
3392 722 3624 778 norunt,
3659 717 3744 768 in-

2162 808 2360 862 creduli
2394 817 2569 862 autem
2600 807 2903 861 tbesaurmn
2937 804 3239 876 hujusmodi
3271 806 3575 874 ignorantes
3601 845 3616 868 ,
3650 820 3747 858 no-

2162 908 2301 952 stras
2329 900 2452 952 item
2495 898 2702 951 divitias
2735 899 2997 950 nesciunt.
3055 895 3252 952 Deinde
3282 910 3348 949 ne
3374 894 3736 963 prtedicationi

2164 999 2363 1043 tantum
2393 990 2616 1043 fidamus
2636 1032 2649 1053 ,
2680 1005 2812 1042 neve
2840 999 3084 1058 ptttemus
3110 990 3278 1043 solam
3307 988 3465 1043 fidem
3496 989 3562 1043 ad
3589 990 3738 1045 salu-

2161 1089 2267 1134 tem
2323 1081 2474 1134 nobis
2513 1079 2797 1142 sufﬁcere,
2828 1079 2984 1133 aliam
3019 1079 3306 1133 terribilem
3333 1078 3488 1133 effert
3515 1079 3744 1148 parabo-

2158 1172 2282 1226 lam.
2315 1171 2566 1238 Qumnam
2618 1171 2704 1224 illa
2745 1173 2862 1226 est?
2887 1171 2976 1226 47.
3006 1169 3226 1240 Sagente
3255 1170 3523 1240 parabole.
3563 1170 3746 1226 Simile

2157 1273 2228 1316 est
2259 1278 2465 1332 regnum
2488 1263 2723 1315 cazlcrum
2751 1278 2951 1332 sagena:
2979 1264 3143 1316 missa
3168 1263 3220 1314 in
3246 1278 3404 1326 mare,
3435 1270 3482 1316 et
3505 1278 3570 1315 ea:
3598 1263 3742 1316 omni

2157 1371 2333 1426 genere
2368 1354 2576 1423 piscium
2601 1354 2922 1425 congreganti
2946 1371 2963 1408 :
2998 1353 3087 1409 48.
3117 1370 3265 1424 quam
3286 1353 3547 1407 educentes
3580 1354 3649 1407 ad
3679 1355 3744 1407 li-

2160 1459 2239 1496 tus
2262 1445 2432 1506 maris,
2467 1445 2712 1505 sedentes,
2744 1453 2790 1496 et
2816 1443 3102 1513 colligentes
3128 1443 3282 1497 bonos
3306 1444 3358 1496 in
3380 1458 3467 1496 ras
3483 1443 3737 1512 jecerunt,

2158 1532 2318 1588 malos
2336 1544 2497 1586 autent
2527 1536 2662 1603 foras
2690 1534 2943 1587 miserunt.
2981 1533 3036 1588 In
3057 1549 3162 1604 quo
3181 1532 3360 1588 differt
3385 1533 3498 1588 huic
3527 1549 3556 1587 ιι
3587 1549 3743 1601 para-

2159 1623 2277 1676 bola
2300 1624 2659 1677 zizaniorum?
2688 1622 2817 1676 Nam
2843 1632 2897 1677 et
2917 1623 3026 1677 illic
3052 1624 3140 1677 alii
3169 1632 3451 1678 servantur
3475 1666 3492 1690 ,
3514 1622 3604 1677 alii
3623 1636 3736 1689 per.

2157 1719 2321 1778 cunt;
2386 1714 2476 1768 sed
2509 1715 2616 1768 illic
2640 1714 2708 1768 ob
2731 1729 3012 1784 pravorum
3045 1713 3352 1784 dogmatum
3369 1715 3612 1769 lateresim
3647 1732 3658 1767 :
3685 1727 3740 1770 et

2157 1805 2244 1874 qui
2272 1814 2392 1857 ante
2431 1815 2796 1859 memorantur
2815 1847 2829 1871 ,
2851 1806 2974 1874 quia
3015 1803 3174 1861 dictis
3200 1806 3603 1875 praedicandum
3634 1821 3741 1861 non

2156 1894 2466 1958 attendunt;
2498 1894 2550 1947 hi
2581 1911 2708 1949 vero
2725 1896 2793 1950 ob
2820 1897 3134 1949 seelcratam
3168 1896 3350 1962 vitam,
3378 1898 3469 1966 qui
3497 1897 3736 1952 omnium

2155 1988 2442 2040 miserrimi
2472 1996 2614 2053 sunt,
2651 1996 2830 2056 utpote
2855 1988 2945 2057 qui
2989 1987 3040 2041 in
3073 1988 3316 2043 notitiam
3347 1989 3590 2042 veritatis
3618 2004 3744 2059 per-

2155 2077 2498 2142 venerint,et
2543 2077 2593 2130 in
2637 2087 2752 2131 rete
2789 2077 3104 2146 piscantium
3144 2079 3455 2140 inciderint,
3481 2094 3543 2132 ac
3575 2095 3746 2148 neque

2155 2167 2232 2220 sic
2261 2167 2483 2222 salutem
2514 2167 2766 2237 consequi
2789 2169 3075 2237 potuerint.
3103 2166 3432 2237 Quamquam
3451 2168 3575 2223 alibi
3598 2169 3742 2223 dicat

2157 2258 2324 2327 ipsum
2359 2267 2623 2327 pastorem
2651 2274 2959 2329 segregassc
2982 2274 3128 2323 oves,
3165 2259 3251 2314 bic
3277 2260 3406 2315 dicit
3435 2241 3655 2330 angelos
3687 2262 3738 2315 id

2158 2348 2330 2403 facere
2353 2390 2368 2414 ,
2394 2357 2448 2402 ut
2475 2357 2528 2402 et
2560 2349 2612 2402 in
2644 2349 2966 2404 zizaniorum
2998 2349 3244 2418 parabola
3278 2348 3488 2421 (Matth.
3511 2350 3600 2405 25'.
3625 2350 3739 2421 32).

2156 2438 2290 2507 Quid
2315 2454 2440 2508 ergo
2475 2439 2801 2492 dicendum?
2833 2439 3130 2508 Aliquando
3159 2440 3464 2504 demissius,
3498 2440 3738 2510 aliquan-

2156 2529 2224 2580 do
2254 2529 2530 2582 sublimius
2559 2529 2684 2600 ipsis
2719 2529 2969 2598 loquitur.
3021 2529 3169 2584 lianc
3197 2544 3357 2598 porro
3392 2545 3491 2584 nec
3517 2541 3734 2600 rogatus

2158 2622 2459 2689 pirabolam
2514 2633 2702 2691 sponte
2757 2624 3134 2692 interpretatur
3191 2639 3204 2675 :
3259 2638 3322 2675 ex
3362 2631 3508 2691 parte
3564 2623 3738 2678 solum

2156 2712 2437 2779 explicavit
2467 2713 2633 2775 illam,
2665 2724 2719 2766 et
2745 2714 2986 2768 timorem
3019 2713 3184 2768 auxit.
3207 2713 3281 2768 Ne
3297 2715 3439 2768 enim
3467 2723 3745 2785 postquam

2157 2803 2368 2863 audisti,
2404 2804 2570 2856 malos
2594 2803 2796 2872 ejectos
2823 2802 2985 2858 fuisse
3011 2803 3154 2858 foras
3175 2845 3190 2869 ,
3221 2806 3338 2859 sine
3364 2805 3599 2875 periculo
3628 2821 3740 2861 rem

2160 2910 2278 2949 csse
2320 2905 2552 2964 putares,
2591 2896 3024 2964 interpretatione
3063 2911 3158 2949 sua
3206 2897 3522 2965 supplicium
3555 2897 3747 2951 extulit

2157 2987 2356 3049 dicens,
2395 2987 2594 3039 Mittent
2631 3002 2712 3039 eos
2736 2987 2787 3039 in
2819 2988 3070 3040 caminum
3098 2989 3263 3058 ignis';
3295 2989 3578 3044 stridorem
3608 2989 3744 3044 den-

2161 3079 2284 3131 tium
2321 3092 2619 3130 memorans
2651 3077 3075 3148 ineﬂ‘abilemque
3105 3079 3368 3134 dolerem.
3397 3081 3584 3136 Viden‘
3613 3091 3744 3151 quot

2159 3170 2222 3221 ad
2253 3170 2534 3236 perniciem
2563 3169 2699 3222 vim?
2734 3169 2832 3222 Per
2855 3179 3080 3238 petram,
3114 3184 3206 3239 per
3238 3171 3440 3240 spinas,
3470 3173 3744 3242 perviam,

2162 3274 2255 3326 per
2281 3259 2502 3315 zizania.
2533 3275 2630 3327 per
2653 3274 2923 3328 sagenam.
2964 3260 3078 3315 Non
3108 3275 3236 3330 ergo
3264 3261 3532 3319 immerito
3567 3265 3697 3319 dixit
3731 3283 3744 3319 :

2158 3353 2288 3405 Lata
2309 3363 2378 3406 est
2406 3354 2483 3406 via
2506 3369 2618 3423 qua:
2638 3355 2774 3406 ducit
2802 3355 2869 3406 ad
2891 3355 3220 3424 perditionem
3241 3398 3256 3418 ,
3281 3365 3327 3410 et
3348 3357 3492 3411 multi
3519 3368 3636 3412 sunt
3661 3359 3747 3428 qui

2158 3443 2507 3513 ingrediuntur
2549 3460 2636 3514 per
2673 3461 2784 3496 eam
2828 3443 3038 3513 (Matth.
3091 3447 3143 3498 7.
3176 3448 3287 3516 1'5).
3323 3447 3446 3502 Haec
3469 3464 3597 3518 ergo
3625 3464 3746 3502 cum

2157 3539 2397 3603 dixisset,
2446 3552 2506 3591 ac
2555 3537 2774 3592 terribili
2823 3538 2981 3591 modo
3037 3539 3197 3593 finem
3244 3538 3456 3595 dicendi
3508 3540 3745 3607 fecisset,

2160 3630 2379 3700 barcque
2412 3630 2556 3698 plura
2587 3629 2871 3697 adjecisset
2903 3630 3121 3700 (diutius
3148 3631 3290 3685 enim
3326 3631 3376 3684 in
3425 3632 3527 3685 illis
3569 3647 3749 3686 mora-

2163 3733 2242 3775 tus
2264 3722 2392 3788 est).
2415 3723 2487 3774 ait
2516 3738 2527 3772 :
2563 3722 2650 3775 5|.
2685 3719 3014 3774 [intellexistis
3046 3722 3152 3775 han:
3196 3722 3412 3775 omnia?
3443 3722 3626 3776 Dicunt
3657 3725 3702 3777 ei
3729 3742 3746 3777 :

2163 3813 2359 3876 Etiam,
2395 3812 2627 3865 Domine.
2665 3813 2791 3865 Post
2824 3813 2955 3874 ha-c,
2996 3814 3117 3878 quia
3157 3814 3534 3867 intellexerunt
3560 3855 3574 3872 .
3606 3815 3750 3882 ipsos

2161 3907 2341 3960 laudat
2372 3906 2454 3958 bis
2480 3906 2675 3958 verbis.
2711 3906 2798 3959 52.
2831 3905 2954 3960 Ideo
2983 3907 3146 3960 ontnis
3170 3907 3332 3959 scriba
3375 3910 3550 3961 doctus
3577 3910 3628 3961 in
3661 3926 3746 3961 νεα

2159 4013 2257 4065 gno
2277 3996 2535 4059 caaforum,
2566 3995 2744 4048 similis
2770 4006 2843 4048 est
2870 3996 3058 4047 homini
3081 3997 3220 4060 patri
3244 3998 3487 4065 familias,
3515 3999 3598 4068 qui
3626 4015 3749 4067 pro-

2161 4091 2255 4156 fert
2282 4087 2342 4138 de
2366 4086 2599 4138 thesauro
2625 4103 2716 4138 suo
2749 4103 2874 4138 nora
2919 4095 2964 4138 et
3003 4096 3188 4138 uetera.
3238 4085 3361 4141 ideo
3385 4087 3508 4141 alibi
3539 4103 3750 4157 quoque

2161 4178 2237 4229 ait
2268 4195 2281 4228 :
2309 4176 2511 4228 Mittam
2537 4176 2603 4227 ad
2651 4192 2735 4228 vos
2761 4177 3009 4244 sapientes
3036 4185 3079 4228 et
3103 4175 3376 4244 scribas(M
3387 4176 3747 4243 att/1.23.55).

2233 4269 2284 4322 ’5.
2317 4266 2700 4334 Scripturarum
2744 4265 2886 4318 lectio
2916 4268 3315 4321 commendatur.
3355 4268 3632 4321 Humilitas
3659 4286 3748 4322 ca-

2163 4368 2251 4428 put
2292 4360 2507 4412 virtutis.
2535 4388 2605 4397 —
2633 4357 2792 4412 Vides
2831 4358 3102 4427 quomodo
3142 4374 3245 4412 non
3300 4361 3547 4414 excludat
3591 4361 3751 4416 Vetus

2161 4450 2584 4511 Testamentum,
2611 4449 2701 4502 sed
2744 4451 2918 4518 potius
2962 4449 3142 4504 laudet
3169 4461 3224 4504 et
3246 4451 3501 4514 celebret,
3535 4452 3753 4506 thesau.

2165 4557 2284 4595 rum
2313 4540 2549 4594 vocans?
2592 4538 2767 4608 Itaque
2807 4550 3067 4609 quotquot
3110 4541 3405 4595 divinarum
3443 4542 3749 4611 Scriptura-

2163 4647 2283 4684 rum
2332 4629 2558 4698 imperiti
2587 4638 2728 4691 sunt,
2759 4644 2862 4682 non
2907 4641 3086 4697 patres
3135 4630 3362 4684 familias
3409 4631 3623 4694 fuerint,
3661 4634 3750 4704 qui

2165 4736 2337 4790 neque
2364 4719 2559 4772 habent
2586 4720 2702 4788 ipsi.
2738 4735 2835 4773 nec
2860 4719 2927 4774 ab
2948 4720 3065 4774 aliis
3093 4722 3382 4788 accipiunt,
3403 4723 3496 4777 sed
3524 4737 3582 4778 sc
3613 4725 3753 4779 fame

2166 4821 2447 4881 pereuntes
2484 4811 2771 4880 negligunt.
2803 4809 2907 4865 Nec
2935 4811 3094 4866 modo
3125 4812 3243 4881 ipsi,
3270 4813 3361 4867 sed
3395 4815 3552 4868 etiam
3585 4814 3754 4869 hatre-

2166 4906 2252 4959 tici
2275 4914 2520 4974 expertes
2550 4911 2674 4956 sunt
2701 4903 2855 4970 hujus
2885 4903 3244 4957 beatitudinis.
3292 4905 3404 4958 Non
3435 4908 3573 4959 enim
3627 4922 3752 4975 pro-

2164 4998 2341 5053 ferunt
2370 5013 2506 5051 nova
2536 5005 2589 5050 et
2618 4995 2964 5049 vetcra.N.tm
2995 5011 3114 5050 cum
3141 5007 3318 5051 vetera
3352 5015 3456 5051 non
3491 4999 3745 5064 habeant,

2164 5105 2262 5143 nec
2286 5104 2420 5142 nova
2445 5088 2641 5141 habere
2667 5095 2886 5154 possunt
2908 5104 2919 5138 :
2941 5087 3388 5155 quemadmodum
3423 5089 3583 5143 etiam
3605 5091 3636 5143 ii
3662 5091 3750 5158 qui

2166 5195 2298 5234 nova
2329 5195 2431 5236 nou
2462 5179 2678 5242 habent,
2700 5178 2967 5232 veteribus
2993 5195 3201 5248 quoque
3223 5189 3428 5246 carent,
3449 5179 3544 5235 sed
3592 5183 3751 5237 utris-

2163 5291 2264 5344 que
2307 5274 2581 5344 privantur
2616 5290 2628 5324 :
2675 5271 2787 5326 hmo
2815 5274 2958 5327 enim
2994 5281 3173 5325 mutuo
3215 5273 3529 5342 colligantur
3554 5284 3607 5328 et
3629 5289 3755 5326 con-

2165 5375 2472 5421 nectuntur.
2523 5365 2813 5420 Audiamus
2861 5367 3036 5431 itaque
3062 5376 3322 5436 quotquot
3350 5368 3748 5438 Scripturarmn

2164 5458 2444 5512 lectionem
2491 5457 2826 5524 negligimus,
2873 5470 3128 5524 tpiamum
3173 5458 3437 5524 patiamur
3471 5459 3748 5523 damnum,

2162 5557 2412 5620 quantam
2443 5557 2829 5616 paupertatem.
2858 5547 3202 5613 Quandonant
3235 5549 3392 5604 vitam
3425 5565 3546 5603 cum
3574 5552 3753 5617 operi-

2164 5639 2584 5706 busjungemns,
2615 5638 2702 5706 qui
2745 5653 2810 5690 ne
2860 5637 3003 5706 leges
3045 5639 3259 5708 quidem
3303 5641 3584 5704 novimus,
3615 5657 3746 5710 quas

2160 5728 2540 5782 observemus?
2563 5727 2666 5781 Sed
2692 5727 2905 5794 divites,
2934 5729 3021 5796 qui
3044 5729 3347 5786 divitiarum
3367 5732 3655 5801 cupiditate
3677 5733 3746 5785 in-

2161 5821 2410 5884 saniunt,
2461 5830 2602 5890 Smpe
2646 5831 2822 5875 vestes
2853 5835 2974 5876 suas
3020 5838 3084 5878 ne
3124 5839 3152 5876 a
3186 5825 3343 5879 tineis
3391 5824 3746 5881 corrodantur
