4046 6436
593 391 690 444 ιεη
1345 384 1402 438 S.
1434 378 1706 435 JOANNIS
1742 372 2214 434 CIIRYSOSTOMI
2255 370 2571 427 ARCHIEP.
2610 365 3141 426 CONS'I'ANTINOP.
3737 360 3841 417 ΗΒ

1652 560 1996 622 HOMILIA
2039 557 2325 619 XLVIII.
2380 555 2470 618 al.
2517 553 2747 616 XLIX.

2262 697 2327 752 ad
2356 697 2473 752 illos
2501 697 2702 752 venerit
2735 713 2748 748 :
2777 703 2833 749 at
2857 709 3030 764 neque
3059 693 3137 750 sic
3159 695 3306 750 illum
3334 696 3587 760 tulerunt,
3618 695 3725 748 imo
3758 708 3846 748 ar-

2262 789 2460 843 dehaut
2512 786 2724 842 invidia.
2766 784 2877 841 Cur
2913 801 3042 856 ergo
3075 801 3238 856 pauca
3281 795 3455 841 tamen
3499 785 3623 840 fecit
3650 784 3842 854 signa?

583 721 707 774 Car.
753 717 840 772 l5.
885 731 934 768 ν.
981 714 1068 769 53.
1117 710 1182 766 Et
1220 713 1409 783 factum
1449 716 1540 772 est,
1601 719 1712 757 cum
1769 708 2154 755 consummasset

854 806 887 860 J
895 822 1004 860 esus
1032 801 1296 869 parabolas
1323 801 1463 862 istas,
1494 795 1719 850 transivit
1743 793 1878 846 inde.

659 901 710 954 l.
737 896 846 954 Cur
865 896 1017 961 dixit,
1051 893 1183 948 lstas
1199 892 1226 946 7
1249 891 1381 958 Quia
1401 888 1532 942 alias
1559 885 1797 941 dicturus
1819 888 1952 936 erat.
1979 879 2154 949 Quare

581 991 704 1046 inde
735 987 998 1045 recessit?
1040 983 1111 1040 Ut
1148 982 1371 1037 verbum
1403 978 1598 1049 ubique
1625 973 2014 1031 disseminaret.
2056 971 2146 1025 ει.

581 1082 644 1136 Et
676 1098 792 1137 cum
817 1079 1026 1134 uenisset
1051 1077 1105 1129 in
1130 1073 1347 1144 patriam
1373 1086 1539 1135 suam,
1569 1067 1780 1120 docebat
1799 1081 1880 1119 eos
1919 1064 1971 1117 in
1995 1077 2150 1132 syna-

580 1190 711 1246 goga
737 1187 928 1228 eorum.
954 1167 1122 1235 Quam
1149 1172 1302 1219 vocat
1332 1161 1552 1232 patriam
1575 1174 1724 1213 suam
1745 1157 1770 1209 ἲ
1804 1154 2027 1211 Nazaret
2045 1194 2062 1218 ,
2095 1161 2151 1246 ut

583 1241 711 1320 inihi
740 1261 954 1334 quidem
975 1257 1203 1313 videtur.
1238 1251 1357 1306 Non
1384 1251 1524 1307 enim
1549 1249 1618 1301 ibi
1644 1247 1764 1317 fecit
1787 1247 1990 1298 virtutes
2018 1241 2151 1334 mul-

584 1368 660 1410 tas
689 1332 896 1426 (Matth.
930 1349 1016 1405 l5.
1039 1346 1152 1417 58},
1177 1344 1283 1408 ait;
1330 1342 1381 1396 itt
1405 1341 1732 1410 Capernaum
1762 1344 1935 1426 autem
1979 1332 2145 1386 multa

583 1425 706 1504 fecit
743 1445 924 1515 signa;
967 1446 1290 1511 quapropter
1322 1432 1570 1489 dicebat:
1599 1427 1668 1483 Et
1711 1437 1764 1481 tu
1791 1425 2107 1497 Capernaum
2131 1463 2148 1490 ,

581 1553 693 1612 qua:
718 1550 875 1606 usque
909 1531 978 1586 ad
1008 1529 1188 1584 calum
1228 1525 1450 1582 exaltuta
1487 1539 1541 1578 es
1563 1564 1576 1587 ,
1608 1534 1762 1591 usque
1805 1518 1872 1612 ad
1897 1520 2151 1612 infernum

581 1608 847 1684 descendas
867 1642 886 1680 :
911 1622 1144 1689 quoniam
1173 1620 1216 1673 si
1249 1619 1302 1671 in
1331 1614 1568 1672 Sodomis
1588 1616 1735 1682 facile
1759 1609 1963 1682 fuissent
1991 1608 2149 1662 virtu-

584 1734 675 1789 tes,
700 1736 811 1790 qua
839 1719 988 1788 facta
1011 1722 1126 1769 sunt
1155 1713 1208 1766 in
1238 1720 1285 1765 te
1305 1751 1319 1775 ,
1349 1707 1646 1762 mansissent
1668 1703 1836 1775 utique
1862 1716 2017 1770 usque
2054 1697 2149 1752 ho-

583 1815 664 1868 die
692 1809 901 1882 (Matth.
937 1808 1024 1863 ll.
1048 1805 1163 1875 9.3).
1195 1801 1327 1858 Cum
1375 1813 1535 1870 porro
1561 1795 1794 1851 venisset
1823 1793 1976 1855 istuc,
2001 1790 2151 1860 signa

580 1903 792 1975 quidem
823 1899 985 1954 multa
1013 1911 1118 1951 non
1140 1895 1283 1958 fecit,
1307 1909 1374 1946 ne
1398 1891 1451 1946 in
1477 1889 1731 1958 majorem
1756 1886 1876 1940 illos
1901 1883 2148 1938 invidiam

581 1997 952 2057 inﬂammaret,
984 2005 1116 2045 neve
1144 1986 1213 2041 ob
1233 1984 1488 2054 majorem
1512 1978 1930 2035 incredulitatem
1953 1976 2006 2029 in
2030 1989 2151 2045 gra-

582 2091 781 2144 viorem
824 2082 1218 2140 damnationem
1263 2075 1575 2132 inciderent.
1629 2069 1930 2128 Doctrinam
1970 2075 2146 2122 autem

581 2180 832 2253 proponit
856 2192 962 2232 non
999 2171 1217 2229 minoris
1259 2183 1416 2239 quam
1459 2167 1606 2236 signa
1652 2159 2038 2253 admirationis.
2080 2157 2150 2212 At

577 2250 876 2328 stultissimi
925 2266 1166 2320 homines
1188 2304 1204 2329 ,
1236 2258 1448 2331 quando
1477 2251 1727 2311 admirari
1753 2294 1768 2318 ,
1809 2261 1862 2307 et
1888 2252 1956 2306 ob
1983 2250 2150 2304 dicto-

578 2378 698 2418 rum
738 2362 844 2413 vim
884 2357 1260 2424 obstupescere
1290 2364 1384 2419 par
1409 2347 1592 2402 fuisset
1618 2386 1633 2410 ,
1662 2345 1734 2399 illi
1763 2353 1946 2397 contra
1978 2341 2147 2410 ipsum

580 2451 944 2525 parvifaciunt,
992 2444 1133 2517 quod
1162 2443 1247 2498 tali
1272 2449 1420 2511 patre
1446 2447 1602 2493 natus
1626 2444 1901 2525 putaretur
1923 2453 1938 2489 :
1961 2448 2143 2503 quant-

578 2523 734 2616 quam
762 2540 922 2599 multa
948 2533 1307 2608 superioribus
1334 2528 1661 2600 temporibus
1685 2523 1926 2594 exempla
1950 2537 2147 2592 suppe-

581 2645 754 2693 terent
780 2647 962 2697 eorum
991 2630 1080 2704 qui
1111 2626 1327 2700 ignobili
1372 2633 1518 2695 patre
1545 2622 1650 2676 nati
1693 2619 2015 2675 claruerant.
2047 2617 2147 2671 Da-

581 2730 669 2785 vid
697 2728 890 2799 quippe
913 2724 1079 2782 Iessre
1103 2720 1222 2775 vilis
1249 2716 1523 2788 cujusdam
1552 2714 1798 2786 agricolae
1821 2713 1960 2766 filius
1987 2719 2102 2765 erat
2129 2727 2143 2764 :

576 2831 632 2877 et
677 2823 842 2876 Amos
887 2815 1116 2887 t-aprarii
1177 2812 1351 2875 illius,
1406 2809 1520 2879 ipse
1579 2821 1788 2877 quoque
1832 2803 2143 2873 caprarius:

579 2912 781 2986 Moyses
809 2922 936 2964 vero
967 2905 1251 2976 legislator,
1280 2901 1436 2970 longe
1455 2914 1514 2954 se
1539 2895 1791 2952 inferiore
1813 2904 1962 2967 patre
1989 2902 2145 2986 natus

577 2983 679 3057 est.
709 3001 840 3054 Cum
869 2995 1194 3068 oportuisset
1232 3006 1359 3060 ergo
1398 2989 1516 3045 ideo
1546 2988 1774 3042 maxime
1803 2985 2042 3041 venerari
2082 2983 2146 3037 il-

578 3095 684 3147 lum
712 3100 767 3146 et
786 3089 1164 3160 obstupescere
1185 3123 1202 3151 ,
1233 3079 1373 3154 quod
1402 3095 1465 3135 ex
1496 3079 1689 3134 talibus
1717 3085 1866 3132 ortus
1901 3075 2023 3129 talia
2067 3075 2146 3128 lo-

573 3192 827 3257 queretur
854 3197 867 3232 :
898 3177 1234 3235 manifestum
1260 3172 1454 3246 quippe
1478 3179 1593 3226 erat
1619 3169 1667 3223 id
1692 3183 1797 3223 non
1822 3182 1887 3222 ex
1915 3166 2145 3222 humano

574 3273 788 3340 studio,
835 3269 928 3326 sed
973 3283 1038 3324 ex
1066 3265 1244 3322 divina
1285 3263 1452 3334 gratia
1495 3261 1787 3333 proficisci;
1833 3259 1956 3314 inde
1998 3259 2144 3313 illum

574 3365 892 3437 despiciunt,
921 3359 1061 3417 uttde
1087 3357 1268 3413 mirari
1293 3353 1589 3426 oportebat.
1619 3353 1948 3423 Frequenter
1967 3362 2144 3405 autem

574 3459 638 3515 ad
667 3466 959 3530 synagogas
987 3450 1115 3513 ibat.
1148 3463 1214 3502 ne
1233 3447 1278 3502 si
1307 3453 1562 3527 perpetuo
1590 3443 1642 3498 in
1666 3441 1882 3498 deserto
1905 3455 2145 3497 versare-

575 3560 681 3613 tur,
714 3545 881 3616 ntagis
913 3543 1253 3605 incusarent,
1297 3547 1563 3607 tamquam
1594 3533 1906 3605 frequentia!
1933 3542 1985 3587 et
2012 3532 2142 3587 civi¢

576 3641 697 3698 tatis
722 3636 1098 3694 adversarium.
1125 3630 1416 3701 Stupentes
1444 3629 1602 3699 igitur
1626 3635 1682 3682 et
1708 3625 2032 3695 ambigentes
2056 3623 2142 3678 di-

574 3736 763 3789 rebanl
800 3750 815 3787 :
864 3727 1011 3786 Unde
1038 3726 1153 3780 huic
1191 3723 1442 3794 sapientia
1488 3721 1593 3776 haec
1619 3729 1664 3772 et
1705 3720 1948 3774 virtutes?
1983 3716 2143 3787 Signa

577 3829 796 3882 virtutes
841 3819 1132 3884 vocabant,
1173 3817 1287 3870 sive
1313 3815 1480 3884 ipsam
1524 3811 1837 3883 sapientiam
1883 3809 2018 3879 ejus.
2050 3809 2140 3864 55.

583 3919 760 3972 Nonne
787 3915 867 3969 hic
889 3923 960 3968 est
975 3910 1109 3982 fabri
1135 3905 1310 3977 filius?
1335 3905 1475 3976 Ergo
1502 3902 1810 3957 nnraeulum
1839 3901 2008 3970 majus
2034 3916 2146 3956 ma-

578 4011 759 4080 jorque
801 4015 1003 4074 stupor.
1048 3999 1233 4054 Nonne
1267 4007 1426 4051 mater
1466 3998 1573 4067 ejus
1617 3995 1800 4048 dicitur
1845 3992 2057 4048 Maria?
2097 3993 2143 4046 et

579 4107 756 4170 fratres
787 4099 896 4166 ejus
919 4093 1137 4146 Iacobus
1163 4100 1213 4145 et
1237 4089 1383 4142 loses
1409 4129 1422 4152 ,
1464 4097 1508 4141 et
1536 4086 1713 4141 Simon
1739 4095 1784 4139 et
1811 4084 1841 4137 J
1851 4086 1974 4138 udas
1997 4088 2021 4141 ?
2053 4084 2140 4138 56.

577 4201 625 4244 rt
655 4203 842 4243 sorores
871 4193 980 4254 ejus
1009 4197 1174 4236 nonne
1202 4195 1369 4233 omnes
1394 4178 1531 4246 apud
1560 4193 1650 4230 nos
1675 4175 1830 4230 sunt?
1858 4173 2004 4229 Unde
2030 4191 2145 4244 ergo

578 4284 694 4338 huic
721 4279 889 4334 omnia
913 4275 1048 4330 ista?
1072 4275 1160 4329 57.
1189 4270 1256 4326 Et
1285 4268 1754 4324 scandalisabantur
1772 4268 1827 4320 in
1853 4283 1930 4320 eo.

652 4371 860 4427 Invidia
887 4383 1022 4438 saepe
1040 4381 1206 4420 secum
1232 4364 1342 4433 ipsa
1365 4369 1572 4432 pugnat.
1594 4389 1666 4401 —
1688 4359 1870 4414 Viden'
1902 4359 1952 4412 itt
1979 4356 2142 4412 Naza-

581 4476 662 4522 ret
689 4467 785 4519 ista
811 4461 950 4517 dicta
977 4457 1182 4512 fuisse?
1211 4455 1395 4510 Nonne
1424 4452 1614 4506 fratres
1640 4451 1774 4520 ejus,
1810 4450 1996 4517 inquit,
2028 4447 2145 4501 talis

580 4568 633 4614 et
654 4557 772 4612 talis
795 4553 959 4610 sunt?
991 4550 1056 4605 Et
1083 4547 1206 4619 quid
1239 4547 1372 4601 hoc?
1404 4546 1534 4599 llinc
1561 4545 1788 4598 maxime
1817 4542 1965 4596 vobis
1993 4541 2058 4596 ad
2081 4542 2144 4595 li-

581 4649 700 4703 dem
730 4645 901 4699 induci
930 4657 1025 4714 par
1063 4648 1196 4695 erat.
1231 4637 1424 4692 Verum
1454 4635 1594 4690 mala
1634 4649 1720 4690 res
1747 4634 1942 4688 invidia
1966 4675 1980 4698 ,
2028 4648 2144 4702 quae

583 4738 684 4793 sibi
710 4736 806 4807 ipsi
835 4748 977 4804 stepe
1005 4738 1278 4800 repugnat.
1308 4727 1437 4782 Nam
1463 4742 1581 4796 qua:
1612 4725 1866 4790 inaudita,
1896 4735 1947 4778 et
1974 4723 2145 4778 adtnio

583 4830 744 4886 randa
769 4834 923 4884 erant
947 4866 962 4886 .
1005 4837 1227 4894 quasque
1257 4821 1374 4875 illos
1417 4818 1682 4873 attrahere
1707 4825 1986 4887 poterant,
2034 4816 2147 4869 hmc

583 4925 685 4982 illis
729 4917 1044 4976 oll‘endiculo
1074 4923 1245 4970 erant.
1276 4910 1412 4980 Quid
1453 4912 1609 4981 igitur
1634 4911 1874 4966 Christus
1912 4911 1976 4964 ad
2007 4909 2146 4964 eos?

584 5014 704 5069 Non
733 5020 804 5067 est
829 5007 1071 5081 propheta
1089 5046 1105 5072 ,
1141 5005 1345 5074 inquit,
1378 5002 1484 5055 sine
1513 5001 1700 5054 honore
1720 5043 1734 5066 ,
1765 5002 1860 5055 nisi
1902 5002 1952 5054 in
1979 5002 2146 5071 patria

583 5123 706 5171 sua,
740 5113 783 5158 et
821 5103 875 5155 in
911 5099 1060 5154 domo
1089 5108 1198 5152 sua.
1228 5095 1315 5151 58.
1365 5093 1428 5147 Et
1456 5110 1554 5147 non
1583 5095 1695 5164 fecit
1725 5094 1925 5147 virtutes
1964 5093 2149 5148 multas

585 5206 786 5268 propter
831 5189 1228 5247 incredulitate»:
1272 5203 1460 5241 eorum.
1507 5185 1674 5241 Lucas
1716 5193 1889 5240 autem
1923 5186 1996 5240 ait
2037 5203 2050 5239 :
2086 5184 2150 5238 Et

586 5305 684 5343 non
711 5287 826 5356 fecit
867 5285 934 5338 ibi
960 5283 1101 5353 signa
1128 5281 1305 5334 multa.
1340 5279 1496 5348 Atqui
1527 5277 1700 5332 facere
1724 5277 2026 5345 debuisset,
2070 5278 2148 5332 itt-

586 5381 755 5448 quies.
782 5375 913 5431 Nam
940 5375 982 5428 si
1011 5373 1061 5426 id
1091 5379 1406 5441 assequutus
1435 5379 1513 5423 est
1542 5377 1598 5422 ut
1623 5368 1957 5424 admirationi
1985 5377 2146 5432 esset,

589 5480 644 5524 nt
673 5482 796 5522 vere
825 5466 919 5520 fuit
943 5507 958 5531 ,
987 5479 1080 5517 cur
1107 5463 1253 5533 signa
1294 5476 1397 5515 non
1429 5459 1585 5514 fecit?
1611 5459 1740 5526 Quia
1782 5475 1885 5514 non
1913 5469 2147 5513 ostenta-

587 5563 806 5621 tionem,
837 5557 930 5611 sed
955 5571 1138 5610 eorum
1165 5555 1440 5608 utilitatem
1471 5553 1523 5607 in
1551 5567 1714 5624 scopo
1749 5551 1992 5607 habebat.
2018 5551 2149 5605 Cum

589 5655 744 5723 igitur
773 5649 884 5702 ltmc
914 5648 990 5700 via
1022 5663 1124 5700 nou
1165 5644 1507 5708 succederet,
1550 5647 1617 5702 ab
1646 5661 1710 5701 eo
1738 5644 1876 5715 quod
1906 5661 1936 5698 e
1963 5661 2020 5699 re
2057 5659 2147 5698 sua

589 5756 705 5796 esse
735 5738 1006 5793 videbatur
1036 5736 1304 5800 abstinuit,
1327 5751 1392 5791 ne
1419 5737 1546 5804 ipsis
1572 5737 1886 5806 supplicium
1913 5748 2147 5806 augeret.

591 5834 913 5899 Qttzttttquattl
945 5837 1060 5887 post
1095 5835 1293 5882 tantum
1327 5836 1564 5898 tempus,
1594 5838 1708 5898 post
1737 5837 1812 5882 tot
1840 5829 1978 5884 edita
2007 5828 2150 5898 signa

2261 879 2338 934 Ne
2365 879 2621 944 dicerent,
2653 877 2862 942 Medice,
2892 894 3016 931 cura
3041 888 3088 931 te
3109 879 3275 947 ipsum
3300 875 3447 948 (Luc.
3473 877 3525 932 4.
3558 875 3689 947 23);
3725 875 3836 940 vel,

2249 970 2507 1046 Inimicus
2534 979 2716 1026 noster
2755 979 2835 1025 est
2861 979 2916 1025 et
2943 971 3112 1025 hostis
3133 1011 3149 1037 ,
3180 970 3473 1039 amnesque
3502 985 3628 1024 suos
3655 969 3837 1038 despi-

2256 1063 2360 1128 cit;
2395 1078 2462 1118 ne
2486 1062 2746 1125 dicerent,
2775 1061 2830 1116 Si
2874 1060 3006 1116 facta
3040 1060 3263 1116 fuissent
3286 1060 3432 1131 signa
3453 1101 3468 1126 ,
3507 1075 3606 1115 nos
3623 1074 3838 1130 quoque

2257 1152 2686 1208 credidissennts.
2715 1152 2835 1208 ideo
2863 1161 2914 1206 et
2942 1152 3089 1222 signa
3116 1151 3241 1207 fecit
3261 1193 3276 1218 ,
3313 1161 3368 1206 et
3400 1153 3509 1206 cito
3536 1150 3710 1205 facere
3736 1149 3839 1204 de-

2251 1242 2358 1306 siit;
2388 1251 2495 1296 tutn
2526 1254 2582 1296 ut
2606 1259 2724 1313 qua:
2752 1260 2844 1298 sua
2865 1255 3018 1299 erant
3045 1243 3319 1312 impleret;
3345 1253 3454 1297 tum
3476 1259 3544 1298 ne
3569 1244 3832 1312 majorem

2254 1333 2382 1404 ipsis
2431 1332 2823 1390 damnationem
2867 1335 3176 1390 attraheret.
3221 1336 3489 1391 Dictorum
3536 1351 3696 1405 porro
3726 1336 3838 1389 vim

2261 1426 2454 1497 cogita.
2492 1426 2662 1482 Etiam
2703 1427 2895 1482 invidia
2936 1429 3198 1497 correpti,
3241 1428 3568 1484 mirabantur
3611 1437 3788 1482 tamen
3822 1446 3838 1482 :

2258 1533 2439 1572 verum
2475 1521 2609 1573 sicut
2639 1519 2690 1573 in
2718 1519 2968 1589 operibus
2995 1535 3097 1574 non
3131 1535 3215 1574 res
3247 1521 3386 1591 ipsas
3416 1519 3836 1587 reprehendunt.

2258 1609 2351 1664 sed
2396 1625 2587 1665 causas
2626 1611 3100 1666 comminiscuntur
3141 1611 3412 1676 dicentes,
3458 1608 3526 1664 In
3555 1609 3838 1664 Beelzebub

2258 1704 2392 1774 ejicit
2438 1704 2688 1758 damonia
2736 1703 2883 1777 (Luc.
2930 1706 3016 1759 ll.
3073 1705 3159 1774 ll)
3190 1723 3201 1757 ε
3235 1707 3312 1760 sic
3353 1715 3406 1760 et
3436 1705 3536 1761 hoc
3574 1705 3694 1759 loco
3724 1721 3835 1760 non

2257 1793 2549 1849 doctrinam
2571 1797 2803 1866 culpant,
2835 1794 2927 1851 sed
2957 1795 3020 1850 ad
3056 1797 3268 1866 generis
3298 1796 3676 1867 ignobilitatem
3698 1812 3835 1851 con-

2258 1885 2484 1956 fugiunt.
2521 1887 2599 1942 'I‘u
2629 1901 2756 1942 vero
2785 1887 2910 1942 mihi
2943 1890 3208 1956 perpende
3240 1889 3479 1944 Doctoris
3506 1889 3829 1946 moderatio-

2255 1993 2400 2041 nem,
2430 1978 2696 2048 quomodo
2725 1993 2828 2034 non
2862 1979 2981 2034 illos
3006 1980 3286 2047 vituperet,
3313 1978 3406 2034 sed
3434 1995 3554 2033 cum
3581 1995 3835 2035 mansne-

2255 2069 2437 2124 tudine
2463 2069 2623 2124 multa
2646 2070 2785 2124 dicat
2811 2088 2823 2124 :
2855 2069 2974 2124 Non
2999 2080 3070 2124 est
3100 2071 3344 2141 prapheta
3367 2072 3475 2125 sine
3497 2072 3702 2136 honore,
3732 2073 3835 2126 nisi

2254 2161 2306 2215 in
2347 2161 2509 2230 patria
2547 2177 2658 2215 sua.
2705 2160 2885 2231 Neque
2925 2160 3010 2216 hic
3049 2165 3214 2226 stetit,
3249 2163 3339 2216 sed
3389 2163 3615 2233 adjecit,
3668 2163 3734 2217 Et
3777 2166 3833 2218 in

2256 2251 2403 2305 domo
2431 2268 2557 2316 sua;
2587 2252 2794 2318 fratres,
2822 2263 2877 2307 ιιι
2899 2253 3023 2307 mihi
3052 2253 3266 2324 quidem
3297 2255 3519 2322 videtur,
3550 2272 3676 2312 suos
3703 2259 3833 2312 sub-

2256 2343 2510 2402 indicans.

2323 2435 2379 2488 2.
2421 2435 2572 2504 Apud
2604 2435 2798 2492 Lucam
2827 2439 3072 2510 exempla
3119 2439 3339 2508 hujusce
3377 2441 3452 2495 rei
3483 2444 3701 2511 apponit
3744 2444 3827 2497 di-

2253 2541 2416 2581 cens:
2447 2527 2630 2598 Neque
2667 2528 2845 2583 Helias
2890 2530 2954 2584 ad
2997 2546 3121 2585 suos
3173 2533 3349 2599 venit,
3381 2533 3476 2588 sed
3520 2534 3584 2588 ad
3617 2536 3828 2589 viduam

2253 2621 2624 2690 alienigenam,
2658 2637 2828 2692 neque
2853 2623 2918 2678 ah
2959 2623 3151 2678 Elisa‘o
3181 2626 3313 2679 alius
3335 2637 3551 2680 curatus
3583 2628 3824 2695 leprostts

2251 2721 2352 2778 est,
2385 2712 2486 2766 nisi
2519 2711 2749 2767 Nccman
2775 2713 3066 2784 alienigena
3099 2714 3245 2787 (Luc.
3279 2717 3332 2770 4.
3359 2717 3448 2771 26.
3490 2718 3582 2788 27)
3609 2735 3621 2770 :
3659 2717 3828 2773 lsracc

2253 2804 2356 2857 litae
2377 2819 2502 2859 vero
2532 2820 2629 2859 nec
2650 2805 2776 2874 quid
2806 2805 2927 2859 boni
2955 2815 3293 2875 acceperunt,
3329 2823 3426 2862 nec
3447 2809 3570 2877 quid
3599 2810 3722 2864 boni
3747 2811 3826 2865 fe-

2250 2904 2457 2958 cerunt,
2500 2895 2592 2950 sed
2629 2898 2866 2951 extranei
2918 2906 3142 2952 tantum.
3187 2898 3312 2953 IIch
3355 2915 3516 2970 porro
3541 2899 3690 2967 dicit,
3723 2902 3818 2956 im-

2251 2986 2468 3056 probam
2518 2986 2727 3040 illorum
2758 2989 3197 3044 consuetudinem
3229 2990 3386 3060 plane
3410 2992 3698 3047 ostendens
3722 3035 3736 3060 ,
3771 3004 3826 3049 et

2251 3075 2383 3131 nihil
2428 3091 2488 3131 se
2527 3076 2652 3132 novi
2696 3078 2924 3147 experiri
2951 3078 3250 3134 declamas.
3297 3079 3449 3152 (Cap.
3505 3082 3626 3153 l4.)
3668 3085 3718 3139 Ι.
3755 3083 3820 3139 ιη

2249 3165 2340 3220 illo
2381 3175 2600 3236 tempore
2633 3168 2819 3221 audiuit
2867 3167 3091 3224 Herodes
3135 3172 3392 3242 tetrarcha
3425 3175 3616 3244 famam
3669 3173 3821 3230 Iesu.

2251 3256 2486 3312 Mortuus
2525 3258 2666 3312 enim
2694 3269 2808 3312 erat
2848 3259 3003 3328 hujus
3032 3270 3180 3329 pater
3205 3253 3440 3319 Herodes
3463 3305 3478 3328 ,
3507 3264 3596 3334 qui
3630 3281 3825 3334 pueros
3859 3299 3868 3306 -

2251 3347 2534 3403 occiderat.
2565 3349 2670 3403 Nec
2714 3351 2828 3404 sine
2867 3366 3026 3406 causa
3071 3361 3279 3422 tempus
3324 3364 3543 3409 annotat
3588 3371 3823 3425 evange-

2251 3441 2369 3497 lista
2390 3482 2408 3510 ,
2437 3442 2530 3497 sed
2562 3456 2618 3497 ut
2643 3443 2851 3515 tyranni
2883 3443 3078 3500 fastum
3109 3454 3164 3500 et
3191 3447 3562 3518 negligentiam
3591 3450 3820 3504 ediscas.

2248 3534 2430 3606 Neque
2453 3541 2592 3591 enim
2623 3537 2771 3592 initio
2811 3537 2895 3591 illa
2924 3537 3102 3592 didicit
3130 3581 3146 3606 ,
3175 3540 3268 3594 sed
3296 3548 3414 3609 post
3438 3542 3658 3596 multum
3691 3551 3829 3597 tem-

2249 3627 2413 3696 poris.
2455 3626 2543 3682 Sic
2566 3628 2706 3682 enim
2739 3629 3002 3698 principes
3042 3629 3236 3686 fastum
3263 3631 3483 3686 multum
3521 3648 3628 3702 pne
3655 3650 3714 3688 se
3741 3633 3826 3689 le-

2248 3728 2460 3784 rentes,
2509 3733 2596 3773 res
2645 3718 2949 3788 hujnsmodi
2998 3722 3199 3777 tardius
3237 3722 3507 3787 ediscunt,
3558 3725 3678 3794 quia
3712 3725 3830 3781 lure

2247 3812 2394 3880 parvi
2422 3809 2639 3866 faciunt.
2681 3811 2762 3865 Tu
2792 3826 2916 3865 vero
2943 3812 3070 3866 mihi
3103 3813 3372 3884 perpende
3411 3825 3604 3884 quanta
3645 3831 3730 3870 res
3756 3818 3830 3872 sit

2247 3903 2444 3963 virtus;
2475 3919 2596 3957 tiam
2639 3903 2727 3957 ille
2757 3912 3024 3958 tnortuum
3083 3906 3337 3971 timebat,
3369 3905 3592 3976 hincque
3618 3907 3684 3961 de
3710 3910 3831 3977 ejus

2250 3996 2636 4050 resurrectione
2665 3982 3159 4065 philosophahatur.
3185 3997 3239 4052 2.
3269 3995 3413 4080 Dicit
3439 3999 3603 4065 enim,
3633 4001 3827 4069 inqttit,

2249 4087 2416 4153 pueris
2442 4086 2547 4138 suis
2574 4101 2593 4138 :
2623 4083 2722 4138 Hic
2747 4096 2816 4138 est
2859 4083 3118 4152 Joannes,
3152 4104 3297 4157 quem
3328 4103 3414 4156 ego
3457 4089 3716 4157 interfeci;
3744 4092 3830 4144 hic

2249 4178 2520 4228 resurrexit
2544 4192 2575 4228 a
2614 4178 2863 4240 mortuis;
2911 4186 2957 4230 et
2985 4178 3097 4230 ideo
3124 4178 3326 4232 virtutes
3351 4190 3623 4248 operantur
3658 4181 3711 4234 in
3743 4199 3825 4236 eo.

2253 4265 2436 4319 Viden'
2457 4265 2710 4335 grandem
2756 4267 3040 4320 timorem?
3067 4266 3248 4337 Neque
3275 4269 3416 4322 enim
3451 4271 3501 4323 id
3531 4271 3584 4324 in
3613 4273 3830 4340 publico

2247 4356 2423 4409 dicere
2451 4371 2610 4410 ausus
2649 4365 2767 4424 est,
2805 4356 2898 4411 sed
2926 4356 3232 4414 domesticis
3262 4369 3465 4413 tantum
3493 4362 3604 4417 suis
3641 4363 3720 4416 sic
3748 4365 3827 4416 lu-

2248 4450 2525 4518 qnehatur.
2558 4452 2805 4503 Attamen
2853 4450 2966 4504 inec
2990 4450 3218 4505 absurda
3250 4452 3432 4521 opinio
3475 4454 3697 4508 militem
3734 4471 3828 4510 sa-

2249 4543 2442 4610 piebat.
2476 4541 2622 4595 Multi
2663 4541 2802 4596 enim
2833 4552 3180 4596 surrexerunt
3206 4559 3233 4594 a
3263 4545 3488 4599 mortuis
3512 4587 3527 4610 ,
3569 4555 3622 4600 et
3665 4561 3829 4602 nemo

2249 4647 2318 4686 ex
2360 4633 2438 4686 eis
2481 4631 2768 4701 quidquam
2814 4632 3114 4701 hujnsmodi
3158 4631 3300 4688 fecit.
3363 4635 3620 4690 Videntur
3666 4652 3830 4705 porro

2251 4723 2375 4776 mihi
2401 4723 2516 4777 ha-c
2534 4725 2692 4777 verba
2715 4724 3054 4778 ambitionem
3077 4725 3233 4779 simul
3262 4734 3314 4780 et
3339 4727 3580 4782 timorem
3611 4742 3822 4796 sapere.

2249 4813 2337 4869 Sic
2361 4815 2554 4885 quippe
2576 4815 2748 4869 minus
2773 4816 2882 4868 sani
2911 4815 3095 4880 animi,
3123 4817 3512 4872 contrariorum
3540 4817 3830 4876 alfectuutn

2251 4923 2392 4978 szepe
2421 4908 2727 4964 mixtionem
2755 4908 3058 4964 admittunt.
3085 4909 3256 4965 Lucas
3278 4927 3402 4966 vero
3428 4925 3606 4967 narrat
3626 4913 3827 4970 dixisse

2253 5001 2501 5071 populum
2529 5019 2540 5054 :
2573 5001 2671 5056 llic
2693 5009 2773 5056 est
2803 5001 2943 5055 Elias
2966 5044 2981 5068 ,
3023 5011 3115 5056 aut
3140 5002 3396 5057 Jeremias
3416 5046 3430 5070 ,
3462 5013 3552 5058 aut
3578 5019 3716 5059 unus
3759 5021 3827 5060 ex

2253 5092 2518 5148 veteribus
2546 5092 2816 5162 prophetis
2846 5091 3009 5162 (Luc.
3035 5091 3088 5147 9.
3122 5092 3227 5164 8);
3269 5093 3356 5148 hic
3379 5110 3508 5151 vero
3534 5096 3829 5166 sapientius

2255 5193 2416 5248 quam
2471 5181 2561 5234 alii
2591 5196 2648 5234 se
2682 5184 2901 5250 putabat
2934 5186 3008 5239 ita
3038 5185 3237 5242 dicere.
3299 5186 3605 5244 Verisimile
3632 5203 3814 5247 autem

2260 5279 2340 5324 est
2397 5271 2550 5324 illum
2601 5272 2756 5326 initio
2795 5274 3034 5342 quidem,
3069 5291 3192 5330 cum
3224 5277 3466 5333 dicerent
3496 5296 3626 5335 esse
3652 5280 3820 5334 Joan-

2256 5379 2376 5418 nem
2397 5364 2542 5434 (nam
2600 5365 2748 5418 multi
2783 5365 2862 5420 sic
2903 5366 3194 5439 dicebant),
3237 5369 3287 5422 id
3318 5386 3563 5439 negasse,
3602 5382 3674 5436 et,
3709 5372 3822 5443 Ego

2255 5456 2406 5509 illum
2474 5457 2682 5520 occidi,
2749 5457 2991 5520 dixisse,
3061 5459 3126 5514 de
3172 5460 3316 5516 caede
3368 5463 3458 5516 illa
3522 5464 3821 5519 insolenter

2253 5548 2592 5616 gloriantem.
2632 5546 2746 5603 Hoc
2800 5550 2943 5603 enim
2972 5548 3187 5607 Marcus
3209 5562 3264 5606 et
3319 5552 3494 5610 Lucas
3528 5555 3818 5612 dixisseil-

2253 5639 2359 5692 lum
2413 5649 2669 5706 narrant,
2705 5640 2817 5711 Ego
2863 5639 3122 5696 Joannem
3154 5645 3425 5700 decollari.
3470 5650 3603 5701 Cum
3637 5660 3816 5704 autem

2255 5731 2395 5783 fama
2444 5731 2776 5798 praevaleret,
2820 5733 3036 5787 demum
3103 5736 3216 5805 ipse
3278 5737 3416 5792 idem
3460 5739 3632 5808 ipsum
3669 5742 3814 5810 quod

2254 5822 2344 5874 alii
2369 5821 2525 5874 dixit.
2549 5821 2746 5877 Deinde
2781 5839 2907 5878 vero
2930 5825 3211 5881 historiam
3241 5829 3385 5882 illam
3413 5831 3568 5886 nobis
3588 5846 3815 5899 evange.
