4046 6426
264 415 365 469 με)

264 536 380 590 lista
412 543 614 589 narrat.
648 533 712 589 Et
739 548 834 586 cur
857 547 960 586 non
987 530 1125 584 illam
1152 528 1519 598 pra-miserat?
1550 528 1681 592 Quia
1716 525 1767 579 in
1793 540 1857 578 eo

264 636 407 681 totus
434 637 571 693 erat,
599 636 652 679 ut
682 624 877 680 Christi
908 634 1053 692 geSta
1082 622 1413 676 describeret
1439 660 1453 684 ,
1500 619 1739 687 nihilque
1766 632 1848 671 ex-

262 728 342 772 tta
375 733 485 773 rem
514 717 856 785 evangelista:
887 714 1139 768 dicebant
1166 754 1180 777 ,
1222 712 1322 766 nisi
1377 711 1427 765 id
1460 712 1533 783 ad
1555 710 1855 764 institutum

258 825 416 864 suum
447 809 757 865 referretur.
783 807 896 861 Non
920 822 1047 875 ergo
1068 805 1205 859 hanc
1228 804 1504 857 historiam
1531 818 1860 878 commemo-

260 912 508 967 rassent,
544 903 645 957 nisi
677 912 895 971 propter
922 899 1190 954 (ᾇιιιὶδιιιιιι
1216 940 1231 963 ,
1277 906 1333 951 et
1359 897 1455 950 nisi
1499 895 1738 951 Herodes
1776 894 1857 948 di-

260 1000 430 1052 xisset
469 996 727 1051 Joannem
781 993 1157 1049 resnrrexisse.
1202 990 1410 1045 Marcus
1457 988 1608 1060 (Cap.
1654 989 1705 1042 6.
1760 987 1855 1057 9.0)

261 1105 389 1143 vero
428 1089 501 1143 ait
538 1087 797 1144 Joannem
829 1100 1021 1155 magno
1064 1084 1114 1137 in
1148 1085 1349 1138 honore
1389 1080 1552 1135 fuisse
1580 1080 1717 1150 apud
1750 1079 1853 1134 lle-

256 1183 467 1249 rodem,
514 1181 720 1238 etiamsi
765 1180 853 1236 hic
895 1179 964 1249 ab
996 1179 1084 1231 illo
1114 1176 1539 1245 redarguerctnr.
1572 1174 1739 1227 Tanta
1768 1187 1854 1227 res

256 1283 338 1327 (st
363 1273 548 1327 virtus.
576 1271 777 1326 Deinde
803 1285 1022 1325 narrare
1049 1268 1125 1321 sic
1156 1267 1327 1337 pergit
1354 1285 1365 1319 :
1395 1266 1449 1321 5.
1481 1263 1703 1319 Herodes
1722 1263 1855 1317 enim

256 1381 376 1418 cum
403 1363 640 1419 tenuisset
672 1360 926 1415 Joannem
950 1400 963 1423 ,
994 1360 1168 1429 ligavit
1196 1375 1307 1410 eum
1328 1400 1343 1421 ,
1374 1366 1421 1410 et
1462 1356 1631 1425 posuit
1657 1357 1709 1408 in
1736 1370 1853 1407 car-

257 1472 422 1509 cerem
455 1463 661 1525 propter
685 1451 1030 1506 llerodiadem
1058 1465 1267 1503 uxorem
1296 1446 1528 1517 Philippi
1556 1446 1731 1518 fratris
1750 1445 1849 1499 sui.

258 1548 313 1601 4.
346 1546 553 1599 Dicebat
578 1544 711 1597 cnim
758 1544 835 1596 illi
860 1541 1087 1595 Joannes
1112 1556 1131 1594 :
1158 1538 1279 1592 Non
1308 1537 1422 1592 licet
1451 1538 1539 1591 tibi
1569 1537 1753 1591 habere
1790 1536 1854 1590 il-

257 1638 381 1695 lam.
418 1638 468 1691 5.
505 1634 567 1688 Et
588 1635 757 1689 volens
783 1651 896 1687 eum
927 1632 1229 1699 interﬁcere,
1260 1630 1427 1683 timuit
1458 1628 1710 1691 turbam‘,
1734 1628 1854 1699 quia

256 1730 385 1783 sicut
416 1728 713 1797 prophetam
745 1742 857 1779 eunt
885 1723 1153 1777 habebant.
1186 1721 1296 1775 Cur
1325 1738 1432 1776 non
1466 1719 1848 1785 llerodiadetn,

254 1819 353 1877 sed
382 1820 527 1874 illum
554 1817 877 1888 alloquitur?
923 1816 1057 1885 Quia
1100 1816 1401 1885 prmcipuus
1431 1814 1520 1869 ille
1548 1822 1684 1869 erat.
1722 1813 1853 1869 Vide

256 1912 525 1981 quomodo
548 1910 947 1965 accusationem
980 1908 1154 1961 minus
1182 1921 1464 1961 onerosam
1495 1905 1671 1971 faciat,
1707 1906 1775 1960 ita
1795 1916 1853 1960 ut

256 2004 476 2059 historia
502 2004 675 2073 potius
701 2018 859 2072 quam
891 2000 1161 2056 accusatio
1196 1998 1442 2052 videatur
1473 2013 1614 2052 esse.
1646 1998 1698 2052 6.
1723 1997 1851 2052 Cum

252 2106 421 2149 autent
448 2094 682 2147 natalitia
716 2090 938 2147 Herodis
968 2100 1239 2161 agerentur
1259 2132 1273 2157 ,
1302 2088 1507 2144 saltavit
1535 2090 1646 2158 ﬁlia
1678 2087 1847 2143 Hero-

250 2186 421 2247 diadis
450 2188 502 2239 in
530 2186 695 2239 medio
720 2226 735 2252 ,
780 2194 828 2237 et
858 2184 1051 2254 placuit
1088 2182 1301 2236 Herodi.
1327 2181 1372 2237 Ο
1400 2182 1700 2236 convivium
1730 2182 1847 2236 dia-

251 2278 517 2333 bolicnnt!
550 2293 583 2332 ο
614 2277 879 2333 theatrum
911 2276 1242 2330 satanicum!
1277 2292 1310 2328 ο
1342 2274 1575 2345 iniquam
1607 2275 1847 2329 saltatio.

251 2387 409 2435 uctn,
458 2386 523 2427 ac
566 2369 870 2427 mercedem
914 2368 1214 2424 saltationis
1267 2367 1604 2437 iniquiorem.
1658 2366 1847 2422 Cautes

247 2464 395 2519 enim
422 2463 659 2518 oninium
707 2460 1084 2517 scelestissima
1116 2459 1468 2529 peragebatur
1490 2498 1505 2525 ,
1536 2466 1593 2512 et
1630 2460 1716 2528 qni
1758 2475 1849 2513 co-

248 2556 429 2611 rimari
476 2564 531 2610 et
574 2556 835 2609 celebrari
875 2552 1212 2617 merebatur,
1260 2553 1311 2606 in
1361 2553 1536 2605 medio
1574 2552 1847 2621 jngu'atus

245 2658 332 2703 cst
380 2666 392 2701 :
440 2647 741 2701 datmonnm
796 2655 1053 2713 tropaeum
1102 2644 1153 2698 in
1201 2658 1382 2698 mensa
1432 2652 1667 2699 erectum
1726 2644 1842 2697 fuit.

248 2739 498 2794 Victoria:
528 2738 715 2794 modus
739 2737 952 2792 cmtcris
982 2737 1146 2807 gestis
1173 2736 1365 2806 dignus
1397 2734 1513 2789 fuit.
1542 2734 1674 2789 Nam
1711 2732 1838 2789 Sal-

246 2834 391 2898 tavit,
425 2830 615 2901 inquit,
646 2828 756 2895 lilia
779 2826 1092 2882 Herodiadis
1120 2828 1170 2881 in
1202 2827 1388 2890 medio,
1419 2837 1465 2879 et
1497 2826 1690 2895 placuit
1736 2823 1841 2878 He-

245 2924 379 2977 rodi.
431 2925 485 2977 7.
520 2921 667 2976 Unde
702 2921 1045 2991 jurejurando
1085 2920 1350 2991 afﬁrmavit
1388 2935 1443 2972 se
1484 2919 1562 2972 illi
1604 2918 1844 2971 daturum

243 3016 593 3085 quodcumque
622 3014 837 3084 petierit.
870 3013 924 3066 8.
956 3010 1060 3067 Illa
1104 3029 1218 3066 vero
1248 3028 1279 3063 a
1313 3021 1472 3063 matre
1504 3010 1800 3079 praemonita
1827 3052 1839 3073 ,

245 3108 329 3164 Da
351 3109 492 3172 milii,
526 3110 618 3171 uit,
650 3108 733 3160 ltic
761 3108 813 3161 iu
842 3107 981 3159 disco
1008 3117 1160 3176 caput
1182 3103 1401 3158 Joannis
1440 3102 1707 3171 Baptism.
1736 3102 1841 3155 Du-

243 3201 363 3270 plex
388 3202 609 3265 crimen,
634 3211 688 3255 et
714 3199 853 3269 quod
883 3198 1107 3260 saltat-it,
1133 3207 1180 3252 et
1209 3198 1348 3266 quod
1380 3197 1656 3266 placuerit,
1684 3206 1840 3264 atque

242 3293 314 3346 ita
347 3292 624 3359 placuerit,
658 3302 711 3344 ut
743 3291 915 3344 caules
947 3290 1019 3343 illi
1050 3305 1147 3359 pro
1178 3292 1427 3343 mercede
1452 3299 1613 3343 esset.
1656 3288 1839 3341 Viden’

239 3401 401 3453 quam
432 3384 689 3454 crudelis,
723 3398 889 3453 quam
917 3383 1248 3440 insensatus,
1276 3395 1438 3446 quam
1472 3396 1701 3435 vesanus
1727 3380 1838 3435 sit?

234 3475 556 3532 .lurantento
579 3495 639 3533 se
663 3477 954 3531 obnoxium
984 3475 1157 3529 reddit
1180 3491 1195 3540 ;
1228 3475 1303 3529 illi
1338 3488 1465 3527 vero
1484 3475 1575 3529 dat
1596 3481 1836 3544 potesta-

242 3577 351 3622 tem
381 3567 592 3637 petendi
636 3582 755 3637 quae
796 3566 946 3621 velit.
977 3563 1111 3620 Cum
1149 3574 1327 3619 autem
1368 3564 1497 3617 vidit
1541 3564 1668 3633 quid
1711 3564 1837 3619 mali

243 3659 370 3714 hinc
397 3662 655 3721 evenerit,
686 3656 1025 3712 Contristatus
1063 3665 1156 3721 est,
1190 3655 1395 3725 inquit;
1426 3670 1747 3724 quamquam
1770 3658 1838 3711 ab

238 3750 395 3806 initio
422 3752 676 3820 Iigaverat
702 3752 895 3819 ipsum.
926 3749 1035 3802 Cur
1057 3762 1186 3817 ergo
1213 3746 1603 3802 contristatur?
1644 3747 1838 3818 llnjns-

239 3844 384 3899 niodi
407 3851 492 3899 est
520 3842 686 3896 virtus
710 3858 723 3894 ;
752 3841 913 3895 etiam
942 3838 1083 3910 apud
1116 3838 1391 3908 improbos
1418 3838 1758 3895 admirationi
1785 3850 1839 3895 et

239 3935 383 3991 laudi
414 3944 514 3990 est.
548 3932 677 3997 Sed,
705 3951 737 3987 υ
765 3933 1018 3986 furiosam
1047 3931 1349 3995 mulierem,
1382 3948 1501 4000 qua:
1530 3946 1650 3985 cum
1678 3946 1839 4001 opor-

242 4034 381 4083 teret
403 4024 553 4081 illum
593 4022 845 4077 admirari
876 4037 941 4076 ac
969 4020 1216 4075 venerari
1243 4062 1257 4086 ,
1289 4020 1430 4091 quod
1462 4021 1631 4091 ipsam
1660 4022 1727 4077 ab
1758 4023 1839 4076 in-

240 4116 377 4189 juria
408 4115 725 4180 vindicaret,
753 4114 938 4169 drama
967 4122 1136 4167 totum
1169 4112 1405 4177 ordinat,
1436 4114 1686 4184 laqueum
1721 4123 1838 4168 ten-

237 4211 338 4273 dit,
369 4209 700 4281 gratiamque
730 4209 862 4277 petit
890 4206 1207 4261 satanicam.
1235 4204 1293 4261 9.
1325 4203 1449 4275 Ipse
1471 4215 1640 4259 autem
1668 4205 1834 4259 timuit

239 4311 445 4370 prapter
461 4298 852 4370 jusjurandum,
885 4297 1076 4368 inquit,
1104 4306 1153 4353 et
1181 4297 1335 4352 simul
1362 4297 1721 4351 recumbentes.
1768 4297 1837 4351 Et

239 4408 336 4446 cur
361 4392 501 4462 quod
528 4391 741 4461 gravius
775 4398 893 4444 erat
915 4406 1022 4445 non
1051 4388 1319 4445 timuisti?
1348 4388 1483 4444 Natu
1511 4391 1556 4445 si
1582 4390 1723 4460 quod
1754 4398 1837 4446 te-

239 4494 351 4537 stes
383 4482 599 4552 perjurii
630 4482 827 4537 habere
860 4480 1213 4546 formidabas,
1246 4481 1413 4536 multo
1440 4482 1607 4553 magis
1630 4482 1835 4538 czcdem

241 4574 530 4628 formidare
574 4574 857 4644 oportebat
885 4573 956 4628 ita
983 4572 1241 4643 iniquam,
1270 4587 1392 4628 cum
1427 4582 1504 4628 tot
1530 4582 1693 4629 testes
1721 4574 1837 4645 ejus

240 4665 488 4719 haberes.

311 4757 364 4810 5.
409 4755 541 4823 Quia
578 4770 706 4810 vero
727 4763 854 4825 puto
893 4756 1088 4811 multos
1122 4755 1479 4811 accusationis
1505 4771 1569 4812 ex
1601 4773 1705 4828 qua
1731 4772 1837 4812 cae-

240 4850 337 4903 des
364 4856 482 4903 orta
510 4856 593 4902 est
624 4858 997 4919 argumentum
1030 4848 1278 4919 ignorare
1297 4890 1311 4914 ,
1348 4851 1713 4905 necessarium
1752 4860 1837 4906 est

242 4943 345 4996 hoc
366 4940 527 4995 etiam
557 4940 759 5006 dicere,
794 4950 850 4994 ut
881 4941 1202 5011 legislatoris
1234 4941 1569 5012 prudentiam
1592 4944 1833 4999 discatis.

238 5031 497 5099 Quasnam
526 5046 657 5101 ergo
685 5041 837 5085 vetus
869 5032 951 5085 lex
992 5030 1078 5086 illa
1106 5040 1223 5087 erat
1243 5072 1259 5097 ,
1300 5049 1461 5102 quam
1499 5036 1834 5090 conculcavit

242 5122 513 5189 Herodes,
539 5133 595 5178 et
620 5124 910 5179 vindicavit
928 5123 1208 5180 Joannes?
1237 5125 1364 5195 Ejus
1386 5127 1472 5196 qui
1509 5127 1624 5183 sine
1652 5129 1835 5185 liberis

240 5224 541 5269 moreretur
560 5230 780 5269 uxorem
806 5215 950 5269 fratri
979 5215 1095 5268 dari
1121 5216 1405 5284 oportebat
1431 5216 1608 5287 (Deut.
1636 5218 1727 5274 25.
1753 5220 1832 5289 5).

240 5305 374 5373 Quia
393 5306 535 5359 enim
554 5320 657 5360 non
676 5306 1004 5360 consolabile
1018 5306 1213 5360 malum
1234 5322 1379 5361 mors
1395 5317 1509 5362 erat
1523 5351 1537 5374 ,
1557 5319 1609 5363 et
1622 5326 1719 5379 pro
1732 5311 1835 5364 vita

238 5398 503 5453 servanda
534 5399 665 5453 nihil
694 5416 798 5453 non
825 5401 1016 5469 agitur,
1048 5401 1219 5470 legem
1252 5401 1466 5464 statuit,
1504 5412 1560 5455 ut
1588 5405 1676 5471 qni
1710 5402 1839 5457 vivit

240 5505 465 5547 uxorem
500 5490 677 5546 fratris
710 5492 947 5547 defuncti
994 5494 1197 5559 ducat,
1241 5506 1295 5548 ct
1339 5495 1507 5549 filium
1553 5497 1680 5551 hinc
1710 5514 1835 5566 pro-

239 5595 479 5637 creatum
513 5586 705 5638 mortui
730 5587 946 5640 nomine
974 5596 1147 5652 vocet,
1180 5588 1336 5641 itaut
1363 5587 1555 5642 domus
1582 5589 1699 5657 ejus
1730 5607 1834 5643 non

240 5675 473 5730 excidat.
500 5675 555 5732 Si
578 5678 720 5731 enim
748 5687 992 5734 mortuus
1021 5680 1159 5735 filios
1186 5697 1296 5735 non
1326 5681 1693 5751 relinquebat,
1718 5699 1836 5752 qua:

248 5872 256 5880 .
306 5813 322 5845 ι
358 5813 554 5873 lpidam
581 5814 763 5883 habent
789 5829 802 5883 :_
832 5820 884 5862 tat
906 5813 1062 5883 imicus
1085 5831 1193 5866 cum
1230 5816 1521 5883 inter/icere,
1550 5819 1703 5882 posuit
1726 5833 1837 5871 eum

240 5876 289 5925 iu
313 5890 529 5936 carcere,
554 5876 853 5927 tinuitcuim
880 5876 1084 5928 lutitant.

1188 406 1251 462 tv
1294 405 1703 479 sinuosum
1743 398 1975 458 nouis.

2020 399 2246 455 XLVIII.
2288 402 2358 458 al.
2401 402 2589 457 XLIX.
3464 398 3565 453 4'90

1979 528 2152 575 tamen
2193 520 2419 576 maxima
2469 530 2553 577 est
2595 520 2786 575 mortis
2826 518 3125 575 consolatio
3150 557 3165 583 ,
3214 516 3569 573 intolerabilis

1968 611 2141 666 luctus
2182 612 2389 667 futurus
2414 622 2562 668 erat.
2594 611 2719 667 ldeo
2750 610 3024 683 legislator
3060 612 3199 664 hanc
3236 607 3567 665 consolatio-

1966 719 2088 758 nem
2128 703 2454 773 excogitavit
2500 704 2600 769 iis,
2624 703 2819 774 quibus
2852 712 3041 757 natura
3076 701 3214 757 filios
3243 710 3563 771 negaverat,

1964 807 2017 851 et
2048 797 2374 851 nasciturum
2406 796 2548 851 illius
2579 796 2796 851 nomine
2825 795 3005 851 vocari
3038 794 3316 865 prateepit.
3344 793 3398 851 Si
3436 810 3567 849 vero

1964 898 2207 944 mortuus
2229 887 2393 942 filium
2422 889 2769 957 relinqueret,
2791 895 2918 944 tunc
2945 901 3052 941 nou
3078 886 3278 940 licitum
3298 893 3414 941 erat
3435 901 3566 939 con-

1964 981 2209 1036 nubium.
2240 980 2310 1035 Et
2347 995 2444 1038 cur
2472 980 2497 1035 ?
2528 982 2739 1051 inquies
2770 997 2784 1035 :
2827 995 2949 1035 nam
2989 981 3034 1034 si
3063 978 3217 1041 alteri
3247 980 3440 1036 licebat
3466 981 3565 1034 du—

1960 1086 2115 1135 cere,
2150 1071 2322 1128 multo
2364 1073 2536 1143 magis
2586 1072 2758 1127 fratri.
2807 1071 3157 1141 Nequaquam
3200 1086 3214 1124 :
3253 1070 3366 1127 vult
3419 1072 3563 1127 etiitn

1960 1164 2274 1220 affinitatem
2303 1165 2553 1231 extendi,
2590 1174 2645 1219 et
2676 1164 2873 1219 multas
2905 1163 3087 1219 haberi
3116 1164 3429 1219 occasiones
3467 1181 3563 1219 cn-

1958 1258 2224 1326 gnationis
2254 1257 2520 1312 ineundze.
2571 1257 2635 1312 Et
2676 1272 2773 1312 cur
2798 1257 2890 1312 illo
2916 1255 3032 1313 sine
3059 1249 3245 1313 liberis
3280 1256 3554 1324 defuncto,

1958 1365 2063 1403 non
2091 1349 2227 1404 alius
2249 1349 2448 1406 ducere
2477 1352 2733 1420 poterat?
2759 1349 2894 1419 Quia
2923 1351 3001 1405 sie
3032 1367 3139 1406 non
3172 1360 3386 1421 putatus
3424 1352 3559 1406 fuis-

1960 1448 2039 1495 set
2077 1455 2197 1496 esse
2240 1441 2435 1496 mortui
2462 1442 2602 1497 filius
2642 1459 2657 1496 :
2705 1457 2847 1497 nunc
2873 1458 3001 1497 vero
3040 1443 3342 1497 seminante
3371 1442 3558 1509 fratre,

1960 1534 2247 1603 probabilis
2283 1544 2398 1589 erat
2425 1535 2668 1591 inventio
2698 1534 2810 1589 illa.
2834 1535 3085 1605 Alioquin
3117 1550 3244 1591 vero
3267 1544 3560 1591 extraneos

1960 1640 2063 1679 non
2104 1626 2800 1695 putasset‘constituendam
2844 1642 2968 1683 esse
3011 1627 3248 1683 defuncti
3292 1628 3556 1684 domum:

1960 1715 2046 1771 hic
2071 1726 2248 1771 autem
2280 1719 2613 1788 cognationis
2646 1718 2736 1789 jus
2772 1719 3023 1774 habebat.
3065 1719 3199 1787 Quia
3229 1736 3359 1790 ergo
3388 1720 3559 1777 llero-

1955 1808 2052 1864 des
2082 1824 2301 1864 uxorem
2328 1811 2505 1865 fratris
2522 1812 2625 1876 sui,
2646 1826 2766 1880 qua:
2791 1811 2994 1881 prolem
3023 1810 3273 1876 habebat,
3292 1813 3441 1867 duxit
3458 1810 3556 1886 (ιι),

1956 1900 2079 1956 ideo
2133 1912 2349 1957 accusat
2414 1902 2586 1957 illum'
2625 1901 2891 1973 Joannes,
2954 1912 3009 1959 et
3066 1904 3343 1959 moderate.
3401 1906 3561 1963 simul

1954 2002 2115 2062 atque
2156 1993 2323 2049 libere
2363 2001 2598 2048 accusat.
2632 1993 2714 2050 Tu
2752 2010 2881 2050 vero
2924 1993 3053 2049 mihi
3085 1995 3389 2062 considera,
3421 2014 3559 2066 quu-

1955 2084 2115 2138 modo
2160 2085 2425 2139 theatrum
2474 2094 2641 2139 totum
2688 2085 2984 2140 satanicum
3016 2093 3071 2142 et
3110 2086 3434 2142 diabolicum
3464 2089 3556 2143 sit.

1956 2174 2135 2230 Primo
2162 2177 2304 2231 enim
2343 2177 2602 2233 ebrietate
2632 2186 2687 2233 et
2714 2177 2924 2233 deliciis
2952 2178 3265 2245 constabat,
3303 2180 3444 2235 unde
3472 2182 3556 2235 ni-

1954 2266 2030 2323 hil
2055 2282 2244 2322 sanum
2275 2269 2403 2323 oriri
2433 2278 2658 2338 poterat.
2704 2268 2973 2336 Secundo,
2995 2280 3330 2340 spectatores
3371 2287 3558 2327 curru-

1954 2365 2073 2427 ptos
2094 2358 2341 2425 habebat,
2369 2370 2423 2413 et
2444 2358 2798 2430 excipientem
2820 2361 3057 2414 omnium
3080 2362 3333 2418 maxime.
3352 2362 3554 2431 Tertio,

1950 2448 2325 2506 delectationis
2367 2465 2537 2521 genus
2568 2452 2777 2508 ratione
2804 2466 3050 2507 vacuum.
3080 2453 3317 2522 Quarto,
3352 2456 3552 2525 puella,

1954 2556 2172 2615 propter
2203 2562 2363 2616 quam
2402 2545 2729 2601 connubium
2758 2554 2945 2602 contra
2986 2547 3169 2618 legem
3211 2557 3359 2617 erat,
3395 2566 3554 2619 qnam

1951 2641 2207 2696 occultari
2253 2641 2565 2711 oportebat,
2625 2651 2811 2712 utpote
2866 2640 3061 2711 injuria
3101 2640 3294 2697 affecta
3346 2654 3551 2708 matre,

1952 2732 2247 2803 ingreditur
2288 2747 2408 2787 sese
2443 2742 2762 2801 ostentans,
2805 2732 2954 2804 virgo
2997 2733 3313 2789 meretrices
3354 2748 3547 2788 onitios

1951 2824 2277 2893 impudentia
2326 2838 2608 2895 superans.
2637 2823 2875 2893 Tempus
2922 2826 3084 2880 etiam
3136 2842 3243 2881 non
3288 2826 3552 2881 modicam

1949 2917 2015 2971 ad
2038 2918 2463 2973 criminationem
2497 2918 2690 2988 iniquat
2734 2918 2812 2973 rei
2840 2932 3028 2972 ansam
3072 2918 3295 2988 prtebet.
3329 2919 3553 2988 Quando

1949 3011 2090 3064 enim
2113 3010 2394 3079 Oportebat
2419 3024 2541 3064 eum
2568 3010 2767 3080 gratias
2784 3008 2986 3065 referre
3012 3010 3141 3077 Deo,
3169 3009 3311 3080 quod
3343 3010 3432 3065 illo
3464 3011 3553 3065 die

1951 3102 2120 3171 ipsum
2164 3102 2214 3155 in
2240 3102 2411 3155 lucem
2442 3102 2800 3170 produxisset,
2836 3110 2964 3157 tunc
3008 3100 3191 3171 iniqua
3239 3101 3327 3155 illa
3359 3116 3551 3172 aggre-

1947 3194 2090 3248 ditur
2123 3212 2134 3247 :
2185 3192 2397 3265 quando
2427 3194 2660 3247 vinetum
2696 3192 2909 3246 solvere
2934 3193 3240 3262 oportebat,
3272 3201 3398 3247 tunc
3436 3192 3550 3247 vin-

1948 3285 2083 3338 culis
2126 3284 2329 3339 emdem
2371 3282 2575 3352 adjicit.
2608 3282 2807 3339 Audite
2850 3288 3116 3352 quotquot
3165 3282 3247 3337 vel
3296 3282 3552 3353 virgines,

1948 3378 2027 3433 vel
2057 3377 2217 3432 etiam
2248 3375 2484 3431 maxime
2521 3382 2725 3443 nuptze,
2774 3374 2979 3433 alienas
3008 3373 3220 3449 nuptias
3253 3374 3331 3435 sic
3357 3375 3559 3435 dell“-

1948 3486 2075 3545 pare
2109 3468 2340 3536 audetis,
2383 3471 2662 3537 saltantes,
2695 3469 3071 3540 tripudiantes,
3116 3480 3171 3526 et
3200 3486 3543 3530 communem

1945 3578 2189 3622 naturam
2218 3565 2654 3620 dehonestantes.
2684 3562 2878 3618 Audite
2899 3563 3082 3630 etiam,
3104 3564 3225 3632 viri,
3256 3566 3357 3637 .qui
3397 3582 3550 3622 sum-

1948 3667 2133 3726 ptuosa
2160 3656 2426 3721 convivia,
2445 3656 2706 3711 ebrietate
2727 3654 2882 3724 plena
2904 3654 3183 3710 sectamini
3210 3672 3223 3709 :
3254 3665 3309 3711 et
3328 3657 3549 3714 metuite

1943 3749 2142 3803 diaboli
2192 3746 2526 3802 barathrum.
2582 3746 2714 3802 Nam
2772 3745 2845 3801 ita
2888 3747 3240 3802 vehementer
3283 3749 3544 3803 miserum

1947 3851 2074 3895 tunc
2116 3840 2264 3893 illum
2312 3838 2526 3905 invasit,
2557 3849 2614 3893 ut
2636 3838 2845 3908 juraret
2878 3853 2938 3893 se
2978 3838 3263 3895 dimidium
3292 3840 3437 3911 regni
3464 3841 3549 3895 sui

1942 3932 2190 3988 daturum
2220 3947 2361 3988 esse.
2395 3931 2530 3987 Illud
2580 3932 2724 3986 enim
2769 3931 2981 3986 Marcus
3008 3930 3180 3986 dicit:
3217 3931 3419 3986 Juravit
3444 3932 3545 3999 illi,

1947 4024 2312 4093 Quodcumque
2348 4022 2549 4095 petieris
2576 4040 2609 4076 a
2637 4038 2716 4076 me
2753 4021 2884 4076 dabo
2914 4021 3040 4089 tibi,
3087 4038 3244 4093 usque
3284 4023 3352 4076 ad
3388 4022 3548 4077 dimi-

1944 4116 2086 4169 dium
2124 4116 2267 4187 regni
2304 4116 2400 4169 mei
2431 4116 2450 4185 (
2482 4113 2650 4169 Marc.
2683 4112 2735 4169 6.
2768 4112 2841 4168 25
2862 4112 2903 4184 ).
2939 4112 3097 4168 Tanti
3140 4114 3346 4169 scilicet
3383 4113 3547 4173 ditio-

1944 4226 2068 4277 nem
2112 4224 2265 4264 suam
2297 4207 2567 4275 faciebat;
2598 4207 2669 4262 ita
2710 4206 2999 4277 voluptatis
3037 4207 3282 4277 captivus
3320 4217 3459 4273 erat,
3491 4218 3549 4264 nt

1943 4303 2212 4359 Saltationi
2249 4303 2363 4358 haec
2403 4301 2746 4357 concederet.
2787 4298 2994 4371 Ecquid
3045 4301 3290 4371 miraris,
3328 4302 3374 4356 si
3422 4313 3546 4357 tunc

1944 4396 2059 4451 haec
2086 4394 2223 4449 facta
2246 4402 2387 4459 sunt,
2412 4392 2626 4464 quando
2656 4407 2797 4447 nunc
2827 4392 2991 4447 etiam
3023 4400 3307 4463 postquam
3342 4402 3541 4447 tantam

1944 4488 2195 4544 inivimus
2226 4485 2639 4555 philosophiam,
2686 4484 2755 4540 ob
2798 4484 3042 4539 mollium
3070 4483 3381 4555 hujusmodi
3415 4502 3545 4555 liue-

1943 4595 2125 4634 rorum
2158 4578 2501 4632 saltationem
2547 4576 2699 4630 multi
2743 4576 2952 4630 animas
2988 4590 3115 4632 suas
3159 4575 3544 4646 prodiderunt,

1944 4672 2071 4726 licet
2092 4671 2381 4741 juramenti
2406 4668 2728 4724 necessitate
2743 4668 2983 4723 adstricti
3016 4668 3376 4723 nonessentl
3407 4668 3543 4725 Nam

1942 4782 1971 4819 a
2013 4765 2284 4835 voluptate
2334 4762 2531 4833 captivi
2577 4760 2800 4817 abducti.
2824 4760 2981 4831 quasi
3025 4761 3257 4831 pecudes
3292 4771 3545 4833 aguntur,

1942 4873 2049 4928 quo
2094 4856 2250 4927 lupus
2290 4856 2408 4911 illos
2457 4856 2699 4909 traxerit.
2743 4853 2967 4924 ldquod
3001 4862 3128 4909 tunc
3173 4854 3262 4909 ille
3305 4854 3545 4913 feries-us

1945 4964 2133 5020 passus
2177 4958 2296 5013 est,
2328 4950 2435 5005 duo
2481 4948 2783 5018 turpissima
2828 4956 3166 5017 perpetrans,
3219 4949 3445 5020 etquod
3480 4950 3547 5003 il-

1945 5043 2051 5096 lam
2092 5041 2364 5097 dominam
2396 5040 2585 5096 fecerit
2629 5040 2707 5094 sic
2737 5039 2992 5093 furiosam
3018 5082 3032 5104 ,
3079 5041 3282 5096 ebriam
3312 5050 3369 5097 et
3410 5041 3551 5098 nihil

1944 5135 2067 5189 mali
2105 5144 2442 5189 recusantem
2474 5149 2487 5198 ;
2518 5141 2573 5187 et
2606 5131 2747 5202 quod
2785 5132 3108 5186 necessitate
3140 5131 3436 5201 juramenti
3474 5134 3544 5188 ita

1942 5241 2002 5281 se
2029 5226 2397 5281 obstrinxerit.
2433 5226 2500 5279 At
2543 5224 2668 5278 licet
2714 5224 2803 5278 ille
2833 5233 2940 5277 tam
2975 5224 3188 5293 iniquus
3227 5234 3404 5291 esset,
3442 5227 3550 5280 itii-

1943 5318 2099 5387 quior
2136 5328 2313 5370 tamen
2356 5326 2408 5369 et
2443 5325 2668 5387 tyranno
2712 5324 2766 5369 et
2807 5314 2985 5384 puella
3012 5324 3127 5369 erat
3173 5316 3387 5374 mulier.
3432 5316 3547 5387 lpsa

1945 5411 2087 5463 enim
2124 5410 2237 5464 hare
2264 5408 2401 5467 mala
2425 5408 2602 5463 omnia
2636 5416 2688 5462 et
2709 5416 2877 5475 totum
2902 5406 3088 5461 drama
3122 5405 3379 5463 fabricata
3409 5418 3543 5475 erat,

1944 5520 2065 5574 qua:
2110 5514 2284 5557 tamen
2325 5502 2550 5572 gratiam
2592 5499 2868 5572 propheta:
2897 5498 3099 5555 habere
3134 5498 3431 5556 debuiSset.
3462 5500 3553 5555 Fi-

1944 5596 2012 5650 lia
2043 5597 2240 5666 quippe
2265 5596 2363 5665 ipsi
2397 5609 2601 5648 morem
2628 5608 2822 5664 gerens
2852 5604 2906 5646 et
2936 5595 3165 5663 turpiter
3192 5594 3322 5664 egit,
3359 5603 3412 5647 et
3440 5596 3547 5645 sat-

1946 5687 2095 5753 tavit,
2144 5695 2199 5741 et
2234 5685 2439 5741 easdem
2490 5685 2643 5756 petiit
2669 5726 2684 5751 ,
2728 5683 3079 5754 Herodesque
3117 5683 3187 5739 ab
3238 5685 3351 5756 ipsa
3387 5684 3539 5755 quasi

2012 5820 2086 5882 (ᾳ)
2123 5825 2264 5867 Juxta
2288 5816 2431 5882 alios,
2453 5816 2806 5882 ideoJoannes
2837 5818 3076 5882 accusavit
3114 5815 3373 5882 Itermlem.
3392 5815 3543 5882 quod,

1951 5878 2169 5945 Philippo
2188 5882 2338 5932 fratre
2361 5880 2517 5929 adhuc
2540 5881 2757 5941 vivente,
2775 5878 2928 5943 ipsius
2952 5892 3159 5929 uxorem
3180 5880 3419 5927 duxisset.
