4046 6428
544 378 640 436 (Ol

547 508 742 564 sagena
799 497 985 558 captus
1035 495 1135 540 est.
1176 482 1825 553 Videu‘qnamuapposite
1874 481 2117 536 Christus

548 584 741 639 dixerit
773 599 787 634 :
824 581 924 647 Qui
951 588 1085 632 amat
1120 585 1310 647 patrem
1337 587 1424 630 aut
1456 586 1664 629 matrem
1692 574 1805 645 plus
1838 590 1989 646 quam
2019 589 2116 636 nte,

547 692 647 728 non
677 682 746 726 est
767 689 842 725 me
867 671 1048 741 dignus
1071 666 1294 738 (Matth.
1342 669 1426 723 l0.
1460 669 1560 738 57)
1589 667 1760 721 ?Nam
1787 666 1829 719 si
1862 664 1948 718 illa
1984 663 2119 716 hanc

548 775 767 835 sequuta
819 769 961 816 esset
1007 760 1174 830 legem
1200 801 1215 826 ,
1268 774 1372 814 non
1417 768 1492 812 tot
1535 759 1676 828 leges
1712 756 1979 818 violasset,
2013 769 2115 808 non

550 858 685 911 hanc
709 854 908 910 cat-dem
949 859 1326 923 perpetrasset.
1358 851 1486 904 Nam
1512 849 1640 918 quid
1667 850 1761 901 hac
1792 846 2118 900 immanitate

549 949 812 1010 deterius,
843 945 1045 1000 caedem
1089 953 1147 999 ut
1183 944 1401 1012 gratiam
1433 941 1696 1010 postulare
1722 979 1737 1004 ,
1770 937 1968 993 caedem
2014 936 2116 989 ini-

549 1057 721 1112 quam,
756 1039 957 1095 caedem
999 1038 1136 1092 inter
1160 1037 1360 1106 epulas,
1392 1033 1588 1088 ca:dem
1616 1033 1822 1102 publice
1852 1040 1904 1085 et
1943 1031 2117 1098 impu-

549 1135 736 1190 denter
770 1132 986 1202 petitam
1018 1130 1040 1182 ?
1068 1127 1249 1197 Neque
1293 1127 1433 1181 enim
1472 1138 1710 1179 seorsum
1743 1122 1969 1178 accessit
2005 1121 2119 1174 haec

549 1226 770 1296 petitura
795 1265 808 1288 ,
841 1221 934 1277 sed
977 1218 1209 1291 publice,
1233 1224 1286 1271 et
1325 1215 1492 1286 posita
1533 1215 1698 1279 larva,
1731 1212 1872 1267 nudo
1909 1210 2114 1281 capite,

547 1315 738 1370 diaboli
791 1327 886 1366 usa
931 1308 1260 1380 patrocinio,
1293 1305 1408 1360 hare
1451 1305 1541 1359 illo
1571 1305 1728 1359 modo
1771 1302 1988 1373 loquuta
2013 1310 2121 1355 est.

548 1407 676 1462 Nam
711 1404 760 1459 id
804 1402 1048 1458 diabolus
1094 1399 1288 1465 effecit,
1320 1407 1375 1451 ut
1416 1397 1741 1451 illa‘saltans
1768 1395 2020 1464 placeret,
2065 1399 2119 1446 et

554 1497 815 1554 llerodem
868 1503 991 1550 tunc
1041 1501 1274 1562 caperet.
1324 1490 1420 1546 Ubi
1461 1489 1602 1544 enim
1630 1487 1874 1552 saltatio,
1905 1485 1972 1540 ibi
2000 1484 2115 1540 dia-

549 1590 722 1643 bolus.
751 1587 932 1657 Neque
959 1586 1100 1640 enim
1130 1583 1248 1638 ideo
1277 1581 1440 1652 pedes
1484 1581 1635 1636 nobis
1662 1579 1809 1634 dedit
1849 1579 2017 1643 Deus,
2062 1585 2120 1632 ut

547 1680 612 1734 iis
643 1679 866 1747 turpiter
905 1684 1144 1736 utamur,
1173 1673 1265 1727 sed
1306 1680 1361 1726 ut
1387 1681 1531 1727 recte
1557 1670 1863 1742 gradiantur
1889 1686 1904 1735 ;
1936 1684 2039 1723 non
2063 1678 2121 1723 ut

547 1768 770 1839 perinde
798 1775 956 1837 atque
997 1764 1186 1821 cameli
1223 1763 1476 1818 saltemus
1517 1762 1536 1832 (
1566 1777 1685 1816 nam
1713 1771 1767 1816 et
1792 1761 1979 1816 cameli
2012 1760 2117 1815 sal-

557 1872 729 1916 tantes
767 1860 1026 1930 ingratum
1057 1856 1416 1926 spectaculum
1466 1855 1664 1922 edunt,
1697 1855 1967 1924 multoque
2008 1869 2121 1907 ma-

547 1953 626 2020 gis
655 1951 974 2019 mulieres),
1018 1947 1111 2003 sed
1158 1955 1213 2001 ut
1246 1962 1367 2001 cum
1399 1947 1600 2016 angelis
1628 1946 1852 2002 choreas
1879 1961 2119 2016 agamus.

545 2043 599 2098 Si
644 2043 782 2097 enim
833 2055 1027 2109 corpus
1079 2037 1128 2092 id
1171 2052 1332 2107 agens
1377 2044 1527 2106 turpe
1576 2044 1685 2099 est,
1734 2035 1898 2089 multo
1955 2036 2120 2102 magis

544 2137 740 2191 anima.
783 2134 870 2190 Sic
899 2134 1094 2187 saltant
1120 2131 1392 2187 dazmones
1445 2148 1458 2184 :
1506 2130 1581 2185 sic
1604 2129 1888 2185 adulantur
1921 2128 2118 2184 da‘mo-

547 2245 672 2282 num
702 2227 946 2282 ministri.

614 2319 667 2372 4.
699 2318 802 2374 Sed
835 2317 1138 2387 petitionem
1181 2316 1346 2386 ipsam
1384 2314 1677 2371 considera.
1713 2313 1794 2367 Da
1825 2314 1945 2368 mihi
1965 2353 1980 2378 ,
2012 2314 2082 2368 ait
2103 2356 2118 2377 ,

548 2411 627 2464 hic
654 2412 706 2463 in
732 2409 869 2464 disco
899 2419 1047 2480 caput
1075 2407 1291 2462 Joannis
1322 2405 1580 2477 Baptistae.
1615 2405 1798 2460 Viden'
1838 2405 2117 2474 impudent-

547 2513 674 2567 tem,
701 2515 817 2571 quae
845 2511 1004 2554 totam
1030 2498 1238 2552 diabolo
1265 2512 1324 2551 se
1351 2497 1594 2551 dedidit?
1622 2497 1934 2565 Dignitatem
1961 2494 2122 2550 Joan-

547 2594 628 2645 nis
654 2602 931 2656 memorat,
961 2604 1131 2659 neque
1157 2599 1330 2642 tamen
1357 2588 1432 2641 sic
1456 2587 1738 2651 erubescit,
1768 2587 1860 2640 sed
1889 2602 1952 2640 ac
1982 2587 2023 2639 si
2053 2587 2120 2640 de

546 2684 663 2737 ιὶὺο
693 2683 939 2752 qu0piam
971 2683 1294 2750 loqueretur,
1327 2680 1403 2733 sic
1434 2694 1641 2733 sacrum
1666 2687 1720 2733 et
1748 2679 1956 2732 beatum
1988 2677 2117 2731 illud

546 2785 703 2844 caput
741 2775 793 2829 in
831 2773 979 2829 disco
1018 2772 1192 2827 ell'erri
1241 2772 1390 2841 petit.
1431 2769 1633 2824 Nullam
1672 2769 1825 2823 affert
1861 2784 2072 2823 causam
2103 2786 2115 2821 :

547 2881 716 2936 neque
741 2867 882 2921 enim
915 2873 1156 2935 poterat;
1194 2863 1289 2918 sed
1329 2861 1640 2931 simpliciter
1668 2861 1857 2930 quaerit
1896 2862 2117 2915 aliorum

545 2957 929 3012 calamitatibus
950 2955 1218 3010 honorari.
1242 2953 1356 3008 Non
1375 2953 1528 3019 dixit,
1552 2953 1800 3007 Introduc
1829 2953 1970 3006 illum
1993 2952 2116 3017 huc,

545 3061 599 3105 ct
627 3050 838 3105 immola
871 3069 884 3104 :
918 3063 1087 3118 neque
1116 3048 1257 3102 enim
1299 3047 1538 3100 morituri
1581 3045 1826 3114 loquendi
1873 3045 2115 3101 fiduciam

549 3140 774 3195 tulisset.
806 3138 938 3194 Nam
969 3138 1186 3192 timebat
1211 3136 1294 3191 vel
1323 3135 1534 3191 mactati
1575 3151 1760 3191 vocem
1797 3136 1977 3190 audire
2006 3145 2116 3191 ter-

547 3230 750 3284 ribilem
777 3247 788 3282 :
813 3243 983 3298 neque
1002 3228 1141 3282 enim
1159 3227 1329 3297 capite
1350 3226 1686 3280 mulctandus
1708 3228 1970 3282 taenisset.
1999 3228 2119 3283 Ideo

547 3319 650 3373 ait:
683 3317 763 3371 Da
785 3318 906 3371 nti/ai
933 3317 1013 3371 hic
1037 3319 1087 3370 in
1110 3317 1246 3371 disco
1272 3335 1285 3371 :
1315 3332 1434 3370 nam
1460 3316 1688 3387 linguam
1710 3316 1854 3372 illam
1875 3320 2116 3374 silentem

547 3411 724 3464 videre
756 3409 932 3479 cupio.
968 3407 1150 3479 Neque
1179 3407 1411 3478 effugere
1438 3407 1605 3463 solum
1647 3408 1786 3464 illius
1823 3410 2115 3478 reprehen-

543 3502 720 3555 siones
745 3499 971 3566 volebat,
998 3499 1090 3554 sed
1114 3499 1367 3554 insultare
1385 3499 1577 3567 jacenti
1599 3509 1653 3554 et
1678 3499 1918 3556 deridere
1945 3502 2111 3556 illum.

543 3593 682 3647 Deus
708 3607 834 3646 vero
864 3591 914 3645 id
947 3590 1202 3660 permisit,
1239 3605 1338 3644 nec
1380 3589 1574 3645 fulmen
1606 3606 1835 3661 superne
1865 3594 2026 3660 misit,
2061 3603 2116 3647 ut

545 3682 901 3752 impudentem
942 3681 1083 3736 illam
1119 3680 1306 3736 faciem
1343 3683 1681 3738 combureret
1710 3701 1723 3737 :
1758 3699 1927 3754 neque
1959 3685 2116 3754 jussit

545 3784 736 3828 terram
770 3773 911 3828 hiatu
949 3781 1116 3828 totum
1149 3773 1274 3827 illud
1317 3773 1553 3843 iniquum
1596 3776 1897 3831 convivium
1927 3777 2112 3832 absor-

542 3864 667 3918 bere
693 3905 707 3927 ,
751 3875 806 3918 ut
845 3864 1000 3919 simul
1040 3867 1240 3933 justmn
1273 3866 1468 3920 clarius
1496 3877 1774 3922 coronarct
1798 3909 1810 3932 ,
1845 3878 1898 3923 et
1931 3869 1994 3922 iis
2023 3871 2110 3939 qui

541 3956 715 4025 iniqua
762 3955 966 4025 passuri
1013 3968 1192 4025 postea
1241 3967 1456 4022 essent,
1501 3973 1741 4028 magnam
1791 3960 2114 4029 relinqueret

538 4049 976 4104 consolationem.
1013 4049 1297 4104 Audiamus
1340 4051 1497 4120 igitur
1536 4060 1796 4122 quotquot
1823 4053 1888 4108 ab
1920 4053 2111 4123 iniquis

542 4141 840 4195 hominibus
861 4142 1036 4213 gravia
1067 4143 1292 4212 patimur
1314 4141 1436 4196 dum
1467 4153 1609 4198 recte
1635 4145 1876 4198 vivimus.
1901 4145 2109 4200 Etenim

541 4242 665 4288 tunc
693 4234 830 4288 Deus
858 4248 1044 4303 passus
1074 4244 1154 4289 est
1177 4250 1296 4289 eum
1321 4275 1334 4299 ,
1362 4236 1447 4303 qui
1481 4235 1531 4288 in
1561 4236 1842 4291 solitudine
1869 4237 2070 4304 vixerat
2094 4281 2107 4302 ,

537 4327 626 4394 qui
659 4326 709 4380 iu
737 4341 866 4380 zona
900 4327 1139 4395 pellicca,
1169 4326 1257 4396 qui
1301 4328 1350 4380 in
1395 4328 1587 4394 cilicio,
1619 4330 1950 4398 prophetam,
1986 4347 2108 4400 pro-

538 4418 712 4487 phctis
755 4418 1046 4487 majorem,
1086 4433 1190 4487 quo
1240 4419 1412 4473 nullus
1450 4420 1616 4490 major
1661 4437 1906 4491 umquam
1937 4423 2110 4478 fuerat

539 4512 677 4566 inter
703 4519 857 4565 natos
885 4509 1164 4564 mulierum
1210 4509 1424 4578 (Matth.
1458 4512 1543 4566 H.
1586 4512 1646 4566 tl
1671 4515 1719 4580 ),
1749 4513 1974 4569 interfici
2014 4530 2109 4583 per

539 4603 764 4674 puellam
821 4603 1137 4673 impudicam
1188 4612 1244 4658 et
1295 4614 1591 4672 corruptam
1648 4606 1979 4660 meretricem
2015 4617 2108 4662 :et

539 4694 654 4750 haec
677 4695 802 4750 dum
831 4695 1035 4750 divinas
1064 4697 1205 4766 leges
1235 4704 1488 4751 tueretur.
1520 4695 1642 4751 Hmc
1670 4696 1847 4766 itaque
1873 4699 2109 4769 cogitan-

536 4797 647 4852 tes,
690 4786 919 4841 feramus
960 4801 1217 4856 generose
1254 4787 1428 4841 omnia
1465 4803 1811 4858 quaecumque
1855 4791 2101 4858 patimur.

535 4878 664 4932 Nam
695 4888 748 4933 et
778 4888 902 4932 tunc
929 4877 1261 4946 sanguinaria
1304 4877 1390 4930 illa
1431 4888 1484 4931 et
1523 4879 1697 4947 iniqua
1744 4887 1942 4934 tantum
1988 4894 2106 4936 sese

532 4971 599 5024 de
624 4985 709 5034 eo,
737 4970 825 5040 qui
849 4971 946 5025 sibi
970 4970 1210 5024 dolorem
1236 4970 1502 5035 attulerat,
1526 4970 1829 5038 vindicavit,
1853 4983 2104 5042 quantum

531 5064 717 5127 vuluit,
743 5064 872 5117 iram
898 5073 1058 5116 totam
1081 5063 1308 5124 satiavit,
1332 5072 1385 5116 et
1408 5063 1543 5116 Deus
1564 5062 1612 5116 id
1638 5064 1906 5132 permisit:
1929 5081 2106 5135 quam-

528 5173 687 5226 quam
714 5157 844 5211 nihil
865 5155 939 5210 illi
960 5155 1192 5210 Joannes
1212 5155 1439 5218 dixerat,
1464 5170 1561 5210 nec
1581 5155 1721 5209 illam
1743 5168 2101 5220 accusaverat,

531 5248 624 5302 sed
650 5249 818 5302 virum
845 5257 1067 5302 tantum.
1101 5247 1205 5303 Sed
1233 5246 1553 5302 conscientia
1583 5249 1802 5304 acerbus
1831 5260 2104 5305 accusator

530 5348 669 5394 erat.
701 5339 927 5410 Ideoque
949 5340 1000 5392 in
1030 5339 1230 5408 majora
1255 5338 1568 5407 erumpebat
1593 5340 1747 5407 mala,
1774 5339 1983 5407 dolens,
2011 5341 2102 5395 sti-

532 5433 687 5486 mulis
711 5433 899 5500 agitata
918 5450 932 5497 ;
954 5433 1223 5502 simulque
1237 5431 1593 5487 dedecoravit
1616 5447 1823 5500 omnes,
1851 5433 2097 5503 seipsam,

531 5523 712 5587 filiam,
731 5525 1005 5580 dimissum
1029 5525 1219 5591 virum,
1244 5526 1506 5580 viventem
1535 5528 1820 5592 mtechum,
1849 5537 1901 5580 et
1927 5529 2098 5596 priora

529 5633 778 5687 superare
803 5617 1059 5673 certabat.
1090 5618 1143 5673 Si
1169 5618 1340 5684 doles,
1373 5619 1562 5688 inquit,
1587 5619 1724 5689 quod
1757 5619 1844 5674 ille
1869 5623 2102 5678 mmchc-

531 5723 644 5774 tur,
672 5726 772 5780 ego
816 5712 962 5767 illum
1005 5711 1319 5769 homicidam
1350 5711 1533 5769 faciam
1561 5755 1576 5781 ,
1604 5723 1656 5770 et
1689 5715 1986 5770 accusantis
2018 5716 2096 5772 in~

529 5802 882 5861 tcriectorcnt.

1235 373 1288 428 S.
1327 371 1601 428 JOANNIS
1637 362 2107 425 CIIRYSOSTOMI
2148 361 2457 419 ARClllEP.
2500 365 3027 426 CONS'I‘ANTINUP.

3705 373 3806 429 691

2299 473 2698 547 Imprudentium
2717 482 3120 550 jm-amentorunt
3151 492 3198 538 et
3226 485 3568 555 fornicationis
3592 497 3806 548 damna.

2221 598 2292 608 —-
2320 569 2509 625 Audite
2533 584 2790 643 quotquot
2817 575 2952 628 ultra
2979 591 3139 644 quam
3166 577 3241 632 fas
3276 587 3358 634 est
3398 583 3652 638 uxoribus
3694 587 3807 653 plo-

2222 677 2342 717 ccre
2370 664 2608 718 studetis.
2645 667 2833 721 Audite
2857 677 3115 737 quotquot
3135 670 3274 726 circa
3298 689 3382 728 res
3410 675 3640 730 incertas
3660 677 3808 746 jura-

2225 765 2399 808 menta
2431 757 2696 824 prazbetis,
2728 759 2948 828 aliisque
2979 761 3229 828 perniciei
3262 774 3447 818 vestrm
3484 775 3803 834 potestatem

2226 845 2484 910 tribuitis,
2515 862 2575 900 ac
2611 847 2757 902 vobis
2799 848 3100 903 barathrum
3142 851 3394 908 effoditis.
3439 856 3529 910 Sic
3565 857 3806 914 Herodes

2224 935 2396 1001 periit.
2430 935 2656 991 Putabat
2693 938 2834 991 enim
2881 939 3045 1009 ipsam
3077 942 3345 1012 quidpiam
3390 947 3635 1001 convivio
3677 964 3809 1003 eou-

2222 1035 2532 1081 scntaneum
2560 1029 2841 1095 petiturant
2865 1045 3003 1094 esse,
3033 1032 3365 1102 puellamque
3388 1036 3437 1088 in
3465 1039 3808 1092 solemnitate

2222 1125 2274 1169 et
2313 1116 2450 1170 inter
2483 1119 2685 1186 epulas,
2721 1135 2828 1173 rem
2864 1123 3148 1190 gratiosam
3179 1133 3232 1177 et
3262 1125 3458 1192 laztam,
3492 1143 3594 1182 non
3625 1139 3808 1184 autem

2221 1217 2378 1278 caput
2400 1209 2499 1262 viri
2535 1212 2911 1278 posmlaturam
2939 1228 3095 1278 esse;
3133 1227 3184 1270 et
3208 1216 3468 1287 deceptus
3492 1231 3592 1274 est.
3649 1225 3809 1277 Atta-

2223 1315 2342 1353 men
2375 1299 2506 1354 nihil
2541 1301 2727 1355 horum
2761 1304 2931 1370 ipsum
2965 1307 3223 1375 purgabit.
3267 1307 3488 1364 Etiamsi
3531 1313 3675 1366 enim
3714 1315 3810 1368 illa

2186 1386 2191 1401 ¹
2221 1405 2339 1444 cum
2369 1391 2490 1445 feris
2521 1396 2860 1462 pugnantium
2895 1397 3124 1450 virnrmn
3158 1400 3388 1453 animum
3419 1401 3689 1466 habuerit,
3722 1415 3809 1458 at-

2225 1491 2397 1537 tamen
2429 1499 2531 1538 non
2560 1484 2734 1539 decuit
2765 1487 2906 1540 illum
2939 1502 2996 1542 se
3025 1493 3092 1542 ita
3124 1490 3493 1559 decipiendum
3525 1497 3766 1564 praebere
3789 1539 3806 1561 ,

2225 1590 2325 1629 nec
2354 1577 2630 1646 tyrannica
2655 1578 2869 1647 obsequi
2899 1580 3140 1648 imperio.
3166 1582 3343 1637 Primo
3367 1586 3530 1650 enim,
3554 1590 3671 1657 quis
3694 1606 3806 1643 non

2223 1664 2501 1719 exhorruit
2535 1681 2742 1720 sacrmn
2781 1668 2907 1721 illud
2944 1679 3102 1738 caput
3129 1671 3312 1727 videns
3342 1677 3650 1745 sanguinem
3684 1680 3807 1731 stil-

2224 1755 2363 1821 lare,
2394 1765 2447 1810 et
2473 1757 2610 1810 inter
2634 1758 2816 1826 epulas
2845 1760 3076 1827 reponi?
3105 1762 3172 1814 At
3199 1778 3304 1816 non
3341 1762 3551 1834 iniquus
3582 1767 3667 1821 ille
3699 1767 3810 1822 lle-

2223 1845 2414 1911 rodes,
2462 1863 2568 1902 non
2613 1848 2985 1902 exsecrabilior
3028 1851 3115 1905 illo
3160 1853 3370 1908 mulier.
3413 1855 3568 1911 Tales
3607 1859 3809 1928 quippe

2222 1950 2345 1994 sunt
2373 1942 2677 1995 meretrices
2703 1959 2717 1994 :
2742 1942 2976 1996 omnium
3008 1945 3442 2012 petulantissima:
3466 1959 3518 2004 et
3544 1952 3809 2006 crudelis-

2222 2035 2390 2087 siuue.
2420 2033 2550 2088 Nam
2577 2036 2617 2087 si
2642 2049 2738 2089 nos
2764 2035 2878 2090 hare
2897 2036 3171 2092 audientes
3197 2041 3668 2108 perhorrescimus,
3694 2060 3806 2114 quo

2221 2126 2399 2180 animo
2425 2124 2588 2181 fuisse
2625 2127 2914 2197 putandum
2955 2139 3036 2183 est
3073 2145 3166 2184 eos
3191 2132 3278 2200 qui
3321 2132 3433 2187 haac
3469 2134 3594 2204 ipsis
3632 2138 3807 2192 oculis

2221 2217 2544 2271 cernerent?
2567 2217 2692 2287 quid
2719 2219 2860 2288 passi
2888 2227 3012 2272 sunt
3038 2223 3274 2275 conviva;
3301 2233 3458 2291 caput
3480 2240 3667 2280 recens
3688 2241 3808 2280 am-

2223 2316 2460 2376 putatum
2502 2317 2556 2362 et
2603 2310 2914 2380 sanguinem
2960 2308 3203 2365 videntes
3246 2312 3298 2366 in
3339 2313 3515 2369 medio
3557 2317 3806 2372 convivio

2225 2399 2514 2469 repositum
2540 2400 2562 2452 ?
2593 2400 2658 2452 At
2689 2415 2792 2453 non
2822 2401 3156 2468 sanguinaria
3191 2402 3274 2457 illa
3305 2411 3358 2457 et
3387 2404 3514 2474 ipsis
3547 2407 3692 2460 furiis
3720 2407 3804 2461 fe-

2223 2489 2398 2542 rocior
2427 2488 2518 2542 illo
2546 2501 2809 2543 commota
2843 2489 2940 2543 fuit
2967 2493 3271 2560 spectaculo
3291 2536 3305 2556 ,
3337 2495 3428 2549 sed
3456 2498 3754 2552 exsultabat
3782 2517 3799 2553 :

2221 2580 2387 2649 atqui,
2413 2581 2513 2636 etsi
2545 2598 2647 2635 non
2675 2581 2908 2644 aliunde,
2939 2599 3002 2638 ex
3032 2584 3146 2639 solo
3174 2595 3390 2655 aspectu
3422 2589 3607 2643 saltem
3648 2591 3801 2644 fasti-

2220 2672 2363 2725 dium
2403 2686 2757 2743 nauseamqne
2798 2675 3092 2744 ingenerari
3134 2692 3229 2745 par
3269 2687 3402 2733 erat.
3435 2680 3629 2736 Verum
3669 2682 3803 2737 nihil

2223 2762 2518 2831 hujusmodi
2551 2779 2704 2834 passa
2735 2774 2816 2818 cst
2847 2765 2931 2819 illa
2960 2767 3269 2837 sanguinem
3301 2771 3486 2826 sitiens
3525 2772 3800 2842 propheti-

2222 2868 2362 2905 cum.
2392 2852 2535 2908 Talis
2563 2863 2645 2908 est
2683 2854 2960 2909 fornicatio
2989 2874 3002 2910 :
3037 2872 3139 2910 non
3174 2859 3396 2914 lascivos
3434 2870 3635 2918 tantum
3662 2906 3676 2931 ,
3704 2866 3799 2922 sed

2222 2951 2274 2997 et
2303 2942 2594 2999 homicidas
2639 2945 2820 3001 efficit.
2865 2946 2996 3002 Nam
3036 2949 3276 3005 adulterii
3307 2953 3510 3022 cupida:
3550 2957 3802 3014 mulieres

2221 3033 2286 3088 ad
2315 3035 2512 3089 eaedem
2543 3047 2665 3091 sunt
2694 3048 2890 3107 parata:
2919 3040 3186 3107 virorum,
3215 3044 3303 3112 qui
3335 3045 3523 3113 injuria
3552 3047 3798 3105 afficiun-

2223 3134 2338 3193 tur;
2365 3143 2462 3183 nec
2486 3144 2643 3184 unam
2670 3140 2869 3184 tantum
2899 3132 2978 3187 vel
3006 3132 3158 3201 duas,
3181 3135 3273 3190 sed
3295 3145 3349 3191 et
3371 3137 3672 3195 innumeras
3696 3158 3802 3200 cen-

2221 3217 2315 3273 des
2345 3219 2458 3274 fieri
2493 3219 2648 3277 facile
2672 3224 2990 3278 curaverint.
3024 3224 3284 3281 Similium
3316 3243 3474 3298 pono
3504 3231 3799 3290 facinorum

2221 3308 2374 3362 multi
2413 3318 2574 3365 testes
2611 3320 2753 3368 sunt.
2795 3313 2850 3368 ld
2893 3315 3049 3369 etiam
3098 3317 3185 3371 illa
3228 3328 3351 3375 tunc
3390 3321 3546 3390 fecit,
3580 3340 3802 3393 Sperans

2224 3408 2421 3454 tantum
2453 3401 2654 3456 facinus
2684 3403 2736 3457 in
2764 3403 3081 3461 oblivionem
3115 3410 3322 3465 tandem
3348 3427 3466 3468 esse
3495 3425 3794 3471 venturum.

2221 3488 2324 3544 Sed
2363 3492 2686 3546 contrarium
2729 3509 2948 3563 prorsus
2983 3500 3160 3554 evenit
3192 3517 3204 3553 :
3236 3516 3359 3555 nam
3400 3503 3552 3575 longe
3585 3507 3796 3564 clariori

2220 3595 2349 3636 voce
2380 3591 2559 3651 postea
2586 3583 2820 3640 Joannes
2846 3587 3115 3643 clamavit.

2287 3674 2341 3728 5.
2377 3673 2612 3744 Nequitia
2646 3679 2715 3730 ad
2752 3695 2970 3748 prtesens
2995 3692 3189 3752 tempus
3212 3686 3372 3739 solum
3411 3691 3633 3758 respicit.
3663 3691 3796 3746 Pec-

2218 3775 2381 3819 catum
2408 3784 2506 3821 non
2536 3771 2716 3839 tegitur
2742 3789 2829 3840 per
2855 3774 2997 3827 aliud
3025 3786 3300 3844 peccatum,
3327 3780 3416 3834 sed
3442 3798 3531 3851 per
3556 3787 3800 3853 paeniten-

2218 3855 2358 3909 tiam.
2384 3857 2617 3914 Convivia
2642 3877 2704 3915 ea:
2726 3863 2916 3932 rapinis
2947 3877 3092 3934 parta
3114 3885 3264 3938 quam
3289 3872 3483 3925 odiosa.
3503 3903 3574 3913 —
3600 3873 3795 3931 Verum

2215 3949 2446 4018 nequitia
2472 3951 2536 4005 ad
2569 3967 2802 4021 praesens
2830 3965 3028 4010 tantum
3059 3967 3266 4028 tempus
3289 3962 3521 4032 respicit,
3551 3965 3691 4022 sicut
3715 3968 3796 4023 fe.

2215 4041 2541 4108 bricitantes,
2574 4061 2694 4100 cum
2721 4062 2911 4117 aquam
2942 4049 3184 4119 frigidam
3216 4054 3582 4124 intempestive
3614 4070 3800 4129 postu-

2215 4135 2343 4189 lant.
2371 4136 2575 4190 Etenim
2600 4138 2699 4193 nisi
2720 4150 3082 4196 aceusatorem
3101 4144 3410 4214 jugulasset,
3441 4148 3646 4206 facinus
3667 4152 3797 4208 illud

2217 4242 2321 4280 non
2371 4227 2439 4281 ita
2482 4229 2782 4301 evulgatum
2829 4232 3032 4287 fuisset.
3085 4235 3333 4304 Discipuli
3379 4254 3608 4309 namque
3642 4243 3793 4312 ejus,

2215 4321 2427 4390 quando
2456 4323 2506 4377 in
2535 4338 2802 4380 carcerem
2843 4327 3114 4396 conjectns
3155 4327 3244 4382 fuit
3274 4372 3288 4393 ,
3323 4330 3450 4384 nihil
3493 4332 3794 4403 hujnsmodi

2214 4413 2462 4470 dixerunt
2491 4434 2503 4469 :
2529 4433 2648 4472 cum
2677 4427 2849 4474 autem
2879 4421 3184 4476 interfectus
3214 4422 3329 4489 fuit,
3361 4434 3468 4478 tum
3502 4427 3645 4480 necis
3671 4443 3798 4481 can-

2213 4521 2325 4561 sam
2349 4508 2617 4578 publicare
2638 4512 2803 4566 coacti
2831 4521 2972 4566 sunt.
3005 4513 3309 4582 Adulteram
3335 4516 3584 4586 obtegere
3613 4521 3796 4588 cupie-

2215 4600 2372 4666 bant,
2403 4616 2501 4656 nec
2536 4602 2740 4658 alienas
2767 4605 3096 4659 calamitates
3136 4606 3435 4673 publicare;
3467 4623 3587 4662 cum
3615 4619 3792 4664 autem

2215 4693 2264 4748 in
2301 4696 2548 4750 narrandi
2593 4698 2964 4752 necessitatem
3005 4698 3214 4752 deducti
3248 4710 3400 4765 sunt,
3439 4713 3562 4755 tunc
3590 4703 3795 4758 facinus

2213 4801 2369 4841 omne
2401 4797 2698 4843 recensent.
2733 4788 2808 4842 Ne
2835 4789 2953 4858 quis
2983 4789 3122 4843 enim
3153 4805 3367 4844 causam
3399 4793 3559 4846 caedis
3597 4794 3790 4848 malam

2212 4892 2331 4932 esse
2360 4879 2735 4946 suiSpicarctur,
2772 4889 2828 4933 ut
2860 4881 2910 4934 in
2943 4880 3156 4936 Theuda
3183 4889 3237 4935 et
3263 4881 3395 4936 Jnda
3427 4885 3667 4946 contigit,
3704 4903 3795 4940 ve.

2213 4987 2324 5024 ram
2367 4970 2528 5025 caedis
2569 4985 2779 5026 causam
2827 4971 3024 5028 referre
3062 4984 3339 5043 coguntur.
3385 4975 3564 5044 Itaque
3594 4988 3795 5046 quanto

2215 5065 2378 5134 magis
2419 5072 2689 5130 peccatum
2719 5065 2990 5120 occultare
3019 5065 3119 5119 hoc
3151 5067 3309 5120 modo
3336 5067 3572 5122 volueris
3597 5109 3610 5133 ,
3648 5078 3794 5120 tanta

2213 5157 2379 5226 magis
2397 5155 2524 5209 illud
2541 5156 2776 5224 evulgas.
2797 5158 3073 5211 Peccatum
3092 5159 3231 5211 enim
3254 5175 3354 5212 non
3376 5175 3470 5229 per
3486 5161 3684 5228 peccati
3700 5161 3789 5212 ad-

2213 5249 2558 5302 ditamentum
2588 5251 2800 5319 tegitur,
2821 5248 2912 5303 scd
2941 5267 3034 5319 per
3053 5253 3414 5319 pmnitentiam
3438 5263 3487 5306 et
3511 5252 3788 5306 (ιοιιΐρδδῙψ

2213 5356 2353 5396 nem.
2385 5339 2660 5408 Perpende
2688 5351 2861 5395 autem
2889 5342 3153 5410 quomodo
3185 5341 3298 5396 haec
3324 5343 3643 5412 evangelista
3673 5359 3790 5395 tuo-

2211 5433 2394 5487 derate
2420 5440 2628 5496 narret,
2660 5442 2712 5487 et
2741 5441 2992 5502 quantmn
3023 5434 3145 5487 licet
3177 5433 3376 5487 crimen
3409 5436 3628 5488 minuat.
3661 5434 3790 5489 Nam

2213 5525 2471 5581 Herodem
2501 5524 2550 5578 id
2584 5523 2770 5578 fecisse
2799 5523 2925 5578 dicit
2956 5509 3170 5593 propter
3195 5524 3550 5593 jnramentum
3582 5535 3638 5579 et
3660 5541 3789 5580 cou-

2213 5620 2355 5673 vivas
2378 5659 2390 5682 ,
2422 5619 2698 5687 ipsumque
2727 5615 3098 5671 contristatum
3127 5616 3290 5670 fuisse
3323 5633 3335 5667 :
3365 5616 3431 5670 de
3459 5616 3628 5685 puella
3665 5632 3792 5671 vero

2209 5712 2330 5765 dicit
2364 5712 2527 5780 ipsam
2559 5727 2587 5763 a
2619 5720 2786 5764 matre
2815 5709 3183 5777 praemonitam
3216 5708 3373 5761 fuisse
3396 5745 3410 5768 ,
3442 5715 3498 5761 et
3526 5715 3683 5774 caput
3709 5716 3790 5760 at-

2214 5809 2393 5862 tulisse
2423 5807 2589 5869 matri,
2627 5821 2686 5857 ac
2717 5804 2757 5858 si
2791 5804 3012 5862 diceret.
3047 5801 3186 5857 lllius
3209 5800 3355 5870 jussa
3382 5799 3788 5870 exsequebatur.
