4046 6428
305 421 414 475 493

306 537 425 592 Non
454 534 595 589 enim
628 532 694 588 de
737 532 801 586 iis
838 530 927 600 qui
964 528 1104 583 mala
1150 526 1451 596 patiuntur,
1484 524 1578 578 sed
1614 522 1681 578 de
1721 522 1785 576 iis
1813 520 1903 588 qui

309 629 447 684 mala
477 625 727 689 inferunt,
758 623 941 677 dolere
968 620 1141 675 solent
1167 617 1289 687 iusti
1321 631 1529 681 omnes,
1558 614 1678 684 quia
1712 612 1761 666 hi
1793 628 1906 665 ma-

306 723 453 773 xime
490 724 617 772 sunt
648 715 736 784 qui
775 714 914 767 male
956 712 1247 781 patiuntur.
1289 708 1471 778 Neque
1500 706 1641 761 enim
1672 704 1906 760 Joannes

310 812 467 864 larsus
494 808 621 869 fuit,
655 807 749 861 sed
794 806 825 859 ii
868 806 955 875 qui
984 790 1109 857 hare
1150 799 1435 857 machinati
1476 807 1621 852 sunt.
1660 798 1767 851 llos
1808 810 1905 849 nos

306 917 516 971 quoque
539 900 829 963 imitemur,
859 913 1031 967 neque
1053 896 1369 948 insultentus
1397 891 1627 960 peccatis
1653 888 1900 958 proximi,

307 998 399 1047 sed
431 1004 683 1063 quantum
713 991 789 1045 fas
817 1001 897 1044 est
922 989 1250 1041 occultemus
1275 1002 1358 1040 ca.
1392 986 1635 1039 Animum
1672 982 1908 1052 philoso-

309 1086 523 1154 ihicum
550 1098 900 1138 assumamus.
933 1082 1139 1135 Etenim
1172 1078 1493 1148 cvangt-lista
1525 1076 1592 1131 de
1621 1074 1904 1130 meretrice

306 1187 362 1232 et
399 1176 736 1247 sanguinaria
782 1173 1008 1227 muliere
1048 1171 1319 1225 moderate
1353 1178 1611 1239 quantum
1644 1167 1787 1221 licuit
1821 1167 1903 1220 lo-

306 1277 502 1340 qnutus
526 1278 623 1323 est.
653 1266 768 1321 Non
792 1266 932 1319 enim
954 1265 1107 1327 dixit,
1137 1266 1178 1315 Α
1207 1262 1543 1331 sanguinaria
1570 1270 1622 1315 et
1651 1261 1898 1325 scelesta,

307 1359 423 1424 sed,
449 1361 491 1412 Α
515 1367 674 1411 matre
694 1356 1010 1427 praemonita,
1038 1354 1430 1407 honestioribus
1451 1369 1577 1405 usus
1607 1349 1898 1405 vocabulis.

305 1449 387 1504 Tu
416 1464 541 1505 vero
572 1451 869 1518 proximum
897 1445 1218 1501 contumelia
1245 1456 1298 1498 et
1323 1442 1566 1499 convicio
1587 1441 1776 1503 amcis,
1804 1457 1903 1496 nec

307 1546 378 1597 ita
406 1542 645 1597 modeste
674 1553 824 1609 potes
851 1539 917 1594 de
949 1539 1109 1592 fratre
1133 1538 1221 1607 qui
1256 1548 1305 1590 te
1337 1536 1527 1605 injuria
1559 1534 1797 1589 effecerit
1825 1536 1899 1589 lo-

304 1638 433 1708 qui,
464 1646 515 1691 ut
560 1637 649 1691 ille
683 1634 752 1689 de
799 1633 1079 1689 meretrice
1110 1631 1457 1700 loquebatur,
1491 1629 1583 1683 sed
1613 1629 1899 1684 admodum

306 1732 574 1794 ferociter,
604 1741 656 1783 et
680 1743 801 1782 cum
828 1742 913 1796 op,
937 1726 1150 1789 robriis,
1180 1725 1466 1778 scelestum
1494 1738 1670 1787 vocas,
1704 1724 1905 1791 impro-

306 1821 431 1878 bum
458 1865 471 1885 ,
504 1822 707 1876 vafrum
732 1863 745 1884 ,
789 1820 1044 1885 stultum,
1075 1828 1122 1872 et
1166 1817 1358 1871 similia
1400 1816 1623 1885 adhibes
1662 1814 1897 1870 nomina.

303 1916 435 1971 Nam
457 1914 741 1970 ell'eramur
767 1912 985 1966 omnino
1011 1920 1064 1964 et
1091 1909 1238 1980 quasi
1268 1908 1335 1963 de
1361 1909 1655 1979 alienigena
1687 1907 1903 1963 homine

303 2009 591 2077 loquimur,
623 2004 1027 2067 maledicentes,
1057 2000 1310 2055 conviciis
1335 2011 1387 2054 et
1413 1998 1752 2054 contumeliis
1780 1995 1902 2051 afﬁ-

303 2101 525 2155 cientes.
550 2100 617 2153 At
640 2113 744 2151 non
768 2097 838 2151 ita
861 2106 1008 2151 certe
1031 2094 1200 2149 sancti
1226 2111 1239 2147 :
1268 2091 1361 2148 sed
1389 2092 1567 2163 potius
1592 2098 1903 2161 peccatores

304 2193 505 2262 lugent,
533 2204 690 2260 quam
723 2187 851 2256 ipsis
883 2185 1224 2241 malediCant.
1252 2183 1366 2238 Hoc
1396 2193 1449 2238 ct
1474 2196 1575 2237 nos
1602 2181 1857 2237 faciamus
1883 2199 1898 2236 :

305 2285 579 2353 lugeamus
620 2278 1010 2343 Herodiadem,
1044 2285 1100 2332 et
1133 2291 1229 2331 eos
1273 2275 1361 2346 qui
1412 2274 1556 2341 illam
1602 2273 1898 2329 imitantur.

305 2375 465 2430 Multa
499 2389 729 2444 namque
757 2370 917 2427 etiam
948 2364 1435 2437 nunc'hujusmodi
1469 2365 1717 2420 convivia
1746 2365 1899 2421 cele-

304 2464 548 2520 brantur.
574 2466 748 2534 Atque
772 2461 978 2517 etiamsi
1008 2458 1242 2514 Joannes
1268 2473 1377 2513 non
1404 2458 1771 2524 interﬁciatur,
1803 2458 1899 2513 sed

302 2556 502 2611 Christi
538 2554 777 2611 membra
808 2554 964 2623 longe
991 2555 1209 2623 gravius
1234 2551 1584 2621 impetuntur.
1609 2550 1726 2606 Non
1755 2553 1899 2608 enim

301 2659 460 2718 caput
489 2649 541 2702 in
568 2647 717 2703 disco
743 2654 930 2716 petunt
962 2645 996 2699 ii
1020 2645 1109 2715 qui
1136 2659 1279 2699 nunc
1307 2636 1630 2714 tripudiant,
1657 2640 1751 2701 sed
1778 2648 1899 2702 ani-

301 2760 420 2800 mas
444 2744 603 2799 simul
644 2743 1092 2800 recumbentium.
1116 2740 1249 2798 Cum
1279 2753 1455 2798 autem
1496 2743 1614 2799 illos
1644 2744 1695 2798 in
1727 2744 1898 2821 servi-

304 2848 471 2894 tutem
503 2838 841 2908 redegerint,
872 2847 925 2891 et
959 2837 1023 2890 ad
1059 2837 1269 2907 iniquos
1311 2837 1620 2892 induxerint
1648 2852 1897 2905 amores,

302 2932 723 3001 meretricesque
772 2929 1153 2993 adhibuerim,
1196 2943 1303 2984 non
1346 2937 1504 2997 caput
1543 2922 1895 2995 abscindunt,

301 3023 396 3080 sed
420 3022 652 3077 animam
670 3022 933 3093 jugulant,
958 3021 1084 3076 dum
1111 3021 1234 3076 illos
1255 3019 1516 3085 tuaachos,
1540 3018 1896 3086 effeminatos,

299 3122 355 3170 et
378 3114 617 3168 exoletos
644 3112 891 3167 reddunt.
920 3112 1102 3181 Neque
1124 3111 1267 3167 enim
1296 3111 1424 3165 mihi
1448 3111 1672 3175 dixeris,
1699 3122 1749 3164 te
1778 3112 1900 3164 vino

299 3214 513 3276 captum
542 3215 594 3259 et
619 3204 829 3259 ebrium
864 3204 1143 3258 mulierem
1172 3204 1477 3267 saltantem,
1500 3217 1618 3269 qme
1646 3203 1897 3256 obscmna

300 3297 565 3368 loquitur,
599 3297 713 3350 sine
742 3290 848 3349 ullo
878 3295 1329 3364 concupiscentia:
1369 3302 1515 3347 motu
1548 3294 1730 3346 videre
1751 3334 1765 3357 ,
1801 3308 1898 3347 ne-

300 3410 403 3463 que
441 3393 709 3464 voluptate
750 3394 945 3447 victum
983 3391 1049 3444 ad
1093 3390 1362 3444 lasciviam
1403 3387 1550 3443 ferri.
1587 3387 1721 3443 Illud
1752 3399 1898 3442 certe

300 3486 556 3541 horribile
587 3485 815 3554 pateris,
848 3494 904 3538 ut
945 3483 1184 3537 membra
1212 3479 1415 3536 Christi
1457 3477 1622 3533 facias
1658 3479 1898 3532 membra

299 3576 616 3633 meretricis.
642 3574 776 3630 Nam
814 3576 912 3629 etsi
955 3590 1061 3628 non
1097 3572 1238 3626 adsit
1277 3571 1381 3625 lilia
1421 3569 1770 3635 llerodiadis,
1804 3567 1898 3623 sed

297 3670 388 3741 qui
420 3684 513 3739 per
548 3668 692 3723 illam
729 3675 854 3721 tunc
895 3666 1114 3719 saltavit
1150 3663 1397 3718 diabolus
1420 3704 1434 3725 ,
1476 3678 1569 3731 per
1604 3662 1719 3716 illas
1759 3675 1900 3716 nunc

298 3762 523 3817 choreas
562 3760 707 3830 agit,
739 3756 1205 3829 abitqueanimas
1244 3754 1694 3808 discumbentium
1734 3767 1899 3822 agens

299 3854 554 3925 captivas.
588 3851 739 3920 Quod
782 3852 827 3905 si
869 3864 963 3903 vos
1005 3848 1229 3917 potestis
1258 3846 1575 3901 ebrietatem
1612 3846 1817 3909 vitare,
1846 3853 1900 3897 at

299 3947 519 4002 alterius
556 3945 755 4015 peccati
794 3941 1091 4014 gravissimi
1127 3939 1410 4009 participes
1449 3937 1578 3991 estis
1613 3956 1624 3989 :
1658 3936 1901 4006 plurimis

300 4057 529 4113 namque
556 4041 760 4110 rapinis
802 4034 1105 4107 hnjnsmodi
1137 4033 1378 4088 convivia
1409 4040 1676 4086 Constant.
1705 4029 1782 4084 Ne
1807 4045 1900 4098 ap-

299 4136 499 4205 positas
520 4147 710 4187 carnes
734 4129 1050 4197 reSpexcris.
1078 4141 1175 4179 nec
1195 4126 1495 4193 placentas;
1514 4122 1608 4177 sed
1633 4122 1897 4176 undenam

299 4228 415 4283 lucc
438 4226 662 4282 collecta
692 4224 799 4279 siut
827 4222 1021 4290 cogita,
1052 4230 1105 4274 et
1135 4218 1339 4273 videbis
1368 4218 1455 4271 illa
1484 4232 1549 4272 ex
1574 4215 1816 4281 avaritia,
1846 4225 1896 4270 et

299 4321 372 4380 vi.
406 4328 461 4375 et
491 4318 672 4387 rapina
706 4314 990 4385 proficisci.
1025 4311 1245 4375 Verum,
1280 4310 1508 4380 inquies,
1540 4309 1655 4364 hare
1691 4324 1796 4362 non
1829 4309 1897 4363 ita

299 4421 448 4481 parta
479 4416 640 4473 sunt;
668 4406 846 4461 absit!
895 4405 947 4460 id
988 4419 1087 4472 ego
1129 4402 1351 4457 minime
1391 4401 1567 4456 velim.
1616 4398 1812 4454 Verum
1852 4401 1898 4456 si

301 4505 400 4561 hac
426 4504 479 4559 in
506 4512 655 4574 parte
684 4500 932 4557 convivia
962 4497 1070 4553 sint
1094 4510 1222 4566 pura
1244 4535 1259 4560 ,
1290 4510 1395 4548 non
1427 4501 1605 4548 tamen
1638 4492 1724 4547 illa
1749 4508 1899 4548 sum-

302 4610 488 4671 ptuosa
533 4595 775 4652 ceuvivia
820 4607 1038 4662 prorsus
1085 4599 1212 4645 sunt
1258 4588 1485 4643 crimine
1526 4602 1713 4641 vacua.
1764 4586 1899 4640 Audi

302 4692 439 4747 enim
484 4685 756 4760 quomodo
798 4684 889 4738 illa
932 4682 1016 4737 vel
1063 4679 1382 4749 supradictis
1428 4694 1594 4732 vacua
1640 4676 1901 4747 pr0pbeta

302 4780 661 4854 reprehendat
689 4778 772 4843 his
802 4776 982 4831 verbis
1012 4793 1027 4828 :
1066 4772 1156 4827 Var
1182 4774 1267 4844 qui
1294 4773 1459 4826 bibitis
1493 4771 1796 4843 defwcatum
1823 4771 1903 4824 vi-

301 4890 441 4936 uum.
467 4884 512 4928 et
536 4870 806 4943 unguentis
832 4866 1009 4938 primis
1041 4864 1288 4935 ungimim’
1312 4862 1490 4930 (Amos
1533 4865 1588 4917 6.
1619 4860 1698 4932 6).
1737 4859 1902 4916 Vides

298 4966 529 5039 qualiter
551 4963 637 5018 hic
653 4961 872 5018 delicias
892 4956 1295 5028 reprehendat?
1314 4953 1501 5024 Neque
1516 4953 1658 5009 enim
1682 4952 1766 5007 his
1791 4968 1902 5008 ver-

300 5056 385 5112 bis
411 5054 688 5111 avaritiam
716 5052 1039 5113 insectatur,
1068 5047 1163 5103 sed
1192 5046 1389 5103 effusas
1413 5045 1638 5100 delicias
1670 5052 1895 5099 tantum.

373 5149 427 5202 6.
468 5147 547 5202 Tu
576 5144 816 5201 comedis
845 5142 983 5197 ultra
1028 5155 1334 5195 mensuram
1358 5180 1373 5200 .
1402 5153 1523 5193 cum
1554 5136 1801 5191 Christus
1834 5152 1901 5190 ne

301 5239 517 5312 quidem
559 5235 861 5292 necessaria
892 5232 1114 5296 habeat;
1152 5241 1207 5283 tu
1238 5232 1510 5299 placentas
1544 5227 1749 5282 all'atim
1769 5268 1783 5291 ,
1813 5227 1901 5282 ille

303 5348 373 5388 ne
400 5345 590 5401 panem
626 5328 841 5399 quidem
888 5324 1135 5388 aridum;
1189 5331 1242 5375 tu
1284 5315 1539 5395 Thasium
1577 5318 1759 5371 vimun
1792 5318 1899 5383 (α),

301 5424 406 5494 ipsi
436 5437 569 5477 vero
612 5436 680 5476 ne
726 5418 948 5473 calicem
991 5415 1204 5484 quidem
1250 5428 1405 5483 aqua:
1452 5410 1658 5480 frigida:
1701 5409 1901 5463 sitienti

301 5513 534 5578 dedisti;
565 5522 620 5567 tu
652 5512 703 5566 in
736 5510 877 5565 lecto
917 5507 1065 5562 molli
1118 5515 1173 5558 et
1213 5512 1404 5558 ornato
1430 5502 1572 5571 iaces
1596 5542 1612 5565 ,
1655 5501 1742 5554 ille
1774 5517 1904 5554 vero

301 5606 620 5677 subfrigido
648 5618 775 5659 aere
797 5600 962 5670 alget.
996 5597 1204 5653 Idcirco
1220 5595 1431 5651 etiamsi
1475 5593 1698 5647 avaritia
1738 5609 1902 5647 uacua

368 5762 443 5824 (α)
477 5760 635 5810 Thasii
660 5757 757 5824 viui
781 5756 897 5806 olim
918 5753 1229 5824 celeberrimi
1246 5748 1457 5824 “mentio
1490 5746 1726 5824 frequens
1750 5746 1905 5824 habet

303 5810 552 5937 ωηιὲἐιιυά
595 5823 891 5886 scriptores,
922 5815 1169 5877 Plautum,
1213 5812 1443 5873 Plinium,
1492 5810 1807 5869 Athenaeum,
1852 5816 1906 5859 et

307 5900 332 5937 a

1271 410 1335 466 IN
1373 406 1782 464 ΜΑΤΤιιίΕωι
1825 401 2055 458 1101111..
2102 401 2334 457 XLVIII.
2376 405 2447 458 al.
2491 404 2678 460 XLIX.

3508 412 3609 468 ωε

2015 529 2193 572 essent
2223 520 2464 573 convivia
2492 527 2603 583 tua,
2628 529 2803 574 tamen
2834 519 2956 574 ideo
2980 519 3238 591 ﬂagitiosa
3284 532 3445 591 sunt,
3468 528 3612 597 quod

2014 621 2070 665 tu
2110 627 2271 682 supra
2323 614 2697 667 necessitatem
2757 614 2936 668 omnia
2994 614 3190 683 facias,
3240 616 3314 672 illi
3369 632 3496 673 vero
3547 636 3615 675 ne

2012 702 2228 773 quidem
2256 704 2555 758 necessaria
2588 703 2852 774 praebeas,
2881 720 3002 758 cum
3055 721 3118 760 ex
3169 708 3334 777 ipsius
3364 708 3517 765 bonis
3560 710 3612 765 in

2012 796 2222 853 deliciis
2252 798 2417 851 vivas.
2447 796 2610 854 Certe
2650 799 2691 851 si
2724 798 2877 868 pueri
2908 800 3204 870 cuiuspiam
3248 811 3393 859 tutor
3420 819 3570 860 esses
3594 847 3612 870 .

2013 899 2065 943 ct
2084 888 2251 959 ipsius
2283 888 2419 945 bona
2442 892 2844 953 administrans,
2874 893 3045 962 ipsum
3075 894 3125 947 in
3163 899 3424 952 extremis
3463 899 3613 967 posi-

2014 992 2124 1051 tum
2171 983 2511 1053 deSpicvres,
2565 996 2851 1041 sexcentos
2900 988 3129 1043 haberes
3155 1002 3516 1056 accusatores,
3550 1009 3614 1047 ac

2013 1077 2307 1133 secundum
2359 1077 2506 1148 leges
2551 1093 2739 1149 pateas
2783 1079 2944 1134 dares
2978 1098 2990 1133 :
3024 1095 3145 1141 cum
3182 1094 3362 1138 autem
3391 1099 3451 1139 ea
3492 1100 3613 1154 qua:

2010 1167 2211 1224 Christi
2242 1178 2365 1225 sunt
2387 1170 2685 1239 acceperis,
2716 1179 2769 1229 et
2805 1171 2883 1227 sic
2908 1170 3105 1227 frustra
3133 1172 3405 1241 insumas,
3432 1192 3610 1230 annon

2014 1273 2168 1332 putas
2196 1272 2249 1318 te
2280 1264 2543 1318 rationem
2581 1264 2915 1318 redditurum
2948 1266 3116 1321 esse?
3145 1266 3272 1322 Hmc
3318 1284 3478 1337 porro
3505 1285 3609 1325 non

2011 1355 2079 1410 de
2129 1354 2232 1408 illis
2258 1356 2399 1423 dico,
2451 1356 2540 1426 qui
2581 1358 2896 1413 meretrices
2933 1358 3001 1412 ad
3059 1377 3298 1415 mensam
3350 1358 3617 1419 inducunt-

2013 1447 2140 1518 (illis
2178 1448 2376 1520 quippe
2403 1464 2508 1501 non
2555 1449 2725 1520 magis
2760 1466 2919 1520 quam
2956 1452 3178 1507 canibus
3225 1454 3604 1526 loquendum),

2014 1556 2110 1593 uec
2141 1540 2207 1593 de
2237 1541 2540 1608 raptet-ibus
2563 1542 2652 1610 qui
2680 1542 2906 1596 aliorum
2948 1552 3166 1600 ventres
3193 1546 3417 1615 implent
3438 1548 3455 1616 (
3479 1546 3612 1604 nihil

2010 1634 2153 1686 enim
2187 1646 2473 1686 commune
2517 1648 2639 1688 cum
2683 1633 2789 1688 illis
2821 1632 2994 1689 habeo
3018 1677 3032 1700 ,
3062 1644 3243 1692 utnec
3279 1654 3403 1693 cum
3431 1640 3611 1709 porcis

2008 1723 2093 1778 vel
2115 1722 2308 1796 lupis),
2344 1722 2439 1777 sed
2468 1723 2536 1778 de
2557 1724 2661 1778 illis
2682 1727 2858 1797 agitur
2884 1728 2973 1796 qui
3002 1726 3157 1782 bonis
3184 1728 3434 1785 fruemur
3454 1732 3564 1788 suis
3590 1773 3608 1799 ,

2010 1832 2111 1873 nec
2134 1819 2256 1874 aliis
2301 1819 2628 1889 largiuntur;
2671 1819 2741 1874 de
2766 1819 2831 1875 iis
2851 1820 2941 1891 qui
2972 1831 3193 1891 patema
3232 1823 3373 1878 bona
3416 1824 3610 1881 frustra

2008 1920 2351 1967 consumunt.
2379 1911 2564 1982 Neque
2588 1912 2731 1967 enim
2760 1912 2813 1966 hi
2855 1912 3082 1970 crimine
3107 1916 3261 1971 vacui
3291 1926 3435 1972 sunt.
3476 1919 3609 1974 Nam

2008 2012 2301 2074 quomodo,
2335 2019 2543 2074 quaeso,
2580 2006 2951 2061 accusationes
2989 2016 3046 2063 et
3095 2008 3309 2079 culpam
3360 2009 3605 2082 eli‘ugiac,

2008 2098 2225 2169 quando
2271 2099 2537 2168 parasitus
2567 2106 2811 2154 ventrem
2855 2101 3059 2171 implet,
3107 2111 3164 2156 ut
3209 2114 3262 2158 et
3298 2105 3469 2171 canis,
3513 2108 3604 2175 qui

2007 2190 2214 2255 adstat;
2238 2190 2363 2245 dum
2392 2190 2639 2246 Christus
2668 2208 2735 2247 ne
2766 2192 2869 2248 hoc
2888 2193 3103 2263 quidem
3126 2194 3387 2251 hciielicio
3417 2196 3608 2268 dignus

2007 2286 2148 2358 apud
2180 2296 2231 2341 te
2255 2285 2482 2341 habetur
2500 2285 2524 2327 9
2550 2285 2765 2357 quando
2792 2286 2857 2352 is,
2883 2288 2973 2357 qui
3000 2288 3164 2343 risum
3196 2284 3375 2345 movet
3403 2331 3419 2356 ,
3462 2302 3607 2346 tanta

2006 2381 2231 2450 accipit;
2261 2379 2350 2435 ille
2369 2391 2571 2447 autem,
2599 2379 2691 2451 qui
2714 2395 2936 2450 regnum
2953 2370 3208 2436 crebrum
3226 2382 3278 2436 in
3304 2384 3606 2439 mercedem

2007 2473 2185 2537 offert,
2213 2488 2309 2528 ne.
2335 2472 2612 2527 minimam
2655 2472 2871 2542 quidem
2900 2472 3091 2529 horum
3145 2475 3393 2543 partem?
3431 2476 3521 2531 ille
3549 2487 3609 2531 ut

2010 2565 2178 2621 facete
2219 2564 2418 2635 aliquid
2461 2564 2623 2630 dicat,
2671 2565 2896 2619 satiatus
2936 2565 3077 2629 abit;
3107 2566 3195 2623 hie
3237 2581 3370 2623 vero
3414 2567 3502 2636 qui
3540 2584 3607 2623 ea

2008 2658 2184 2720 docet,
2217 2671 2338 2725 qua:
2368 2656 2472 2719 nisi
2503 2654 2886 2722 didicerimus,
2918 2656 3048 2710 nihil
3082 2673 3111 2709 a
3143 2659 3366 2713 canibus
3393 2657 3609 2713 diITere-

2008 2766 2150 2809 mus.
2180 2764 2288 2805 non
2318 2748 2507 2813 eodem
2545 2765 2653 2816 quo
2681 2750 2771 2810 ille
2802 2747 3065 2805 beneficio
3092 2751 3372 2820 dignatur?
3404 2751 3606 2808 Horre-

2006 2844 2113 2897 scis
2140 2841 2256 2897 haec
2270 2840 2579 2897 audiendo?
2604 2841 2871 2899 Ilorresce
2890 2855 3019 2912 ergo
3047 2841 3114 2899 de
3142 2841 3316 2898 factis.
3342 2843 3487 2913 Ejicc
3509 2860 3603 2914 pa-

2006 2935 2225 3002 rasitos,
2254 2945 2309 2990 et
2330 2934 2414 2990 l‘ac
2439 2944 2615 2990 tecum
2639 2933 2964 2990 accumbere
2996 2935 3289 2992 Christum.
3317 2936 3385 2993 'Si
3419 2940 3530 2994 sale
3553 2949 3609 2995 et

2007 3043 2193 3092 mensa
2224 3040 2398 3084 tecum
2425 3028 2929 3096 communicaverit,
2960 3038 3271 3087 mansuetus
3310 3030 3414 3087 tibi
3440 3030 3608 3100 iudex

2006 3121 2111 3175 erit
2140 3139 2153 3174 :
2186 3120 2327 3175 solet
2349 3122 2584 3175 revereri
2633 3134 2898 3174 mensam.
2928 3119 2988 3175 Si
3028 3136 3259 3190 natoque
3290 3122 3341 3176 id
3371 3124 3609 3179 latrones

2006 3212 2242 3277 faciant,
2275 3223 2475 3283 quanto
2504 3214 2676 3284 magis
2713 3213 3015 3267 Dominus?
3052 3213 3239 3285 Cogita
3278 3216 3421 3271 etiim
3469 3232 3607 3286 quo-

2008 3307 2169 3361 modo
2186 3307 2526 3362 meretricem
2554 3307 2697 3361 illam
2717 3321 2747 3360 a
2765 3320 2950 3361 mensa
2972 3315 3030 3361 ut
3036 3305 3238 3375 justam
3258 3308 3605 3377 laudaverit‘,

2006 3413 2069 3452 ac
2091 3397 2295 3453 Simoni
2337 3396 2746 3467 exprobraverit
2791 3399 2981 3453 dicens
3018 3417 3031 3453 :
3066 3397 3319 3455 Osculum
3346 3402 3476 3458 mihi
3503 3419 3606 3456 nou

2007 3491 2191 3544 dedisti
2219 3488 2239 3563 (
2272 3488 2397 3543 an.
2432 3491 2483 3543 7.
2513 3491 2583 3547 45
2608 3491 2650 3560 ).
2675 3490 2827 3557 Quod
2856 3489 2902 3546 si
2931 3499 2983 3545 te
3010 3488 3127 3545 hzec
3167 3507 3274 3547 non
3321 3491 3607 3549 facientem

2009 3583 2198 3645 nutrit,
2235 3583 2404 3635 multo
2438 3583 2605 3652 magis
2650 3581 2937 3637 facientem
2971 3582 3223 3640 mercede
3262 3584 3507 3640 donabit.
3531 3585 3610 3642 Ne

2008 3678 2220 3747 inopem
2242 3676 2531 3745 deSpicias,
2555 3674 2699 3746 quod
2724 3674 2972 3735 sordidus
2991 3686 3044 3731 et
3067 3676 3341 3746 squalidus
3354 3677 3608 3744 accedat;

2008 3769 2107 3827 sed
2132 3767 2331 3838 cogita,
2358 3768 2632 3823 Christum
2663 3783 2758 3837 per
2786 3767 2958 3837 ipsum
2987 3767 3208 3822 domum
3244 3778 3388 3823 tuam
3417 3768 3567 3840 adire
3590 3813 3607 3838 ,

2010 3879 2077 3919 ne
2108 3878 2299 3934 pergas
2326 3862 2472 3916 illum
2507 3862 2815 3916 inhumanis
2859 3862 3037 3916 verbis
3078 3862 3348 3917 incessere
3369 3904 3384 3930 ,
3415 3864 3610 3933 quibus

2008 3957 2327 4013 accedentes
2376 3956 2641 4013 lacessere
2698 3955 2879 4020 soles,
2930 3954 3268 4024 importunus
3326 3956 3609 4023 vowndo,

2009 4051 2217 4105 otiosos
2238 4090 2252 4113 ,
2280 4048 2731 4120 gravioribusque
2774 4049 2897 4104 aliis
2923 4048 3234 4103 nominibus
3264 4050 3609 4119 appellando.

2008 4143 2222 4214 Cogites
2252 4142 2412 4197 velim
2444 4124 2658 4212 quando
2681 4141 2800 4196 ha:c
2828 4141 2983 4205 dicis,
3011 4156 3131 4212 qua:
3159 4142 3250 4195 tibi
3270 4158 3433 4211 opera
3462 4158 3615 4211 para-

2008 4239 2094 4293 siti
2120 4237 2336 4303 faciant,
2368 4251 2434 4289 au
2463 4234 2516 4289 in
2556 4234 2736 4304 aliquo
2774 4232 3021 4288 fatuiliari
3057 4234 3132 4289 rei
3168 4242 3270 4287 tua:
3295 4234 3403 4289 sint
3432 4234 3609 4289 utiles.

2009 4329 2323 4392 Prandium,
2378 4328 2610 4398 inquies,
2658 4326 2876 4381 suavius
2924 4324 3174 4380 reddunt.
3227 4326 3293 4380 Et
3342 4326 3614 4396 quomodo

2007 4422 2245 4484 suavius,
2270 4419 2396 4474 dum
2420 4417 2590 4487 alapis
2612 4415 2894 4472 caeduntur
2908 4429 2972 4471 ac
2999 4416 3171 4485 turpia
3190 4416 3522 4488 loquuntur?
3549 4417 3616 4472 Et

2007 4514 2134 4581 quid
2166 4512 2264 4565 hac
2292 4526 2351 4565 re
2379 4510 2656 4564 insuavius
2684 4550 2698 4572 ,
2743 4506 2960 4578 quando
3000 4505 3046 4561 is
3083 4508 3173 4577 qui
3216 4509 3285 4563 ad
3324 4508 3613 4580 imaginem

2010 4606 2103 4661 Dei
2137 4606 2307 4659 factus
2337 4601 2684 4666 estczeditur,
2709 4610 2767 4655 et
2780 4616 2845 4655 ex
2865 4599 2965 4654 hac
2980 4599 3307 4655 contumelia
3337 4601 3613 4672 voluptate

2009 4694 2263 4760 aﬂiceris,
2296 4693 2440 4749 mdes
2458 4701 2577 4747 tuas
2597 4693 2648 4746 in
2682 4692 2947 4745 theatrum
2974 4700 3317 4758 convertens,
3342 4708 3404 4747 ac
3432 4687 3614 4747 mimis

2012 4785 2324 4840 convivium
2341 4783 2573 4851 replens.
2588 4781 2945 4851 scenicosque
2956 4794 3117 4836 rasos
3129 4780 3505 4845 imitaris,cmn
3523 4793 3613 4835 no.

2015 4874 2140 4929 bilis
2154 4874 2398 4942 liberque
2418 4870 2670 4926 sis?Nam
2690 4871 2763 4925 ibi
2783 4870 3614 4942 risusetalaprevisunturJlaac-

2015 4967 2157 5031 eine,
2182 4980 2391 5035 quaeso,
2421 4964 2749 5033 Voluptatem
2783 4964 3046 5034 appellas,
3074 4979 3198 5034 quae
3232 4964 3418 5019 multis
3448 4964 3610 5033 digna

2018 5066 2149 5112 sunt
2171 5058 2446 5128 lacrymis,
2463 5055 2679 5111 ﬂetibus
2694 5098 2708 5121 ,
2727 5058 3057 5127 gentilibus?
3071 5074 3194 5112 rum
3218 5066 3495 5128 oporteret
3516 5071 3610 5112 eos

2010 5160 2076 5214 ad
2107 5160 2265 5211 vitam
2299 5154 2524 5225 probam
2554 5166 2830 5218 revocare,
2859 5149 2924 5206 ad
2950 5148 3187 5206 ofﬁcium
3218 5150 3443 5217 hortari,
3468 5162 3521 5203 tu
3542 5150 3612 5205 ad

2012 5254 2271 5324 pet-juria,
2305 5251 2578 5316 verbaque
2620 5247 2791 5315 turpia
2839 5259 3123 5316 provocas,
3152 5243 3344 5299 ethoc
3368 5244 3617 5313 volupta-

2013 5358 2117 5400 tem
2144 5344 2382 5415 appellas
2398 5344 2423 5396 ’ἶ
2447 5340 2697 5412 quodque
2717 5338 2783 5392 ad
2811 5336 3113 5409 gehennam
3130 5335 3297 5403 ducit,
3330 5332 3619 5405 voluptatis

2011 5446 2385 5509 argumentum
2409 5450 2528 5488 esse
2558 5432 2750 5503 putas?
2770 5430 2902 5484 Cum
2922 5430 3067 5485 enim
3095 5429 3269 5485 facete
3288 5428 3416 5500 quid
3437 5428 3619 5484 dicere

2015 5529 2231 5599 parasiti
2278 5545 2381 5581 nou
2416 5536 2673 5595 possunt,
2717 5521 3040 5592 jummentis
3088 5536 3152 5576 ac
3198 5520 3450 5591 periuriis
3498 5534 3621 5574 sese

2015 5621 2141 5676 hinc
2164 5617 2473 5689 expediunt.
2520 5615 2768 5671 llacccine
2816 5613 2928 5668 risu
2976 5611 3179 5684 digna?
3219 5628 3400 5667 annon
3446 5610 3622 5682 potius

2033 5904 2038 5908 .
2085 5864 2095 5894 ¹
2118 5868 2262 5913 Juxta
2281 5859 2422 5911 Savil.
2446 5857 2709 5923 legendum
2738 5865 2892 5919 esset,
2912 5868 2943 5905 a
2960 5867 3125 5907 nterim
3147 5865 3310 5906 autem
3331 5850 3586 5904 reddider.
