4046 6484
461 397 561 451 593

461 509 707 582 lacrymis
733 517 782 562 et
801 504 1044 560 ﬂetibus?
1073 502 1134 556 Et
1166 501 1279 570 quis
1318 507 1495 553 mente
1531 496 1713 552 valens
1740 497 1818 552 sic
1846 493 2030 565 loqua-

461 603 583 657 tur?

533 695 584 747 7.
627 692 748 747 Haec
773 703 929 759 porro
973 687 1112 752 dico,
1157 701 1260 740 non
1286 699 1390 755 quo
1431 680 1735 752 prohibeam
1780 681 2029 735 alimenta

465 786 589 853 ipsis
613 781 956 852 suppeditari,
985 779 1078 834 sed
1107 794 1172 833 ne
1194 777 1292 831 hac
1319 775 1386 831 de
1405 790 1562 830 causa
1588 773 1988 842 suppeditentur
2013 788 2025 822 :

464 873 821 936 immanitatis,
843 886 946 924 non
977 868 1314 922 immanitatis
1334 880 1489 920 causa
1518 864 1847 927 nutriantur;
1873 863 2030 917 misc-

465 963 686 1020 ricordia
719 962 876 1029 adsit,
906 977 1008 1016 non
1038 959 1377 1015 contumelia.
1411 957 1670 1010 Alimenta
1703 955 1800 1024 ipsi
1831 953 2025 1022 praebe,

459 1061 580 1128 quia
623 1072 822 1127 pauper
854 1065 974 1120 est,
1024 1063 1079 1109 et
1106 1055 1226 1123 quia
1267 1052 1317 1106 in
1349 1050 1438 1106 illo
1479 1049 1746 1105 Christum
1771 1046 1893 1111 alis,
1924 1060 2027 1099 non

462 1160 636 1204 autem
675 1151 797 1219 quia
842 1148 1076 1202 satanica
1106 1145 1305 1199 inducit
1347 1144 1526 1207 verba,
1575 1156 1830 1211 suamque
1867 1141 2028 1194 vitam

460 1241 724 1308 deturpat.
751 1239 866 1294 Noli
891 1238 1200 1306 conspicere
1229 1233 1510 1298 ridentem,
1537 1233 1630 1288 sed
1651 1230 2028 1287 conscientiam

461 1331 575 1399 ejus
605 1330 839 1399 explora,
868 1336 921 1382 et
943 1335 1065 1381 tunc
1090 1325 1292 1380 videbis
1324 1326 1493 1394 ipsum
1523 1338 1641 1378 sese
1656 1323 1847 1378 millies
1867 1323 2030 1377 male-

459 1422 743 1484 dicentem,
773 1427 1068 1491 gementem
1091 1428 1246 1485 atque
1268 1417 1622 1486 plangentem.
1655 1415 1822 1481 Quam
1853 1429 1963 1469 rem
1986 1413 2032 1469 si

461 1514 707 1578 occultat,
733 1523 943 1582 propter
972 1523 1020 1566 te
1037 1511 1284 1565 Occultat.
1317 1507 1574 1562 Convivas
1609 1507 1860 1561 adhibeto
1888 1507 2031 1560 viros

468 1619 724 1672 pauperes
770 1603 1091 1671 liberosque,
1143 1616 1246 1655 non
1293 1600 1536 1670 perjuros
1589 1599 1670 1654 vel
1719 1599 1930 1653 mimos.
1973 1598 2031 1653 Si

463 1693 595 1747 velis
616 1701 789 1747 autem
818 1702 874 1746 ut
897 1691 1125 1761 aliquam
1149 1691 1244 1745 tibi
1270 1694 1437 1746 vicem
1462 1689 1785 1760 rependant,
1805 1690 1953 1759 jube,
1986 1690 2029 1742 si

463 1785 586 1855 quid
611 1785 837 1840 viderint
864 1784 1192 1847 indecorum,
1235 1783 1530 1853 increpare,
1561 1797 1782 1837 monere
1805 1823 1819 1846 ,
1849 1796 2031 1836 curam

463 1877 650 1931 domus
673 1885 726 1930 et
754 1874 964 1930 familia:
986 1875 1201 1929 habere.
1242 1873 1404 1929 Filios
1446 1872 1651 1928 habes?
1692 1874 1808 1927 Sint
1860 1881 2031 1926 tecum

465 1981 641 2039 patres
671 1967 927 2036 ipsorum,
956 1973 1011 2020 et
1032 1966 1288 2036 magistri,
1309 1966 1449 2020 lucra
1484 1965 1573 2019 tibi
1617 1972 1888 2034 reportent
1925 1964 2034 2018 Deo

465 2062 675 2133 placita.
725 2059 781 2115 In
831 2059 1236 2130 negotiationem
1266 2057 1591 2128 spiritualem
1635 2058 1755 2112 illos
1786 2057 2028 2111 immitte.

464 2153 521 2208 Si
552 2159 793 2219 egentem
843 2148 1137 2221 patrocinio
1168 2149 1382 2215 videris,
1428 2148 1628 2217 impera
1672 2158 1729 2201 ut
1779 2147 2031 2201 auxilium

465 2252 716 2313 praestent
749 2254 804 2299 et
829 2241 1250 2298 subministrent.
1282 2240 1480 2294 Horum
1513 2239 1809 2293 ministerio
1839 2254 2034 2294 venare

466 2335 790 2406 peregrinos,
818 2333 987 2388 nudos
1017 2333 1176 2388 indue
1201 2372 1217 2399 ,
1251 2332 1304 2387 in
1327 2346 1593 2387 carcerem
1623 2331 1773 2385 mitte
1798 2373 1811 2396 ,
1836 2331 2036 2386 alienas

465 2427 613 2481 solve
641 2425 1004 2481 necessitates.
1036 2423 1185 2480 Hane
1205 2423 1300 2478 tibi
1329 2423 1397 2477 ob
1426 2421 1816 2492 suppeditatam
1853 2421 2039 2475 alimo-

465 2518 605 2572 niam
636 2518 803 2572 vicem
836 2515 1147 2586 rependant,
1179 2530 1298 2586 quae
1339 2524 1396 2569 et
1422 2513 1514 2568 tibi
1541 2522 1596 2568 et
1620 2513 1723 2567 illis
1752 2513 1955 2582 prosit,
1986 2521 2041 2567 et

465 2623 583 2680 qua
612 2607 896 2678 improbari
930 2621 1213 2675 numquam
1239 2613 1432 2675 potest.
1466 2604 1598 2658 Hinc
1621 2604 1887 2658 strictiore
1907 2604 2040 2656 ami-

465 2701 604 2756 citia:
631 2700 838 2755 vinculo
861 2698 1174 2771 jungemini.
1197 2697 1347 2752 Nunc
1365 2697 1528 2763 enim,
1553 2696 1756 2750 etiamsi
1781 2703 1964 2764 putent
1981 2709 2039 2749 se

468 2793 657 2857 amari,
687 2801 918 2846 attamen
949 2790 1271 2845 erubescunt
1305 2788 1456 2857 quasi
1484 2788 1649 2858 gratis
1694 2785 1832 2855 apud
1880 2795 1933 2840 te
1963 2785 2041 2838 vi-

473 2894 693 2950 ventes;
725 2885 769 2940 si
795 2894 973 2939 autem
995 2883 1110 2937 hac
1137 2880 1480 2952 perfecerint,
1517 2878 1735 2934 liberius
1764 2889 1919 2948 agent
1944 2919 1958 2943 ,
1987 2889 2041 2933 et

467 2985 526 3032 ιιι
554 2977 806 3032 libentius
839 2990 1074 3030 mensam
1106 2973 1400 3044 prtebebis,
1443 2981 1624 3042 utpote
1661 2972 1748 3041 qui
1798 2981 2040 3040 sumptus

469 3084 574 3123 non
613 3068 729 3122 sine
777 3065 949 3121 fructu
991 3063 1322 3135 profundas:
1353 3063 1429 3118 illi
1470 3077 1589 3118 cum
1622 3061 1808 3116 fiducia
1864 3072 2038 3116 tecum

470 3161 670 3223 vivent,
697 3167 895 3214 etcum
918 3156 1124 3212 decenti
1155 3156 1419 3219 libertate,
1446 3152 1739 3223 domusque
1767 3163 1851 3206 tua
1875 3195 1889 3218 ,
1922 3169 2040 3223 quae

474 3249 736 3303 theatrum
768 3255 905 3312 erat,
928 3246 1154 3303 ecclesia
1176 3245 1397 3311 evadet,
1425 3244 1666 3300 diabolus
1691 3242 1924 3314 aufugiet
1947 3286 1961 3308 ,
1989 3246 2041 3299 in

470 3356 585 3395 eam
606 3339 847 3394 Christus
874 3353 990 3394 cum
1019 3337 1327 3408 angelorum
1353 3337 1516 3392 choro
1548 3333 1779 3390 intrabit.
1805 3334 1935 3388 Nam
1954 3335 2043 3390 ubi

470 3433 734 3498 Christus,
777 3421 846 3487 ibi
872 3433 1042 3501 angeli
1075 3432 1090 3462 ¹
1129 3449 1142 3485 :
1173 3430 1259 3485 ubi
1289 3445 1416 3486 vero
1450 3428 1690 3488 Christus
1740 3439 1795 3484 et
1833 3428 2041 3500 angeli,

473 3523 540 3578 ibi
568 3523 777 3586 cadum,
807 3521 877 3577 ibi
908 3522 993 3575 lux
1021 3521 1181 3577 solari
1211 3520 1558 3591 splendidior.
1590 3519 1647 3574 Si
1673 3528 1848 3574 autem
1886 3520 2042 3574 aliam

470 3613 539 3667 ab
565 3613 629 3666 iis
657 3613 783 3682 ipsis
822 3611 1236 3667 consolationem
1276 3612 1354 3666 vis
1382 3611 1473 3665 tibi
1499 3625 1704 3680 parere,
1748 3626 1841 3680 per
1878 3611 2043 3666 otium

470 3703 594 3774 jube
621 3702 738 3758 illos
757 3703 988 3757 divinam
1017 3702 1185 3772 legem
1215 3702 1266 3757 in’
1298 3702 1431 3757 libro
1468 3702 1663 3773 legere.
1693 3701 1968 3758 Libentius
1991 3703 2045 3757 in

539 3909 551 3929 ι
590 3906 714 3959 Ilaec,
752 3907 870 3961 Nom
907 3897 987 3948 ubi
1021 3896 1251 3958 Christus,
1286 3895 1356 3961 ibi
1391 3896 1567 3961 angeli,
1603 3898 1780 3951 desunt
1812 3912 1860 3947 tn
1900 3898 2040 3950 Savil.

469 3968 632 4019 stunc,
657 3969 710 4010 ut
734 3959 940 4019 videtur,
963 3974 1050 4023 per
1073 3958 1502 4010 homoeoteleuton.

1196 386 1247 441 S.
1291 380 1562 440 JOANNIS
1596 371 2068 435 CHRYSOSTOMI
2108 377 2419 435 ARCIIIEP.
2460 379 2987 441 CONSTANTINOP.

3606 390 3718 448 8⁸16

2137 493 2217 548 his
2249 495 2339 549 tibi
2369 511 2569 552 morem
2591 509 2794 568 gerent,
2817 516 2973 571 quam
3006 501 3056 555 in
3085 501 3221 557 aliis.
3250 500 3375 559 [huc
3399 506 3540 561 enim
3584 517 3642 562 et
3665 517 3720 563 te

2135 596 2188 642 et
2217 587 2332 642 illos
2373 588 2706 645 honestiores
2750 591 3016 661 efficiunt;
3060 593 3149 648 illa
3194 610 3340 659 vero,
3390 613 3509 666 qure
3551 613 3719 666 supra

2135 679 2359 734 diximus
2381 720 2396 744 ,
2425 696 2612 736 omnes
2653 682 2811 736 simul
2851 682 3178 740 dedecorant
3209 705 3223 742 :
3257 693 3308 741 te
3339 697 3397 740 ut
3431 697 3719 744 contume-

2136 773 2325 827 liosum
2345 783 2398 829 et
2429 776 2792 843 temulentum,
2821 776 2940 833 illos
2971 787 3028 832 ut
3056 779 3279 834 miseros
3308 791 3362 836 et
3394 784 3558 836 ventri
3593 798 3718 837 ser-

2133 865 2357 920 vientes.
2387 865 2515 920 Nam
2559 869 2604 921 si
2653 867 2717 921 ad
2745 870 3119 924 contumeliam
3151 873 3350 927 nutrias
3371 915 3385 936 ,
3409 873 3458 926 id
3501 875 3721 943 gravius

2133 967 2234 1024 est,
2266 973 2421 1026 quam
2443 958 2488 1013 si
2511 959 2815 1025 occideres;
2872 962 2952 1015 sin
2983 963 3050 1016 ad
3099 964 3376 1019 utilitatem
3405 972 3458 1018 et
3484 965 3720 1030 lucrum,

2135 1046 2187 1102 id
2213 1047 2531 1103 fructuosius
2556 1058 2658 1113 est,
2689 1065 2847 1119 quam
2865 1051 2911 1105 si
2938 1051 3004 1106 ad
3031 1061 3258 1108 mortem
3288 1055 3544 1109 abductos
3576 1057 3720 1112 libe-

2135 1154 2302 1194 rares.
2332 1140 2480 1196 Nunc
2497 1150 2670 1195 autem
2700 1142 2818 1196 illos
2833 1143 3001 1212 magis
3021 1159 3176 1213 quam
3191 1161 3380 1200 servos
3399 1146 3719 1214 dedecoras,

2135 1240 2189 1285 et
2213 1232 2352 1285 servi
2382 1229 2566 1301 majori
2596 1232 2733 1302 apud
2764 1240 2816 1288 te
2844 1232 3034 1288 fiducia
3060 1250 3120 1289 ac
3157 1235 3401 1292 libertate
3441 1237 3718 1302 fruuntur;

2137 1323 2226 1377 illo
2251 1334 2426 1378 autem
2455 1325 2611 1378 modo
2641 1326 2758 1380 illos
2782 1326 2984 1396 angelis
3013 1343 3165 1397 pares
3193 1327 3349 1384 facis.
3383 1329 3448 1383 Et
3478 1339 3529 1384 te
3555 1330 3720 1399 igitur

2136 1424 2190 1469 et
2219 1414 2338 1470 illos
2365 1415 2528 1470 libera
2555 1457 2571 1482 ,
2614 1417 2964 1485 parasitorum
2997 1434 3189 1473 nomen
3240 1419 3308 1474 de
3347 1419 3525 1474 medio
3553 1420 3681 1476 tollc
3701 1460 3722 1486 .

2135 1507 2392 1562 convivas
2419 1507 2646 1576 appella,
2674 1517 2729 1562 et
2756 1509 2907 1576 pulso
2936 1509 3269 1565 adulatorum
3298 1512 3511 1567 nomine
3531 1555 3546 1578 ,
3573 1513 3712 1567 ami-

2137 1615 2320 1656 corum
2352 1601 2508 1656 indue
2527 1602 2953 1671 appellationem.
2984 1601 3108 1657 ldeo
3123 1605 3382 1658 amicitias
3403 1605 3528 1660 fecit
3554 1606 3720 1670 Deus,

2140 1708 2244 1748 non
2289 1693 2341 1747 in
2374 1692 2626 1747 damnum
2678 1693 2990 1749 dilectarum
3034 1703 3088 1749 et
3129 1695 3479 1766 diligentiam,
3511 1695 3605 1752 sed
3647 1695 3716 1751 ad

2138 1800 2322 1840 eorum
2353 1783 2548 1839 bonum
2573 1793 2732 1854 atque
2752 1785 3052 1840 utilitatem.
3101 1785 3208 1840 Illae
3253 1797 3427 1842 autem
3471 1787 3723 1844 amicitia

2143 1877 2414 1933 inimicitia
2451 1879 2594 1932 omni
2637 1887 2762 1932 sunt
2789 1879 3062 1949 graviores
3093 1894 3106 1930 :
3138 1894 3258 1933 nam
3297 1879 3365 1935 ab
3393 1880 3642 1947 inimicis,
3676 1881 3722 1936 si

2141 1971 2386 2036 velimus,
2407 1969 2604 2040 aliquid
2626 1970 2757 2024 lucri
2780 1969 2979 2025 referre
2997 1985 3308 2040 possumus;
3336 1971 3404 2025 ab
3431 1970 3516 2025 his
3542 1981 3722 2025 autem
3765 1965 3769 1968 ’

2140 2061 2443 2118 necessario
2467 2061 2736 2117 laedimur.
2752 2061 2828 2117 Ne
2855 2063 3089 2118 retineas
3107 2061 3308 2118 amicos
3337 2061 3516 2117 damni
3549 2063 3719 2132 magi-

2140 2160 2310 2216 stros;
2340 2167 2407 2208 ne
2434 2152 2665 2208 retineas
2687 2153 2911 2220 amicos,
2942 2153 3031 2222 qui
3059 2168 3296 2208 mensam
3323 2154 3492 2224 magis
3526 2161 3722 2210 curant

2140 2259 2297 2314 quam
2325 2243 2633 2299 amicitiam.
2655 2243 2719 2299 Hi
2739 2243 2932 2314 quippe
2957 2257 3163 2308 omnes,
3194 2244 3237 2298 si
3265 2258 3463 2299 mensa:
3494 2244 3717 2300 delicias

2143 2337 2339 2404 solvas,
2368 2336 2655 2391 amicitiam
2691 2338 2927 2392 solvunt.
2959 2336 3057 2402 Qui
3094 2345 3270 2392 autem
3310 2339 3523 2394 virtutis
3565 2353 3726 2394 causa

2147 2441 2316 2486 tecum
2346 2439 2650 2495 versantur,
2679 2439 2894 2486 manent
2925 2438 3202 2499 perpetuo,
3252 2446 3466 2486 omnem
3495 2430 3732 2486 ferente:

2146 2522 2873 2591 fortunzcintequabilitatem.
2904 2521 3264 2576 Parasitorum
3307 2538 3432 2576 vero
3465 2537 3634 2593 genus
3676 2531 3731 2577 te

2145 2630 2286 2685 smpe
2305 2616 2462 2670 etiam
2487 2615 2776 2680 ulciscitur,
2801 2624 2856 2670 et
2883 2614 3072 2668 malam
3098 2615 3167 2669 de
3195 2623 3245 2669 te
3279 2614 3729 2668 existimationem

2145 2707 2363 2777 spargit.
2391 2705 2522 2762 Novi
2553 2715 2698 2763 certe
2721 2706 2912 2761 multos
2940 2705 3198 2776 ingenuos
3222 2705 3386 2768 viros,
3417 2704 3505 2774 qui
3531 2704 3730 2758 malam

2148 2801 2269 2856 inde
2290 2801 2482 2854 famam
2510 2799 2609 2854 sibi
2656 2809 2997 2867 pepererunt,
3027 2807 3082 2852 et
3109 2796 3200 2851 alii
3219 2796 3286 2851 de
3315 2796 3571 2850 ntaleficis
3594 2795 3731 2849 arti-

2149 2893 2266 2955 bus,
2313 2892 2400 2946 alii
2435 2891 2502 2946 de
2548 2889 2827 2954 adulterio,
2859 2888 2948 2942 alii
2989 2889 3057 2944 de
3106 2902 3388 2957 puerorum
3427 2886 3731 2956 corruptela

2147 2982 2376 3037 accusati
2405 2989 2546 3035 sunt.
2576 2979 2707 3033 Cum
2741 2979 2883 3033 enim
2928 2977 3056 3031 nihil
3095 2977 3275 3054 operis
3315 2977 3398 3031 vel
3435 2975 3594 3036 officii
3631 2975 3735 3030 ha-

2148 3075 2329 3140 beant,
2356 3072 2450 3128 sed
2477 3081 2535 3126 ut
2565 3087 2720 3126 casus
2750 3071 2850 3125 fert
2873 3070 3036 3124 vitam
3066 3079 3248 3139 agant,
3280 3070 3331 3123 in
3373 3069 3730 3138 suSpicioucm

2149 3167 2387 3230 veniunt,
2415 3163 2557 3235 quod
2601 3161 2739 3216 idem
2767 3174 2830 3214 ac
2855 3160 3006 3228 pueri
3036 3159 3403 3214 ministerium
3420 3159 3732 3214 exhibeant.

2147 3257 2331 3312 Talem
2360 3268 2488 3324 ergo
2510 3254 2699 3306 faniam
2739 3260 2796 3306 ut
2843 3251 3234 3320 propulsemus,
3258 3247 3309 3300 in
3346 3245 3531 3315 primis
3553 3252 3609 3298 nt
3653 3246 3733 3298 fu-

2152 3356 2326 3401 turam
2373 3345 2669 3414 gehennam
2700 3343 2948 3404 vitemus,
2981 3348 3034 3394 et
3065 3340 3172 3394 Deo
3222 3338 3412 3408 placita
3450 3335 3729 3399 faciamus,

2153 3437 2289 3492 banc
2319 3435 2632 3491 diabolicam
2673 3429 3115 3485 consuetudinem
3161 3428 3452 3491 solvamus;
3490 3435 3545 3479 ut
3579 3440 3734 3478 man-

2152 3529 2408 3585 ducantes
2429 3535 2482 3582 et
2511 3525 2751 3582 bibentes
2773 3522 2945 3577 omnia
2969 3521 3035 3576 ad
3065 3521 3284 3590 gloriam
3329 3520 3420 3574 Dei
3453 3519 3734 3584 faciamus,

2152 3632 2206 3677 et
2228 3622 2393 3691 ipsius
2416 3618 2600 3691 gloria:
2652 3618 2819 3672 simus
2853 3623 3130 3670 consortes
3174 3612 3270 3684 (2.
3303 3611 3419 3666 Cor.
3457 3611 3542 3664 10.
3569 3610 3629 3664 51
3666 3608 3684 3679 )
3719 3627 3731 3661 :

2151 3730 2308 3786 quam
2336 3729 2432 3767 nos
2455 3725 2641 3765 omnes
2669 3707 2878 3777 assequi
2907 3706 3192 3774 contingat,
3224 3702 3387 3774 gratia
3412 3711 3465 3757 et
3487 3700 3735 3770 benigni-

2154 3817 2260 3862 tate
2288 3804 2494 3860 Domiui
2530 3801 2697 3856 neSIri
2731 3798 2858 3856 Jesu
2903 3798 3135 3860 Christi,
3158 3796 3242 3852 cui
3269 3796 3439 3866 gloria
3479 3803 3533 3849 et
3562 3793 3734 3862 impe-

2153 3903 2285 3956 rium
2311 3915 2450 3954 nunc
2478 3909 2783 3966 etsemper,
2802 3903 2855 3950 et
2882 3893 2932 3948 in
2959 3891 3150 3949 saecula
3177 3889 3515 3946 saeculorum.
3536 3891 3737 3942 Amen.

1843 4081 3740 4108 ..η-,Μ

1658 4170 1997 4231 HOMILIA
2047 4171 2278 4230 XLIX.
2327 4169 2412 4229 al.
2467 4169 2541 4227 L.

473 4314 600 4370 Car.
654 4315 733 4368 li.
779 4330 828 4367 v.
863 4315 949 4368 l5.
996 4313 1058 4366 Et
1089 4329 1204 4365 cum
1243 4311 1462 4363 audisset
1488 4309 1657 4375 Jesus,
1701 4313 1899 4366 recessit
1935 4313 2055 4365 inde

548 4407 598 4456 in
625 4404 856 4457 navicula
881 4444 893 4464 ,
923 4404 974 4454 in
1002 4402 1250 4455 desertum
1273 4401 1436 4452 locum
1457 4416 1678 4452 seorsum
1709 4415 1728 4452 :
1752 4411 1934 4454 etcum
1963 4419 2055 4454 au-

543 4497 727 4549 dissent
756 4493 942 4558 (urbm,
972 4507 1190 4563 sequuta:
1238 4502 1351 4545 sunt
1395 4507 1508 4544 eum
1554 4491 1759 4560 pedibus
1793 4492 1855 4546 de
1882 4493 2056 4546 civita-

549 4588 697 4642 tibus.

554 4685 603 4735 Ι.
637 4681 766 4737 Vide
809 4681 956 4735 illum
996 4693 1140 4749 smpe
1185 4677 1519 4732 secedentem
1545 4716 1561 4742 ,
1589 4686 1786 4732 etcum
1831 4679 2055 4733 traditus

477 4784 558 4828 est
579 4772 829 4838 Joannes,
852 4781 906 4826 et
933 4785 1052 4825 cum
1091 4769 1297 4823 occisus
1333 4775 1434 4831 est,
1457 4775 1656 4822 etcum
1677 4767 1846 4822 Jude
1875 4769 2056 4824 audie-

481 4872 620 4928 runt,
651 4863 820 4932 ipsum
854 4861 1107 4932 plurimos
1138 4860 1310 4914 facere
1352 4859 1657 4928 discipulos.
1716 4859 1876 4914 Multa
1914 4875 2054 4915 enim

486 4954 696 5010 volebat
745 4955 976 5008 humano
1002 4968 1151 5008 more
1197 4967 1469 5022 peragere,
1501 4968 1621 5006 cum
1654 4952 1886 5006 noudmn
1920 4964 2054 5008 tem-

480 5064 576 5117 pus
609 5047 912 5102 advenisset
936 5062 1041 5115 quo
1081 5045 1330 5100 deitatem
1362 5059 1508 5097 suam
1536 5044 1729 5097 clarius
1774 5045 2054 5099 revelaret.

483 5140 604 5195 Ideo
633 5136 904 5209 discipulis
931 5136 1179 5198 dicebat,
1209 5135 1409 5189 nemini
1454 5143 1511 5188 ut
1548 5134 1805 5198 dicerent,
1837 5149 1895 5188 se
1940 5149 2059 5189 esse

481 5231 750 5285 Christum
777 5247 789 5282 :
819 5243 941 5283 nam
981 5236 1096 5296 post
1125 5223 1568 5281 resurrectionem
1603 5241 1753 5280 suam
1796 5224 1846 5278 id
1877 5233 2055 5278 notum

489 5321 601 5374 Iieri
627 5320 834 5374 volebat
865 5337 878 5372 :
912 5327 1233 5388 quaprOpter
1262 5331 1367 5370 non
1389 5331 1607 5371 severus
1636 5316 1728 5370 fuit
1766 5317 1816 5369 in
1846 5316 2058 5371 Judacos

485 5412 572 5481 qui
604 5420 724 5465 ante
754 5411 878 5465 illud
901 5420 1109 5480 tempus
1139 5425 1242 5464 non
1263 5409 1561 5473 crederent,
1588 5410 1680 5463 sed
1710 5410 1758 5463 id
1782 5409 1885 5464 illis
1907 5410 2059 5465 facile

488 5501 839 5558 condonahat.
862 5501 1128 5557 Secedens
1157 5515 1319 5570 porro
1345 5514 1448 5555 non
1478 5500 1527 5553 in
1555 5500 1820 5554 civitatem
1849 5513 1906 5555 se
1932 5516 2060 5555 con-

486 5595 604 5657 fert,
622 5592 713 5646 sed
736 5592 786 5645 in
801 5591 1091 5656 desertum,
1108 5602 1264 5660 atque
1282 5593 1334 5645 in
1353 5591 1587 5645 navicula
1604 5590 1814 5658 trajicit,
1830 5601 1887 5645 ut
1903 5607 2061 5645 nemo

485 5695 818 5754 sequeretur.
841 5683 918 5739 Tu
947 5700 1071 5739 vero
1097 5685 1221 5739 mihi
1247 5683 1521 5739 considera
1551 5684 1818 5753 quomodo
1842 5684 2060 5740 Joannis

488 5775 730 5847 discipuli
760 5775 1014 5846 deinceps
1043 5775 1164 5832 Jesu
1193 5779 1355 5847 magis
1390 5776 1656 5831 tucscrint.
1706 5774 1805 5848 Ipsi
1834 5791 2060 5846 namque

2167 4314 2474 4368 nuntiarunt
2522 4313 2593 4375 ci,
2635 4311 2761 4378 quid
2813 4311 2953 4366 circa
2995 4308 3255 4365 Joannem
3300 4317 3508 4379 gestum
3545 4317 3688 4363 esset
3725 4327 3737 4359 :

2161 4409 2514 4476 omnibusque
2559 4405 2765 4460 relictis.
2785 4405 2853 4459 ad
2881 4406 3052 4474 ipsum
3093 4404 3267 4459 solum
3296 4404 3625 4472 confugiunt.
3655 4403 3744 4457 Sic

2163 4517 2272 4555 rem
2295 4517 2397 4554 non
2419 4499 2678 4554 modicam
2699 4511 2814 4567 post
2832 4498 3184 4553 calamitatem
3204 4497 3366 4558 illam,
3390 4507 3442 4550 et
3465 4507 3742 4565 postquam

2161 4610 2225 4647 ex
2257 4593 2599 4661 responsione
2630 4607 2788 4659 supra
2818 4592 2974 4644 allata
3000 4600 3167 4644 totum
3192 4600 3338 4646 recte
3358 4589 3692 4661 disposuerat
3719 4631 3734 4653 ,

2162 4692 2411 4754 operatus
2439 4692 2540 4735 est.
2572 4680 2676 4735 Sed
2716 4695 2812 4734 cur
2838 4695 2944 4734 non
2975 4681 3196 4735 recessit
3235 4689 3516 4750 antequam
3565 4679 3615 4734 id
3667 4680 3742 4734 illi

2164 4772 2490 4837 nuntiarent,
2516 4772 2606 4841 qui
2645 4786 2757 4824 rem
2791 4769 3023 4824 nondum
3076 4770 3364 4824 nuntiatam
3410 4770 3573 4840 probe
3600 4771 3744 4825 scic-

2166 4863 2252 4918 bat
2277 4864 2298 4917 ?
2324 4863 2394 4920 Ut
2421 4879 2514 4933 per
2541 4863 2718 4916 omnia
2747 4862 3060 4916 oeconomiae
3094 4863 3369 4916 veritatem
3411 4862 3745 4917 demonstra-

2164 4964 2265 5009 ret.
2292 4954 2405 5009 Non
2433 4954 2574 5008 enim
2604 4969 2671 5008 ex
2700 4954 2814 5008 visu
2843 4962 3068 5017 tantum,
3100 4953 3191 5007 sed
3219 4954 3376 5007 etiam
3400 4969 3461 5007 es
3494 4953 3746 5021 operibus

2166 5045 2215 5099 id
2247 5044 2548 5100 confirmari
2579 5044 2812 5108 volebat,
2832 5044 2973 5112 quod
3004 5043 3197 5097 diaboli
3229 5043 3515 5096 versutiam
3540 5052 3740 5110 nosset,

2164 5137 2251 5206 qui
2277 5137 2405 5190 nihil
2432 5152 2534 5189 non
2557 5135 2744 5206 agebat
2772 5145 2827 5189 ut
2853 5134 2991 5189 hanc
3024 5134 3231 5189 tolleret
3256 5134 3579 5203 opinionem.
3623 5132 3751 5189 Ideo

2166 5227 2321 5296 igitur
2343 5227 2428 5281 ille
2448 5227 2689 5281 secessit.
2715 5225 2906 5280 Turba:
2936 5234 3113 5280 autem
3144 5240 3314 5294 neque
3336 5226 3412 5279 sic
3430 5225 3745 5289 abscedunt,

2165 5318 2260 5372 sed
2286 5327 2578 5387 sequuntur
2607 5316 2869 5370 haerentes
2897 5316 3016 5384 ipsi,
3052 5331 3221 5385 neque
3251 5315 3441 5369 terruit
3469 5331 3563 5370 eos
3587 5314 3749 5370 Joan-

2165 5410 2248 5462 nis
2279 5408 2542 5462 intcritus.
2571 5407 2713 5462 Talis
2734 5418 2814 5461 est
2839 5407 3073 5471 dilectio,
3097 5405 3216 5459 talis
3241 5419 3414 5471 arnor,
3437 5407 3527 5476 qui
3569 5407 3746 5461 ontnia

2165 5499 2343 5569 gravia
2384 5507 2601 5569 superet
2631 5508 2684 5553 et
2726 5499 2988 5568 expulset.
3046 5498 3170 5552 Ideo
3217 5497 3396 5551 statim
3449 5499 3749 5552 mercedem

2167 5604 2484 5660 acceperunt
2510 5608 2523 5643 :
2550 5589 2634 5644 14.
2659 5588 2783 5642 Cum
2804 5588 2945 5643 cnim
2969 5589 3168 5653 exisset,
3192 5588 3284 5649 ait,
3311 5586 3482 5651 Jesus,
3509 5590 3629 5642 vidit
3652 5599 3751 5641 lur-

2167 5682 2281 5737 bam
2329 5683 2537 5736 multam
2564 5721 2578 5744 ,
2607 5689 2652 5734 rt
2694 5682 2922 5734 misertus
2956 5689 3026 5734 est
3058 5681 3148 5745 eis,
3175 5689 3219 5734 el
3263 5682 3451 5734 curarit
3485 5681 3750 5750 languidos

2167 5794 2356 5830 eorum.
2415 5775 2632 5829 Ltiatnsi
2680 5775 2823 5829 cnim
2877 5771 3070 5844 magno
3113 5773 3189 5829 illi
3242 5773 3416 5830 studio
3463 5775 3751 5841 mererent,
