4046 6432
270 380 382 436 ὁῦῖ

265 513 513 555 attamen
541 512 605 553 es
633 512 790 569 quam
818 509 847 549 a
877 493 1092 548 Christo
1118 491 1457 561 excipiebant
1487 505 1715 557 merces,
1762 500 1873 545 stu-

266 594 423 647 dium
466 607 651 647 eorum
686 590 841 658 longe
865 587 1167 656 superabat.
1204 582 1407 639 Idcirco
1439 584 1595 653 hujus
1642 583 1876 637 curatio-

264 687 357 739 nis
388 700 603 737 causam
637 682 783 752 ponit
809 722 822 741 ,
855 693 1049 747 nempe
1101 676 1499 731 miserationem
1528 716 1542 740 ,
1570 674 1872 729 miseratio-

264 792 418 840 nem,
451 777 665 845 inquam
693 815 708 837 ,
740 772 1110 826 vehementem
1160 790 1173 823 :
1218 782 1513 837 omnesque
1562 776 1732 822 curat.
1778 766 1875 821 llic

263 870 429 921 tidem
460 884 563 922 non
592 865 809 935 expetit.
842 863 969 917 Nam
990 860 1131 931 quod
1164 859 1441 922 accedant,
1466 857 1605 928 quod
1630 859 1872 912 civitates

263 959 593 1029 relinquant,
622 956 763 1027 quod
791 956 1072 1025 diligenter
1096 953 1266 1021 ipsum
1295 960 1557 1019 quaerant,
1580 950 1721 1020 quod
1749 966 1869 1003 eum

262 1052 363 1105 illo
393 1059 660 1114 maneant,
696 1048 974 1118 ingruente
999 1044 1158 1109 fame,
1195 1042 1351 1097 fidem
1379 1043 1588 1096 illorum
1614 1042 1867 1096 declarat.

265 1145 534 1198 Alimenta
569 1155 727 1210 porro
761 1140 863 1191 illis
906 1136 1341 1205 suppctlitaturus
1367 1144 1467 1187 est.
1502 1132 1558 1187 Id
1601 1148 1730 1186 vero
1760 1147 1867 1186 non

261 1252 292 1289 a
318 1237 496 1304 seipso
522 1233 664 1295 facit,
689 1232 779 1285 sed
810 1237 1081 1299 exspectat
1104 1226 1277 1281 donec
1305 1234 1543 1295 rogetur,
1578 1224 1707 1278 illud
1729 1239 1871 1278 sem-

263 1344 363 1397 per
392 1328 702 1388 observans,
743 1333 796 1376 ut
822 1322 930 1391 jatn
960 1319 1091 1385 dixi,
1126 1333 1192 1372 ne
1213 1318 1362 1387 prior
1390 1316 1455 1370 ad
1487 1315 1742 1370 miracula
1775 1331 1869 1383 pa-

262 1418 460 1472 tranda
489 1432 547 1471 se
577 1419 832 1476 conterat,
862 1412 954 1466 sed
985 1420 1201 1480 rogatus
1230 1418 1453 1462 tantum.
1490 1409 1561 1462 At
1584 1423 1871 1462 curtnemo

260 1524 332 1562 ex
368 1507 517 1562 turba
540 1506 801 1567 accedens
826 1503 1097 1557 Christum
1124 1516 1221 1571 pro
1246 1501 1375 1562 ipsis
1402 1500 1655 1569 rogavit?
1677 1500 1867 1554 Mirum

264 1599 319 1652 in
374 1598 586 1651 modum
617 1594 1000 1650 reverebantur
1042 1593 1235 1661 ipsmn,
1266 1603 1424 1659 atque
1453 1607 1516 1644 ex
1563 1589 1729 1659 ipsius
1774 1606 1869 1643 au-

257 1690 439 1745 diendi
463 1698 509 1743 et
535 1686 791 1757 sequendi
808 1685 1093 1748 desiderio,
1120 1699 1188 1737 ne
1208 1683 1399 1737 famem
1420 1682 1635 1752 quidem
1665 1684 1865 1737 sentie-

262 1786 412 1837 bant.
440 1782 624 1851 Neque
651 1780 893 1849 discipuli
923 1793 1019 1848 pro
1045 1778 1196 1831 turba
1222 1778 1422 1847 precati
1455 1789 1597 1841 sunt,
1625 1788 1681 1831 ut
1705 1779 1871 1833 aleret

257 1890 383 1941 eos,
404 1873 526 1944 quia
554 1872 730 1927 adhuc
765 1869 1185 1941 imperfectiores
1240 1878 1412 1923 erant.
1466 1868 1604 1936 Quid
1656 1869 1861 1936 igitur?

260 1968 351 2021 15.
398 1964 613 2036 Vespere
639 1974 805 2018 autem
834 1968 969 2034 facto
994 2003 1009 2025 ,
1040 1962 1248 2031 inquit,
1279 1968 1595 2014 accesserunt
1624 1960 1864 2025 discipuli

255 2060 367 2129 ejus
394 2058 612 2111 dicentes
640 2072 659 2111 .'
688 2056 922 2109 Desertus
950 2063 1023 2107 est
1052 2055 1213 2119 locus,
1252 2062 1298 2106 et
1340 2054 1465 2106 hora
1496 2054 1611 2123 jam
1644 2065 1860 2122 prwtcr-

255 2150 313 2203 iit
347 2166 365 2202 :
391 2149 583 2202 dimitte
644 2147 836 2213 turbas,
868 2154 920 2199 ut
954 2156 1127 2199 euntes
1169 2154 1335 2198 emant
1380 2144 1478 2197 sibi
1518 2161 1674 2199 escas.
1734 2145 1864 2199 Nam

256 2245 301 2297 si
355 2252 472 2311 post
515 2241 709 2295 factum
766 2239 1078 2293 miraculum
1130 2238 1257 2307 ejus
1291 2236 1441 2290 obliti
1482 2246 1627 2299 sunt,
1658 2237 1701 2290 si
1751 2248 1867 2304 post

256 2348 469 2407 sportas
496 2336 611 2390 illas
661 2335 913 2404 putabant
964 2334 1115 2387 illum
1168 2332 1235 2386 de
1281 2331 1505 2400 panibus
1538 2329 1705 2399 loqui,
1742 2344 1863 2383 cum

258 2429 552 2480 tlm'tt‘ittattt
578 2426 968 2480 Pharismorum
996 2422 1316 2477 fermentum
1344 2421 1629 2491 appellavit
1651 2420 1862 2492 (Matth.

259 2520 349 2574 16.
382 2520 433 2589 6)
471 2519 680 2573 :multo
727 2520 901 2571 minus
926 2558 941 2582 ,
972 2532 1093 2569 cum
1154 2514 1259 2568 tale
1309 2515 1517 2583 signum
1576 2528 1863 2583 numquam

256 2614 512 2667 vidissent
546 2653 560 2678 ,
612 2610 899 2681 quidquam
955 2608 1256 2678 hujusmodi
1310 2606 1631 2677 suspicaturi
1686 2612 1862 2659 erant.

258 2704 481 2759 Etiamsi
528 2704 673 2772 prius
721 2703 920 2756 multos
956 2710 1198 2755 curasset
1233 2699 1506 2764 infirmos,
1531 2713 1638 2751 non
1687 2706 1863 2750 tamen

258 2800 378 2852 ideo
408 2798 545 2867 quod
575 2798 639 2852 de
671 2797 892 2865 panibus
925 2798 1157 2848 futurum
1188 2801 1305 2847 erat
1334 2790 1757 2861 exspectabant:
1791 2790 1861 2842 ita

257 2898 412 2944 erant
433 2890 607 2943 adhuc
630 2886 945 2957 imperfecti.
964 2884 1042 2939 Τιι
1065 2900 1192 2938 vero
1218 2883 1345 2937 mihi
1378 2882 1620 2936 Doctoris
1648 2880 1860 2950 sapien-

258 2984 384 3036 tiam
426 2980 714 3051 perpende,
749 2977 1017 3048 qnomodo
1046 2977 1190 3045 ipsos
1219 2976 1365 3029 clare
1392 2973 1459 3028 ad
1487 2973 1643 3027 fidem
1684 2981 1860 3027 vocet.

256 3073 440 3142 Neque
468 3073 610 3126 enim
637 3072 812 3125 statim
839 3069 993 3133 dixit,
1022 3069 1172 3122 Alam
1198 3081 1293 3121 eos
1322 3084 1334 3119 :
1363 3082 1537 3137 neque
1560 3066 1701 3120 enim
1735 3065 1864 3120 illud

256 3165 413 3222 facile
442 3163 696 3219 credituri
739 3172 913 3217 erant.
947 3158 1048 3213 Sed
1084 3158 1210 3225 quid
1245 3158 1415 3211 dixi1?
1450 3156 1535 3208 16.
1570 3151 1724 3208 .Iesns
1756 3169 1854 3205 au-

259 3249 865 3317 tem,inquit,diviteis:
893 3246 1015 3301 Non
1046 3244 1228 3299 habent
1260 3260 1457 3301 necesse
1486 3246 1574 3306 ire,
1608 3243 1722 3297 date
1761 3242 1863 3295 illis

258 3362 343 3399 ros
369 3344 696 3399 manducare.
739 3342 856 3397 Non
882 3341 1047 3408 dixit,
1084 3340 1232 3394 Dabo
1276 3339 1386 3403 eis;
1417 3337 1509 3393 sed
1531 3380 1545 3404 ,
1579 3336 1686 3390 Vos
1715 3337 1859 3391 date.

257 3437 389 3493 Nam
416 3436 566 3491 illum
605 3435 779 3489 adlmc
816 3444 872 3488 ut
900 3433 1173 3487 hominem
1204 3430 1490 3485 habebant.
1523 3428 1602 3482 llli
1636 3443 1763 3482 vero
1794 3443 1861 3481 ne

260 3540 385 3585 tunc
409 3528 620 3600 quidem
644 3527 708 3581 ad
731 3527 919 3582 altiora
947 3525 1243 3595 eriguntur,
1271 3521 1363 3576 sed
1386 3520 1561 3574 adhuc
1588 3532 1643 3573 ιιι
1660 3519 1862 3573 homini

257 3621 591 3693 respondent
628 3638 641 3673 :
688 3622 773 3675 Π.
809 3618 930 3673 Νοη
958 3617 1199 3670 habemus
1227 3615 1324 3667 nisi
1349 3615 1567 3683 quinque
1592 3629 1747 3683 panes
1770 3652 1784 3677 ,
1815 3622 1863 3664 et

259 3715 386 3769 duas
416 3716 589 3783 pisces.
623 3712 743 3767 Ideo
770 3711 973 3765 Marcus
1000 3708 1148 3780 (Cap.
1169 3704 1327 3776 8.17)
1351 3705 1444 3766 ait,
1478 3704 1621 3773 ipsos
1654 3720 1758 3758 non
1783 3705 1864 3757 itt-

262 3805 528 3860 tcllexisse
567 3805 617 3858 id
649 3803 789 3871 quod
841 3800 1148 3862 dicebatur,
1179 3807 1295 3851 erat
1343 3798 1485 3850 enim
1541 3811 1635 3848 eor
1674 3810 1861 3849 eorum

259 3906 605 3953 occarcatum.
661 3895 791 3963 Quia
842 3893 1001 3963 igitur
1044 3891 1217 3945 adhuc
1246 3890 1391 3943 humi
1436 3890 1712 3960 repebant,
1744 3904 1862 3959 qutc

260 4005 354 4042 sua
409 4000 562 4043 erant
595 3986 704 4056 jam
750 3985 949 4039 inducit
978 3994 1031 4037 et
1058 3986 1173 4036 ait:
1210 3982 1295 4036 18.
1342 3980 1535 4049 Aﬂ'erte
1574 3982 1690 4035 illos
1732 3981 1857 4034 mihi

264 4083 382 4136 huc.
405 4082 627 4136 Etiamsi
659 4080 799 4133 enim
827 4079 1069 4133 desertus
1097 4086 1180 4129 est
1204 4076 1373 4134 locus,
1406 4075 1498 4129 sed
1546 4076 1590 4128 is
1639 4076 1727 4144 qui
1774 4090 1862 4130 or.

265 4176 385 4229 hem
411 4174 503 4227 alit
534 4172 618 4225 hic
642 4171 831 4235 adest;
869 4170 967 4224 etsi
1024 4184 1149 4221 vero
1195 4167 1324 4221 hora
1377 4168 1620 4232 transiit,
1654 4175 1746 4222 sed
1780 4169 1858 4233 is,

264 4266 351 4334 qui
383 4266 526 4317 horae
547 4262 820 4331 subjectus
849 4276 953 4313 non
978 4269 1079 4324 est,
1100 4259 1208 4328 jam
1236 4273 1332 4312 vos
1362 4258 1668 4327 alloquitur.
1689 4258 1859 4312 Joan-

270 4356 408 4427 t:es(
440 4359 567 4424 Cap.
598 4356 650 4409 6.
680 4354 751 4423 9)
810 4368 941 4406 vero
969 4352 1041 4404 ait
1087 4365 1250 4420 panes
1289 4349 1613 4404 hordeaceos
1662 4349 1861 4417 fuisse;

268 4462 437 4517 neque
466 4448 581 4500 sine
603 4460 760 4499 causa
792 4442 1009 4511 adjicit,
1039 4442 1129 4497 sed
1163 4451 1219 4495 ut
1245 4456 1341 4495 nos
1370 4442 1611 4495 instituat
1648 4441 1712 4494 ad
1747 4442 1863 4494 lau-

271 4552 373 4594 tam
403 4553 642 4593 mensam
674 4534 1115 4592 eonculcaudam.
1157 4534 1303 4588 Talis
1352 4549 1543 4603 nempe
1581 4541 1699 4587 erat
1741 4548 1858 4603 pro-

270 4635 545 4704 phetarum
597 4648 802 4689 mensa.
833 4630 919 4687 19.
977 4629 1104 4684 Cum
1131 4630 1284 4699 igitur
1328 4631 1601 4696 accepisset
1646 4630 1866 4699 quinque

270 4742 422 4795 panes
444 4766 456 4787 ,
489 4734 532 4777 et
564 4725 689 4777 duos
720 4725 879 4792 pisces
905 4764 921 4787 ,
953 4731 997 4775 et
1036 4720 1273 4792 jussisset
1301 4720 1469 4773 turbas
1498 4722 1785 4774 recumbere
1812 4722 1867 4774 in

271 4818 425 4884 [ωηο.
454 4816 726 4882 respiciens
753 4817 805 4868 in
844 4816 1021 4867 caelum
1054 4812 1301 4866 benedixit
1333 4828 1351 4866 :
1379 4828 1590 4883 cumque
1614 4814 1864 4885 fregisset,

271 4909 403 4962 dedit
449 4908 711 4979 discipulis
752 4908 855 4961 suis
880 4946 895 4970 ,
927 4905 1164 4971 discipuli
1212 4914 1379 4958 autem
1424 4905 1580 4959 turbis
1621 4922 1639 4961 :
1688 4907 1778 4961 20.
1820 4916 1867 4960 et

270 5000 690 5053 manducaverunt
718 5014 909 5062 onmes,
937 5008 980 5051 et
1005 4997 1220 5051 saturati
1246 5007 1362 5050 sunt
1394 5006 1477 5051 :et
1506 4998 1722 5051 tulerunt
1744 5000 1868 5052 reti-

272 5094 412 5155 quius
468 5096 866 5163 {ragmentorum
918 5090 1183 5143 duodecim
1229 5090 1479 5159 cophinos
1535 5091 1729 5158 plenos.
1774 5090 1864 5144 ΩΙ.

277 5184 690 5238 Manducantium
720 5192 886 5235 autem
932 5183 1025 5252 fuit
1053 5198 1286 5234 numerus
1310 5182 1468 5249 ferme
1493 5182 1709 5251 quinque
1746 5182 1861 5235 mil-

275 5278 341 5331 lia
370 5278 589 5331 virorum
615 5318 628 5341 ,
658 5275 875 5345 exceptis
924 5274 1215 5327 mulieribus
1241 5285 1286 5326 et
1318 5274 1507 5343 pueris.

340 5370 393 5424 2.
420 5368 647 5422 Christus
675 5369 823 5420 modo
851 5384 964 5430 suo,
996 5365 1349 5425 modo_Patris
1380 5368 1579 5420 nomine
1607 5384 1759 5438 agens
1781 5409 1793 5428 ,
1823 5379 1869 5420 et

274 5473 467 5517 natura
503 5472 548 5515 et
580 5459 830 5525 missionis
858 5459 1168 5512 divinitatem
1197 5458 1442 5527 probavit.
1476 5459 1604 5512 Ante
1646 5477 1867 5512 mensam

275 5556 450 5625 gratia
490 5553 717 5625 agendae.
752 5551 941 5606 Contra
975 5550 1284 5603 Marciouent
1321 5562 1367 5604 et
1410 5550 1773 5605 Manichtrnm.
1799 5583 1869 5594 --

275 5648 380 5700 Cur
402 5646 636 5715 respexit
663 5646 714 5698 iu
744 5643 933 5698 etelum
960 5652 1014 5697 et
1041 5642 1312 5696 benedixit
1337 5642 1359 5696 ἲ
1390 5643 1457 5698 Ut
1482 5645 1813 5710 crederetur,
1840 5663 1866 5697 a

276 5739 429 5795 Patre
477 5740 647 5808 ipsum
692 5738 951 5800 cxivisse,
996 5736 1201 5805 ipsique
1243 5737 1502 5805 aequalem
1542 5754 1680 5795 esse.
1725 5741 1869 5806 Qua-

279 5849 389 5888 rum
434 5850 609 5888 rerum
655 5832 999 5904 probationes
1037 5845 1275 5901 pugnare
1320 5842 1504 5886 tnutuo
1533 5833 1865 5889 ridebantur.

1315 375 1378 429 IN
1419 372 1823 429 MATTllll-Ilili
1868 375 2077 432 iiOilll.
2145 381 2326 436 XLIX.
2382 384 2449 437 al.
2495 383 2556 438 L.

3480 396 3503 446 -i
3516 394 3583 449 ‘13

1982 492 2357 566 cEquatitatem
2384 501 2803 565 demonstrabat,
2836 504 2977 574 quod
3000 506 3178 561 omnia
3204 515 3326 563 cum
3344 520 3578 578 potesta-

1983 584 2033 644 te
2061 589 2292 656 l’accret;
2318 608 2348 647 a
2377 592 2535 648 Patre
2562 610 2689 649 vero
2724 597 2897 665 ipsum
2930 612 3084 666 esse,
3118 616 3225 655 non
3270 600 3379 657 alio
3421 605 3579 660 mode

1978 684 2354 753 credidissent,
2383 704 2541 758 quam
2572 691 2616 744 si
2644 706 2764 745 cum
2798 692 3100 750 humilitate
3124 695 3291 749 multa
3322 708 3376 753 et
3402 702 3582 754 omnia

1977 778 2043 831 ad
2076 778 2245 848 ipsum
2292 781 2531 837 referens
2568 796 2924 854 operaretur,
2957 796 3013 841 et
3059 797 3275 844 vocaret
3312 791 3379 845 ad
3418 807 3582 863 opera

1976 884 2095 939 quae
2114 870 2332 930 ﬁebant.
2360 873 2481 929 Ideo
2501 891 2676 946 neque
2696 877 2820 944 hoc,
2851 893 3025 949 neque
3048 879 3178 935 illud
3202 888 3406 936 tantum
3432 882 3581 950 facit,

1976 972 2035 1018 ut
2065 974 2348 1036 utrumque
2387 968 2778 1037 confirmetur;
2807 971 2904 1027 sed
2941 972 3104 1028 modo
3142 988 3265 1029 cum
3296 984 3586 1044 potestate,

1975 1059 2136 1113 modo
2164 1060 2377 1117 Patrem
2424 1064 2701 1131 invocans,
2730 1066 2984 1122 miracula
3016 1066 3147 1123 edit.
3178 1067 3382 1123 Deinde
3409 1085 3476 1125 ne
3506 1070 3587 1124 vi-

1973 1150 2191 1205 deretur
2214 1152 2384 1207 hacin
2409 1170 2466 1208 re
2487 1170 2661 1225 pugna
2691 1156 2935 1226 qna'dam
2954 1173 3095 1225 esse,
3115 1158 3167 1212 in
3187 1158 3486 1215 minoribus
3517 1158 3585 1218 ad

1972 1243 2160 1297 carlnm
2190 1244 2424 1313 respicit;
2442 1247 2491 1299 in
2513 1246 2802 1315 majoribus
2827 1264 2952 1303 vero
2972 1263 3093 1303 eum
3121 1259 3386 1319 potestate
3402 1248 3585 1307 omnia

1974 1335 2119 1399 facit,
2154 1346 2209 1393 ut
2234 1337 2411 1394 discas
2438 1340 2598 1394 etiam
2633 1340 2685 1395 in
2718 1342 3015 1398 minoribus
3045 1343 3197 1400 illum
3228 1361 3334 1399 nun
3363 1344 3583 1401 aliunde

1975 1439 2291 1495 petestatem
2319 1432 2585 1501 accipere,
2605 1434 2697 1488 sed
2721 1434 2989 1492 honorare
3007 1437 3219 1493 Patrem
3241 1452 3421 1494 suum.
3446 1437 3583 1493 Cum

1972 1522 2115 1575 enim
2149 1532 2365 1591 peccata
2394 1524 2616 1591 dimisit,
2644 1536 2699 1581 et
2728 1527 3032 1597 paradisum
3062 1531 3293 1600 aperuit,
3321 1540 3379 1585 ut
3404 1546 3470 1586 eo
3502 1530 3583 1585 la-

1975 1624 2182 1669 tronctn
2209 1616 2593 1686 introduceret,
2626 1628 2827 1675 etcum
2858 1621 3028 1691 legem
3056 1631 3294 1678 veterem
3323 1639 3444 1679 cum
3475 1625 3577 1679 im-

1972 1707 2120 1773 perio
2143 1706 2436 1775 abrogavit,
2457 1724 2686 1778 cumque
2706 1723 2997 1767 sescentos
3018 1722 3257 1769 mortuos
3277 1716 3578 1781 suscitavit,

1972 1816 2120 1855 mare
2166 1800 2432 1866 frenavit,
2480 1812 2688 1858 secreta
2742 1802 3018 1859 hominum
3063 1806 3320 1876 aperuit,
3357 1808 3576 1862 oculum

1971 1892 2171 1947 ereavit
2192 1936 2206 1957 ,
2234 1909 2353 1962 qua:
2386 1893 2476 1948 Dei
2517 1894 2683 1947 solius
2711 1908 2875 1964 opera
2903 1904 3029 1949 sunt
3055 1935 3072 1962 ,
3098 1906 3155 1950 et
3182 1912 3288 1951 non
3313 1897 3535 1953 alterius
3556 1938 3575 1965 ,

1973 1999 2260 2051 numquam
2293 1999 2518 2054 precans
2545 1984 2815 2039 inducitur
2839 2002 2852 2038 :
2876 2000 2996 2040 cum
3026 2002 3154 2043 vero
3189 2002 3354 2058 panes
3383 2004 3577 2060 super-

1970 2074 2243 2129 abundare
2268 2076 2494 2140 curavit,
2523 2077 2664 2147 quod
2695 2076 2759 2131 iis
2784 2077 3037 2133 omnibus
3066 2078 3221 2149 longe
3249 2082 3429 2135 minus
3454 2091 3574 2152 est,

1972 2175 2096 2222 tunc
2127 2169 2177 2221 in
2205 2169 2395 2223 cadum
2428 2170 2643 2240 respicit
2668 2189 2681 2224 :
2706 2170 2865 2225 simul
2897 2171 3011 2226 hare
3030 2187 3149 2241 qua:
3174 2171 3282 2227 dixi
3316 2173 3574 2245 probans,

1970 2261 2234 2331 simulque
2266 2261 2519 2317 erudiens
2544 2278 2670 2328 nos,
2697 2278 2764 2317 ne
2789 2274 2913 2318 ante
2941 2278 3183 2318 mensam
3212 2267 3533 2336 attingamus
3553 2308 3571 2334 ,

1969 2366 2126 2421 quam
2150 2353 2351 2421 gratias
2378 2353 2647 2422 egerimus
2675 2354 2723 2407 ei
2750 2354 2843 2425 qui
2876 2354 3032 2409 nobis
3053 2369 3231 2410 escam
3261 2358 3483 2423 praebet.
3507 2357 3575 2413 Et

1969 2458 2066 2497 Cur
2094 2460 2257 2513 panes
2288 2461 2394 2500 non
2423 2445 2547 2500 fecit
2571 2462 2638 2501 ex
2658 2461 2763 2501 non
2792 2447 3171 2503 exstantibus?
3193 2447 3261 2504 Ut
3290 2448 3573 2506 Marcionis

1968 2547 2023 2591 et
2052 2538 2330 2592 Manichaei
2360 2554 2451 2593 ora
2477 2539 2797 2605 Obstrueret,
2824 2540 2913 2610 qui
2934 2555 3056 2595 eum
3080 2557 3186 2595 non
3212 2556 3332 2597 esse
3358 2552 3573 2598 creato-

1971 2642 2076 2685 tem
2106 2631 2518 2699 asseverabant,
2551 2642 2605 2686 et
2637 2647 2730 2701 per
2761 2632 2873 2703 ipsa
2906 2648 3071 2703 opera
3100 2632 3355 2701 doceret,
3382 2634 3570 2689 visibi-

1969 2722 2037 2776 lia
2065 2724 2241 2777 omnia
2270 2723 2385 2792 ejus
2415 2739 2534 2778 esse
2558 2733 2613 2778 et
2646 2739 2812 2794 opera
2849 2733 2904 2779 et
2937 2734 3215 2781 creaturas
3238 2727 3253 2757 ³
3282 2768 3296 2793 ,
3322 2726 3575 2781 ostende.

1968 2824 2155 2883 retqnc
2187 2829 2245 2867 se
2277 2813 2479 2868 fructus
2499 2814 2649 2880 dare,
2674 2816 2763 2885 qui
2789 2815 2857 2870 ab
2885 2815 3038 2871 initio
3065 2816 3261 2871 dixerit
3284 2835 3294 2868 :
3318 2815 3572 2871 Germinet

1966 2910 2109 2955 terra
2133 2902 2347 2956 herbam
2373 2904 2534 2972 freni;
2565 2912 2636 2963 et,
2668 2902 2913 2957 Educant
2936 2920 3088 2971 aquce
3106 2902 3317 2971 reptilia
3344 2902 3559 2953 anima-

1968 3010 2087 3047 rum
2109 2995 2427 3049 viventium‘
2454 2993 2605 3057 (Cen.
2636 2997 2687 3049 i.
2710 2997 2770 3050 H
2794 3008 2842 3049 et
2866 2996 2983 3066 20).
3001 2996 3191 3065 Neque
3210 2995 3356 3048 enim
3378 2992 3562 3047 minus

1968 3086 2071 3140 hoc
2101 3098 2182 3140 est
2224 3087 2334 3140 illo.
2366 3086 2498 3140 Nam
2528 3086 2629 3141 etsi
2661 3085 2747 3140 illa
2789 3086 2896 3141 sint
2933 3101 2999 3141 ex
3042 3100 3151 3140 non
3193 3086 3527 3140 exstantibus
3550 3124 3570 3153 ,

1966 3190 2199 3234 attamen
2230 3196 2296 3234 ex
2324 3195 2459 3249 aqua
2487 3189 2649 3245 sunt;
2680 3194 2852 3249 neque
2897 3179 3075 3233 minus
3116 3188 3199 3234 est
3226 3194 3292 3233 ex
3333 3179 3571 3250 quinque

1968 3271 2193 3339 panibus
2220 3279 2297 3323 tot
2325 3285 2490 3340 panes
2522 3271 2837 3339 producere,
2862 3277 2916 3323 ct
2939 3271 3115 3340 pisces
3142 3269 3325 3324 itidem
3352 3284 3571 3338 augere,

1966 3346 2126 3432 quam
2168 3379 2231 3417 ex
2261 3372 2401 3417 terra
2432 3361 2678 3433 proferre
2710 3360 2970 3430 fruetum,
3001 3370 3055 3415 et
3081 3376 3148 3416 ex
3181 3362 3333 3432 aquis
3360 3361 3571 3432 reptilia

1964 3457 2231 3518 viventia;
2261 3456 2401 3526 quod
2448 3457 2657 3525 signum
2703 3465 2817 3509 erat
2847 3456 3019 3525 ipsum
3057 3465 3112 3510 et
3143 3465 3298 3511 terra:
3342 3464 3395 3510 et
3436 3454 3572 3511 mari

1966 3549 2247 3617 imperare.
2275 3550 2406 3617 Quia
2436 3551 2576 3603 enim
2606 3550 2658 3603 in
2692 3550 2917 3603 inlirmis
2938 3563 3152 3619 semper
3180 3550 3327 3619 signa
3357 3549 3572 3618 edebat,

1965 3644 2172 3699 confert
2197 3654 2251 3699 et
2275 3645 2573 3699 universale
2604 3644 2940 3708 beneficium,
2968 3658 3036 3699 ne
3065 3644 3217 3698 multi
3245 3652 3574 3714 spectatores

1970 3744 2173 3789 tantum
2216 3745 2397 3790 essent
2423 3750 2607 3789 eorum
2651 3752 2769 3805 qua:
2800 3735 2917 3789 aliis
2946 3735 3365 3805 contingebant,
3397 3736 3491 3790 sed
3518 3745 3575 3790 et

1967 3827 2067 3895 ipsi
2096 3826 2238 3882 deuo
2263 3825 2584 3881 fruerentur.
2617 3827 2683 3880 Et
2708 3827 2849 3897 quod
2876 3826 3119 3882 mirabile
3145 3827 3345 3882 Judteis
3366 3827 3574 3882 videba-

1969 3926 2054 3971 tur
2082 3917 2135 3971 in
2161 3918 2376 3973 deserto
2401 3958 2416 3983 ,
2444 3933 2565 3973 eum
2593 3917 2836 3973 dicerent
2861 3936 2873 3971 :
2902 3917 3168 3988 Numquid
3191 3928 3238 3971 et
3265 3935 3450 3986 panem
3482 3936 3574 3988 po-

1967 4012 2080 4064 terit
2108 4012 2252 4076 dare,
2280 4020 2367 4063 aut
2389 4027 2572 4080 parare
2592 4027 2819 4064 mensam
2845 4012 2896 4064 in
2922 4011 3119 4065 deserto
3138 4009 3311 4081 (Psal.
3332 4011 3417 4065 77.
3440 4009 3574 4082 20)?

1969 4103 2071 4157 hoc
2096 4104 2209 4171 ipse
2236 4103 2490 4172 aperibus
2521 4101 2784 4156 exhibuit.
2812 4100 3042 4172 Ideoque
3072 4102 3121 4156 in
3152 4102 3424 4156 desertum
3455 4101 3574 4156 illos

1967 4193 2229 4256 adduxit,
2261 4203 2312 4246 ut
2345 4194 2462 4247 sine
2502 4193 2607 4246 ulla
2656 4206 2874 4261 prorsus
2917 4192 3226 4261 suspicione
3258 4192 3573 4246 miraculum

1967 4284 2138 4347 ﬁeret,
2166 4299 2428 4354 nemoque
2458 4292 2685 4352 putaret,
2712 4282 2995 4353 quemdam
3024 4284 3254 4338 vicinum
3282 4284 3456 4338 vicum
3485 4297 3574 4353 pa-

1970 4392 2090 4431 nem
2119 4378 2169 4430 in
2213 4392 2453 4431 mensam
2498 4375 2758 4432 intulisse.
2792 4375 2995 4429 Idcirco
3024 4390 3128 4429 non
3172 4376 3345 4430 locum
3375 4373 3573 4439 modo,

1970 4469 2062 4523 sed
2111 4469 2272 4522 etiam
2321 4469 2504 4522 horam
2556 4479 2837 4523 memorat.
2871 4468 3030 4523 Aliud
3075 4469 3234 4523 etiam
3281 4469 3571 4534 discimus,

1971 4579 2164 4634 nempe
2193 4563 2572 4633 discipulorum
2601 4563 3017 4632 philosophiam,
3050 4578 3207 4633 quam
3230 4563 3311 4618 vel
3341 4564 3393 4617 in
3414 4564 3575 4619 rebus

1972 4657 2290 4711 necessariis
2317 4656 2641 4711 exhibebant
2668 4700 2682 4720 ,
2712 4668 2762 4712 et
2792 4666 3048 4727 quantum
3084 4657 3302 4712 delicias
3350 4672 3575 4727 sperne-

1970 4760 2110 4806 rent.
2141 4751 2271 4805 Nam
2299 4751 2578 4805 duodecim
2605 4767 2724 4805 cum
2756 4761 2958 4817 essent,
2992 4752 3227 4821 quinque
3258 4767 3423 4821 panes
3456 4762 3575 4807 tan-

1900 4880 1903 4885 -
1976 4853 2085 4897 tum
2114 4843 2353 4913 duosque
2386 4844 2558 4913 pisces
2603 4844 2897 4908 habebant;
2929 4861 3097 4913 nstlue
3141 4846 3277 4899 adeo
3314 4860 3571 4915 corporea

1970 4936 2372 5004 despiciebant,
2400 4937 2802 5007 spiritualiaque
2830 4938 3004 4993 solum
3038 4938 3327 5005 curabant;
3358 4940 3464 4993 imo
3508 4956 3575 4995 ne

1973 5045 2137 5097 pauca
2168 5030 2252 5083 illa
2290 5045 2410 5099 qua:
2440 5030 2707 5084 habebant
2737 5031 3043 5096 retinuere,
3075 5032 3168 5086 sed
3202 5033 3367 5103 rogati
3408 5032 3576 5088 dede-

1973 5133 2118 5178 runt.
2151 5123 2281 5178 Inde
2309 5124 2577 5179 discamus
2602 5165 2616 5187 ,
2645 5125 2745 5178 etsi
2778 5139 2943 5195 pauca
2978 5126 3131 5180 nobis
3152 5126 3258 5179 sint
3281 5168 3296 5193 ,
3326 5126 3412 5180 illa
3443 5142 3573 5197 ege-

1972 5219 2056 5271 nis
2094 5232 2216 5272 esse
2263 5216 2605 5286 proferenda.
2633 5218 2775 5273 Jussi
2817 5234 2945 5286 ergo
2994 5228 3199 5289 septem
3247 5220 3364 5273 illos
3413 5236 3577 5289 panes

1972 5308 2194 5375 efferre,
2226 5326 2331 5363 non
2362 5311 2581 5364 dicunt:
2605 5309 2723 5377 Quo
2766 5311 2925 5381 igitur
2953 5312 3073 5365 cibo
3106 5321 3289 5380 postea
3320 5315 3575 5367 utcman

1975 5406 2118 5457 umle
2146 5402 2340 5457 famem
2369 5403 2559 5457 sedare
2576 5403 2910 5472 poterimus?
2935 5404 3027 5461 sed
3057 5405 3235 5458 statim
3260 5416 3572 5475 paruerunt.

1974 5494 2177 5548 Przeter
2211 5510 2272 5549 ea
2315 5509 2433 5564 qua:
2470 5508 2628 5569 supra
2657 5493 2890 5549 diximus
2912 5536 2925 5559 ,
2952 5495 3070 5549 ideo
3098 5495 3304 5550 videtur
3330 5487 3576 5552 Christus

2041 5781 2058 5845 ξ
2094 5781 2294 5839 Quidam
2318 5792 2427 5829 cum
2452 5780 2641 5838 5torel.,
2664 5786 2708 5830 et
2732 5793 2882 5845 opera
2902 5788 2947 5832 et
2969 5783 3328 5845 possessionem.

1974 5866 1979 5869 -
2039 5844 2058 5875 ²
2094 5844 2306 5904 quidam,
2331 5844 2699 5906 edncantaqna:
2718 5842 2930 5893 animum
2954 5842 3195 5907 reptilium
3220 5843 3477 5893 rtrcntizun
