4046 6444
507 405 610 462 ‘99

504 538 563 573 es
592 521 671 573 his
688 516 910 587 panibus
928 515 1131 586 signum
1155 515 1331 578 edere,
1350 525 1406 568 ut
1427 514 1567 583 ipsos
1585 512 1650 568 ad
1669 511 1824 567 fidem
1841 510 2071 567 deduce-

503 623 582 666 ret
605 631 618 666 ε
641 609 809 665 adlmc
835 610 976 663 enim
1004 609 1320 662 infirmiores
1340 617 1509 662 erant.
1531 607 1862 677 Quapropter
1892 607 1942 660 in
1969 622 2073 660 caa-

503 706 605 756 lum
633 701 861 770 respicit.
889 701 1125 755 Aliorum
1147 700 1338 770 quippe
1363 702 1630 770 signorum
1648 703 1811 756 multa
1827 700 2068 769 exempla

500 793 778 856 habebant;
802 793 957 861 hujus
985 801 1157 845 autem
1187 793 1404 845 nullmn.
1434 792 1693 860 Acceptos
1720 792 1878 861 igitur
1907 808 2068 862 panes

498 883 679 950 fregit,
698 891 751 935 et
779 897 874 950 per
899 881 1186 951 discipulos
1208 881 1379 943 dedit,
1406 881 1505 935 hoc
1532 881 1724 935 collato
1749 883 1876 952 ipsis
1902 883 2067 938 hono-

497 989 580 1032 re;
610 988 704 1027 nec
731 972 948 1026 honoris
982 980 1181 1026 tantum
1216 987 1369 1026 causa
1401 971 1548 1046 feeit,
1579 972 1670 1026 sed
1703 981 1778 1038 ut,
1820 987 1938 1027 cum
1964 973 2068 1027 mi-

495 1065 725 1118 raculum
752 1075 1047 1129 cernerent,
1073 1079 1242 1133 neque
1269 1063 1424 1118 fidem
1454 1075 1725 1134 negarent,
1760 1063 1840 1118 vel
1883 1074 2062 1133 postea

494 1157 656 1222 ipsius
685 1154 1141 1218 obliviscerentur,
1172 1169 1292 1208 cum
1324 1153 1449 1225 ipsa:
1477 1169 1662 1208 manus
1686 1169 1870 1209 eorum
1904 1165 2064 1209 testes

489 1255 684 1300 essent.
729 1246 1060 1315 QuaprOpter
1101 1246 1245 1315 prius
1297 1245 1534 1314 permisit
1586 1253 1643 1298 ut
1695 1245 1860 1300 turba:
1909 1245 2060 1300 famis

489 1353 644 1392 sensu
669 1337 994 1402 laborarent,
1025 1338 1449 1406 exspectavitque
1477 1346 1532 1391 ut
1563 1337 1634 1391 illi
1665 1337 1982 1393 accederent
2007 1347 2060 1393 et

490 1431 892 1499 interrogarent.
908 1430 1011 1484 Per
1025 1431 1166 1498 ipsos
1187 1431 1309 1483 item
1327 1429 1485 1498 jussit
1504 1429 1704 1497 plebem
1725 1431 2051 1494 recumbere,

491 1537 585 1587 per
606 1521 748 1589 ipsos
775 1536 982 1590 quoque
1008 1521 1302 1584 distribuit,
1334 1520 1569 1590 singulos
1595 1522 1805 1589 prepria
1843 1522 2055 1577 confes-

486 1614 634 1666 sione
662 1623 715 1667 et
742 1614 988 1679 eperibus
1016 1615 1196 1668 volens
1221 1628 1608 1683 praeoccupare.
1639 1613 1837 1668 Idcirco
1865 1615 1932 1667 ab
1955 1615 2055 1669 illis

487 1720 645 1772 panes
673 1706 879 1774 accipit,
907 1714 962 1759 ut
982 1707 1142 1760 multa
1173 1709 1242 1759 rei
1274 1707 1566 1760 testimonia
1591 1716 1787 1770 essent,
1813 1723 1874 1762 ac
1898 1709 2054 1762 mira-

482 1797 584 1849 culi
632 1805 969 1850 monumenta
1011 1795 1286 1850 haberent.
1310 1795 1443 1850 Nam
1471 1798 1513 1850 si
1545 1797 1626 1851 bis
1666 1799 1735 1851 ita
1777 1801 1937 1868 gestis
1975 1799 2050 1852 rei

481 1886 629 1939 obliti
656 1895 797 1952 sunt,
827 1887 950 1956 quid
979 1887 1244 1952 fecissent,
1272 1888 1314 1941 si
1344 1902 1455 1942 rem
1483 1903 1585 1942 non
1615 1889 1684 1944 ita
1709 1890 2052 1944 adornasset?

479 1976 633 2030 .lubet
661 1980 819 2032 etiam
851 1980 967 2032 illos
997 1979 1047 2032 in
1079 1981 1219 2035 fano
1244 1979 1596 2046 discumbere,
1626 1981 1805 2034 turbas
1831 1981 1896 2034 ad
1929 1982 2046 2048 phi-

481 2070 858 2138 losophandum
889 2071 960 2141 (a)
984 2071 1282 2126 instituens.
1308 2072 1420 2125 Non
1443 2073 1582 2127 enim
1614 2081 1813 2127 tantum
1840 2073 2048 2129 volebat

477 2161 543 2213 ali
575 2175 816 2228 corpora,
849 2162 940 2216 sed
969 2163 1196 2216 animam
1224 2179 1429 2232 quoque
1463 2163 1680 2218 institui.

548 2254 599 2305 5.
645 2255 717 2307 le
757 2255 874 2308 loco
923 2255 1114 2324 igitur,
1145 2271 1208 2310 cx
1252 2271 1316 2310 eo
1347 2256 1483 2324 quod
1531 2258 1736 2311 nonnisi
1787 2273 1948 2327 panes
1991 2270 2044 2313 et

479 2343 647 2409 pisces
691 2343 879 2410 daret,
908 2344 1150 2414 quodque
1192 2346 1375 2401 eadem
1422 2356 1475 2400 et
1525 2347 1575 2400 in
1621 2350 1887 2402 communi
1933 2348 2043 2403 dari

473 2436 704 2502 jusserit,
731 2453 826 2491 nec
852 2438 982 2490 alius
1007 2438 1122 2505 plus
1149 2454 1304 2507 quam
1331 2439 1465 2493 alius
1493 2439 1753 2505 habuerit,
1782 2441 2044 2496 humilita-

472 2539 598 2592 tem,
627 2530 1046 2597 temperantiam,
1074 2531 1453 2600 caritatemque
1473 2532 1671 2598 docuit,
1699 2533 1964 2603 voluitque
1986 2543 2042 2587 ut

473 2619 582 2686 pari
605 2630 783 2673 essent
798 2634 983 2674 omnes
1003 2635 1124 2690 erga
1148 2622 1278 2675 alios
1297 2622 1508 2687 affectu,
1524 2633 1576 2677 et
1599 2625 1773 2678 omnia
1795 2625 2040 2680 omnibus

469 2712 766 2763 communia
812 2727 933 2766 esse
980 2721 1241 2780 putarent.
1275 2714 1338 2768 Et
1381 2715 1559 2769 fractis
1606 2716 1864 2784 panibus,
1893 2715 2040 2770 dedit

468 2815 562 2854 eos
599 2801 902 2871 discipulis,
933 2803 1174 2874 discipuli
1225 2821 1349 2859 vero
1387 2807 1544 2875 plebi.
1589 2807 1830 2876 Quinque
1876 2823 2037 2877 panes

468 2891 659 2946 fractos
685 2892 850 2957 dedit,
880 2904 932 2947 et
963 2895 1031 2948 illi
1056 2897 1285 2966 quinque
1317 2898 1366 2950 in
1396 2899 1637 2953 manilms
1658 2899 2032 2968 discipulorum

465 2985 515 3037 in
546 2984 702 3039 fontis
729 3001 929 3042 morem
960 2988 1332 3044 scaturiebant.
1363 2989 1540 3060 Neque
1568 2990 1652 3046 hic
1687 2993 1832 3047 stetit
1875 2993 2036 3048 mira-

463 3078 640 3131 culum
666 3094 678 3130 :
704 3077 795 3132 sed
837 3078 885 3131 id
931 3078 1052 3132 fecit
1093 3091 1146 3132 ut
1175 3080 1332 3134 etiam
1365 3082 1890 3150 superahuudarent,
1925 3099 2029 3138 non

465 3169 621 3222 modo
653 3185 831 3238 panes,
863 3169 954 3224 sed
985 3180 1037 3224 et
1069 3169 1387 3240 fragmenta;
1422 3181 1478 3226 ut
1503 3173 1800 3228 ostenderet
1826 3175 2028 3229 illorum

463 3278 653 3331 panum
701 3263 794 3316 has
830 3278 948 3318 esse
997 3263 1276 3333 reliquias,
1309 3274 1468 3335 utque
1508 3266 1753 3321 absentes
1772 3283 1981 3338 quoque
2012 3270 2025 3300 ¹

461 3364 676 3424 possent
714 3349 774 3408 id'
793 3355 929 3424 quod
962 3363 1163 3425 gestum
1194 3365 1306 3409 erat
1333 3356 1588 3411 ediscere.
1625 3357 1824 3412 Idcirco
1851 3359 2028 3413 turbas

458 3448 662 3501 esurire
710 3447 984 3516 permisit,
1015 3463 1080 3502 ne
1109 3448 1226 3517 quis
1270 3458 1513 3517 putaret,
1540 3450 1590 3504 id
1634 3451 1772 3520 quod
1817 3460 2024 3520 gestum

457 3547 700 3592 eratessc
713 3538 1056 3608 phantasiam.
1080 3539 1303 3606 lde’oque
1324 3539 1599 3595 duodecim
1631 3541 1884 3610 cophinos
1908 3543 2028 3599 red-

458 3630 656 3686 undare
687 3632 954 3699 permisit,
990 3639 1047 3685 ut
1088 3641 1141 3686 et
1181 3631 1342 3686 Judas
1383 3650 1534 3687 suum
1570 3644 1818 3702 portaret.
1851 3635 2027 3691 l‘otuit

455 3725 612 3773 etiam
642 3722 805 3790 ipsam
832 3721 1018 3776 sedare
1047 3721 1236 3776 famem
1263 3765 1274 3787 ,
1309 3724 1398 3777 sed
1425 3725 1540 3792 ejus
1568 3728 1852 3793 potentiam
1890 3741 2022 3797 apo-

455 3815 575 3869 stoli
614 3807 726 3868 non
773 3815 1231 3887 novissentznnam
1276 3828 1328 3870 et
1378 3817 1476 3870 sub
1521 3817 1630 3871 Elia
1681 3817 1782 3872 hoc
1827 3817 2020 3874 factum

457 3910 643 3964 fuerat.
672 3910 745 3963 De
774 3909 869 3963 hac
897 3910 964 3963 ita
987 3909 1263 3979 stupefacti
1295 3920 1417 3964 sunt
1446 3910 1644 3974 Judaei,
1676 3922 1733 3967 ut
1758 3913 1903 3967 illum
1934 3930 2020 3969 re-

451 4019 570 4072 gem
599 4005 918 4058 constituere
947 4005 1175 4067 vellent;
1204 4005 1292 4072 qui
1334 4016 1507 4059 tamen
1539 4005 1589 4059 in
1630 4006 1747 4060 aliis
1780 4007 1944 4076 signis
1969 4009 2018 4062 id

452 4113 734 4167 numquam
771 4105 1119 4151 tentaverant.
1149 4097 1274 4164 Quis
1305 4113 1430 4166 ergo
1473 4098 1646 4152 verbis
1673 4101 2016 4167 expresserit,

450 4203 555 4257 quo
595 4196 745 4255 pacto
773 4202 935 4256 panes
970 4187 1127 4240 fontis
1153 4201 1298 4240 more
1339 4188 1692 4241 scaturit-ent?
1717 4204 1824 4258 quo
1869 4200 2020 4257 pacto

452 4280 500 4332 iu
542 4277 823 4332 solitudine
863 4277 1117 4332 fluerent?
1146 4277 1411 4346 quomodo
1455 4286 1532 4331 tot
1574 4278 1873 4333 hominibus
1902 4278 2015 4334 fuc-

449 4373 549 4426 rint
575 4371 703 4425 satis
726 4371 747 4422 ?
772 4371 899 4424 Nam
927 4370 1202 4440 quinquies
1233 4370 1373 4424 mille
1398 4381 1564 4436 erant,
1595 4387 1698 4427 non
1729 4375 2018 4427 numeratis

448 4463 754 4518 mulieribus
783 4471 834 4516 et
860 4462 1111 4532 parvulis,
1132 4477 1248 4531 qurc
1272 4462 1498 4515 maxima
1526 4463 1700 4530 pepuli
1721 4463 1855 4526 laus,
1874 4465 2014 4534 quod

444 4565 494 4606 ct
512 4555 760 4607 mulieres
777 4563 829 4608 et
851 4553 943 4606 viri
965 4552 1174 4605 Christo
1192 4551 1475 4605 Increrent.
1491 4551 1764 4617 Quomodo
1781 4554 2016 4624 reliquiae

445 4647 631 4700 fuere?
660 4647 866 4700 Etenim
896 4645 996 4698 hoc
1017 4645 1190 4714 priore
1212 4661 1317 4698 non
1343 4645 1517 4699 minus
1542 4656 1640 4698 est.
1675 4646 1740 4700 Et
1765 4656 1839 4700 tot
1869 4647 2014 4702 fuere

445 4735 733 4803 fragmenta
755 4777 770 4800 ,
803 4744 858 4788 ut
886 4734 1097 4804 cephini
1137 4733 1408 4804 discipulis
1449 4751 1600 4803 pares
1627 4751 1848 4790 numero
1871 4778 1885 4804 ,
1917 4754 2014 4793 uec

445 4827 643 4894 plures,
663 4841 759 4880 nec
776 4827 1048 4896 pauciores
1068 4837 1263 4882 essent.
1280 4830 1505 4897 Accepta
1525 4829 1681 4898 igitur
1697 4829 2010 4900 fragmenta,

440 4935 543 4971 non
574 4918 760 4983 turbis,
794 4919 883 4972 sed
914 4920 1181 4989 discipulis
1210 4921 1351 4975 dedit
1371 4939 1384 4975 :
1404 4923 1597 4976 etenim
1632 4923 1796 4978 turba:
1825 4924 2012 4993 imper-

441 5012 682 5066 fc-ctiores
709 5021 858 5066 erant
886 5011 1158 5082 discipulis

508 5106 693 5159 Clu-isti
729 5106 778 5159 in
807 5107 1051 5161 miraculo
1081 5107 1510 5175 multiplicatiouis
1538 5125 1721 5176 panum
1751 5109 2007 5163 sinceritas

436 5210 480 5250 et
521 5199 778 5251 modestia.
811 5199 1086 5252 Ostentatw
1136 5201 1392 5271 fugienda.
1426 5202 1502 5252 Ad
1550 5219 1743 5256 sacram
1787 5221 2004 5258 mensam

434 5306 532 5357 quo
582 5301 725 5357 pacto
771 5291 1128 5344 accedendum.
1160 5323 1230 5331 —
1265 5291 1427 5362 Signo
1476 5304 1648 5348 autem
1704 5297 1879 5364 facto,
1911 5295 1999 5350 92.

438 5381 619 5432 Statim
649 5385 804 5449 coegit
833 5382 1105 5450 discipulos
1130 5383 1318 5435 intrare
1347 5385 1396 5436 iu
1427 5385 1675 5452 navigium
1701 5428 1714 5451 ,
1743 5396 1789 5438 et
1814 5403 2001 5454 pra'ce-

431 5477 548 5526 dvre
589 5491 699 5526 eum
742 5476 807 5527 ad
855 5476 1135 5529 ulteriorem
1183 5477 1388 5546 ripam,
1422 5479 1576 5530 tlomc
1606 5479 1710 5547 ipse
1738 5479 2002 5537 dimitteret

494 5663 507 5692 ¹
540 5657 622 5708 Αἶὶἰ
648 5658 823 5716 ferunt,
848 5671 1022 5724 armies,
1049 5674 1151 5722 pro,
1174 5659 1385 5724 absentes
1407 5673 1621 5724 quoque;
1647 5661 1802 5724 minus
1815 5667 1975 5724 recte.

489 5725 559 5782 (υ)
596 5735 822 5780 Asperum
847 5722 1034 5771 viveudi
1060 5736 1243 5783 genus,
1274 5721 1429 5784 quale
1461 5721 1532 5772 est
1562 5724 1608 5770 in
1651 5723 1776 5771 fmno
1798 5721 2001 5784 discum-

429 5786 566 5840 bnre,
591 5785 684 5848 cibi
707 5783 926 5831 sumendi
953 5798 1110 5844 causa,
1139 5783 1480 5848 philosophiam
1508 5787 1602 5840 hic,
1629 5791 1679 5832 ut
1709 5796 1840 5845 sape
1863 5783 1995 5844 alias,

430 5855 561 5894 Htt'ill.
585 5846 701 5907 (Iluy
715 5855 959 5895 .ostomus.

1233 396 1288 454 S.
1315 395 1590 454 JOANNIS
1623 389 2096 450 CllllYSOSTOMl
2127 389 2437 446 Alttlllllﬁl’.
2476 392 3006 465 CUNSTéNTlNOl’.

3653 397 3762 451 suo

2182 509 2369 562 turbas.
2401 508 2531 562 Nam
2568 510 2612 564 si
2643 524 2875 579 prmsens
2902 510 3172 566 videretur
3199 511 3247 565 id
3290 526 3386 581 per
3421 513 3756 582 phantasiam

2177 597 2397 662 fecisse,
2429 614 2530 653 non
2575 601 2862 654 secundum
2905 603 2980 655 rei
3029 604 3341 669 veritatem,
3372 603 3564 657 absens
3603 616 3757 660 certe

2174 704 2277 742 non
2308 689 2452 742 item.
2489 691 2714 761 Ideoque
2750 701 2997 746 accurato
3027 694 3255 746 examini
3299 694 3492 747 factum
3525 698 3754 763 permit-

2175 789 2289 834 tens
2308 822 2322 846 ,
2353 796 2443 834 eos
2462 822 2476 843 ,
2505 783 2593 851 qui
2625 794 2969 837 monumenta
3000 793 3053 837 et
3081 784 3444 852 probationem
3476 786 3752 855 signorum

2169 880 2499 941 acceperant,
2525 871 2682 940 jussit
2713 873 2778 926 ab
2804 889 2860 926 se
2887 875 3140 943 separari.
3171 875 3416 946 Alioquin
3447 892 3596 944 vero,
3623 891 3750 930 cum

2169 977 2355 1032 magna
2400 974 2648 1033 operatus
2696 964 2898 1030 fuerat,
2935 967 3113 1021 turbas
3151 977 3206 1021 et
3246 968 3534 1037 discipulos
3576 969 3644 1022 ab
3687 983 3750 1022 se

2169 1053 2512 1118 removebat,
2557 1065 2614 1107 ut
2665 1055 2816 1110 nobis
2867 1057 3112 1111 suaderet
3155 1073 3410 1127 nusquam
3457 1059 3744 1114 humanam

2164 1145 2386 1211 gloriam
2408 1154 2458 1199 et
2479 1161 2661 1199 auram
2691 1160 2810 1201 esse
2837 1149 3275 1216 persequendam,
3312 1165 3485 1219 neque
3513 1153 3742 1205 multitu-

2163 1235 2340 1289 dinem
2371 1237 2756 1292 attraltenaam.
2775 1240 2906 1294 Cum
2930 1251 3104 1294 autem
3124 1241 3268 1306 dicit,
3294 1242 3484 1314 Coegit,
3505 1244 3743 1300 declarat

2162 1328 2450 1399 discipulos
2487 1331 2601 1400 ejus
2631 1349 2922 1400 praesentis.
2951 1334 3170 1390 multum
3218 1335 3454 1391 haesisse.
3489 1336 3554 1391 Et
3593 1340 3740 1394 tnisit

2161 1434 2253 1473 eos
2278 1461 2292 1485 ,
2322 1421 2490 1474 turba:
2517 1431 2574 1476 ut
2601 1424 2810 1478 videtur
2839 1426 3063 1479 vitanda:
3101 1441 3252 1481 causa
3279 1470 3295 1493 ,
3325 1429 3436 1497 ipse
3465 1441 3639 1486 autem
3683 1432 3735 1486 in

2163 1521 2393 1566 montem
2411 1513 2619 1568 volebat
2634 1516 2938 1582 ascendere,
2960 1527 3016 1570 ut
3043 1533 3140 1572 nos
3155 1519 3390 1586 doceret,
3412 1523 3613 1575 turbam
3635 1539 3735 1578 nec

2159 1604 2368 1660 assidue
2384 1606 2833 1675 frequentandam,
2861 1623 3029 1677 neque
3046 1624 3257 1678 semper
3273 1610 3568 1681 fugiendam
3588 1629 3729 1680 esse,

2157 1697 2248 1750 sed
2281 1706 2560 1769 utrumque
2585 1700 2649 1753 ad
2673 1701 2945 1755 utilitatem
2978 1700 3292 1769 faciendum,
3325 1713 3377 1758 et
3405 1705 3728 1771 alternatim,

2159 1799 2313 1856 prout
2340 1788 2524 1857 decet,
2547 1791 2826 1860 agendum.
2857 1792 3128 1847 Diseamus
3155 1803 3208 1848 et
3232 1809 3327 1848 nos
3353 1810 3562 1865 quoque
3603 1796 3728 1851 .lesu

2154 1881 2369 1936 Christo
2399 1882 2621 1948 haerere,
2649 1899 2754 1937 non
2788 1899 2882 1952 pro
2911 1885 3256 1952 impetrandis
3284 1888 3609 1942 sensibilium
3637 1904 3730 1944 re-

2152 1990 2268 2028 rum
2311 1975 2463 2029 donis
2487 2017 2502 2042 ,
2535 1991 2601 2029 ne
2645 1976 2694 2029 id
2725 1977 2877 2031 nobis
2915 1977 3111 2046 probro
3149 1977 3304 2032 detur
3329 1979 3466 2034 sicut
3506 1979 3722 2036 Judwis.

2155 2065 2388 2130 Qureritis
2414 2083 2492 2120 me
2514 2108 2529 2133 ,
2563 2067 2732 2137 inquit
2755 2109 2770 2134 ,
2802 2085 2903 2122 non
2929 2069 3046 2138 quia
3070 2070 3215 2139 signa
3242 2071 3433 2124 vidistis
3453 2113 3464 2134 ,
3497 2072 3586 2126 sed
3607 2074 3728 2142 quia

2149 2174 2211 2209 ea:
2255 2157 2467 2227 panibus
2513 2159 2792 2211 romedistis
2837 2169 2882 2211 et
2925 2161 3136 2212 saturati
3165 2162 3283 2214 estis
3315 2160 3488 2231 (Joan.
3521 2164 3574 2216 6.
3605 2163 3723 2232 26).

2151 2248 2270 2304 Ideo
2295 2265 2396 2304 non
2425 2249 2726 2320 frequenter
2755 2253 2854 2306 hoc
2877 2253 3082 2321 signum
3113 2252 3252 2315 facit,
3279 2255 3370 2308 sed
3395 2255 3472 2309 bis
3497 2268 3721 2324 unitum,

2149 2351 2205 2394 ut
2243 2342 2504 2396 discerent
2538 2357 2641 2396 non
2670 2343 2837 2396 ventri
2870 2358 2988 2398 esse
3030 2344 3366 2399 serviendum
3388 2387 3402 2412 ,
3431 2347 3522 2401 sed
3562 2349 3723 2416 spiri-

2151 2431 2377 2486 lualibus
2414 2433 2624 2486 assidue
2663 2433 2988 2488 hmrendum.
3020 2434 3112 2489 llis
3139 2450 3237 2489 nos
3263 2452 3473 2507 quoque
3514 2438 3720 2491 han-oa-

2147 2539 2302 2590 unus,
2330 2534 2382 2578 et
2427 2541 2726 2594 qlucramus
2773 2543 2961 2593 panem
3007 2527 3312 2596 cazlestem,
3359 2546 3462 2599 quo
3503 2544 3721 2601 accepto

2144 2633 2357 2671 omnem
2392 2619 2697 2672 saecularem
2743 2633 2924 2674 curam
2970 2620 3261 2690 ejicianms.
3291 2623 3422 2679 Nam
3465 2624 3507 2677 si
3553 2625 3624 2678 illi
3665 2634 3720 2679 et

2142 2707 2326 2762 domos
2346 2720 2399 2763 et
2438 2709 2678 2764 civitates
2703 2718 2756 2763 et
2780 2719 3031 2780 cognatos
3072 2721 3124 2766 et
3161 2715 3336 2767 omnia
3367 2713 3714 2778 dimiserunt,

2140 2808 2297 2869 atque
2341 2802 2391 2854 in
2435 2802 2718 2855 solitudine
2765 2803 3142 2867 versabantur,
3193 2804 3528 2875 iustanteque
3577 2805 3718 2860 fame

2139 2907 2243 2944 non
2271 2891 2584 2946 recedebant
2607 2911 2622 2950 :
2646 2893 2810 2947 multo
2832 2894 2996 2964 magis
3023 2909 3119 2948 nos
3144 2910 3262 2948 cum
3287 2894 3353 2949 ad
3383 2896 3538 2950 talem
3567 2913 3716 2949 men-

2137 2999 2250 3039 sam
2281 2985 2582 3041 accedimus
2607 3029 2620 3047 .
2654 2987 2907 3056 majorem
2937 2987 3190 3043 exhibere
3228 2998 3437 3057 oportet
3483 2989 3716 3058 philoso-

2138 3077 2312 3147 phiam
2344 3085 2398 3130 et
2435 3077 2785 3148 spiritualium
2814 3095 3048 3135 amorem
3069 3121 3083 3144 ,
3119 3080 3493 3151 sensibiliaque
3531 3092 3710 3151 postea

2136 3183 2394 3239 quaerere.
2427 3169 2556 3223 Nam
2587 3179 2640 3223 et
2668 3171 2739 3224 illi
2768 3171 3171 3238 accusabantur,
3204 3188 3309 3226 non
3336 3173 3474 3243 quod
3502 3190 3711 3242 qua‘rc-

2135 3272 2253 3316 rent
2279 3262 2449 3331 ipsum
2481 3272 2693 3332 propter
2721 3279 2940 3332 panem;
2970 3264 3060 3318 sed
3088 3263 3231 3334 quod
3244 3274 3521 3334 propterea
3538 3266 3708 3320 solum

2133 3362 2448 3422 quaererent,
2477 3364 2531 3407 et
2559 3364 2772 3423 propter
2801 3353 2899 3408 hoc
2925 3355 3207 3424 pratcipue.
3232 3355 3361 3408 Nam
3387 3355 3431 3409 si
3459 3356 3576 3425 quis
3597 3371 3708 3409 ma-

2131 3463 2231 3512 gna
2259 3445 2395 3500 dona
2426 3445 2700 3515 deSpiciat,
2727 3448 2901 3514 parvis
2925 3455 3099 3498 autem
3127 3444 3346 3512 intereat,
3368 3463 3485 3516 qua:
3507 3447 3706 3516 despici
3755 3489 3757 3493 .

2130 3540 2241 3594 vult
2267 3539 2310 3593 is
2339 3539 2426 3609 qui
2458 3538 2567 3603 dat,
2593 3537 2661 3592 ab
2683 3539 2781 3591 illis
2810 3538 2967 3592 etiam
2997 3536 3228 3591 excidit:
3256 3546 3313 3592 ut
3339 3540 3590 3600 oontra,si
3619 3537 3706 3594 illa

2129 3632 2510 3694 desideremus,
2541 3631 2650 3685 huic
2675 3631 2832 3684 etiam
2859 3629 3035 3697 adjicit
3056 3647 3068 3679 :
3089 3645 3208 3684 nam
3234 3631 3345 3684 haec
3370 3630 3420 3684 in
3448 3632 3707 3686 accessio-

2129 3739 2250 3779 nem
2279 3723 2503 3788 dantur;
2529 3724 2598 3777 ita
2630 3738 2820 3790 nempe
2845 3722 2966 3775 vilia
3007 3733 3129 3776 sunt
3152 3762 3167 3786 ,
3196 3723 3240 3776 si
3265 3737 3384 3776 cum
3417 3721 3519 3776 illis
3560 3738 3706 3777 com-

2130 3823 2418 3885 parentur,
2450 3815 2660 3869 etiamsi
2710 3828 2896 3884 magna
2942 3813 3239 3868 videantur.
3287 3815 3399 3871 Non
3446 3831 3573 3886 ergo
3623 3815 3705 3870 his

2130 3907 2454 3973 studeamus,
2486 3917 2643 3976 atque
2670 3921 2856 3961 eorum
2886 3906 2996 3961 sive
3027 3907 3436 3975 possessionem,
3469 3911 3580 3962 sive
3607 3909 3706 3978 pri-

2125 4001 2390 4054 vationem
2439 4000 2827 4055 indifferentem
2879 4001 3199 4054 arbitremur
3222 4019 3236 4054 :
3259 4001 3700 4070 quemadmodum

2123 4102 2178 4146 et
2216 4093 2354 4157 Job,
2397 4093 2484 4161 qui
2529 4107 2626 4146 nec
2672 4091 3022 4162 praesentibus
3073 4091 3340 4158 hmrebat,
3389 4107 3486 4147 nec
3533 4094 3701 4148 ablata

2125 4185 2416 4252 querebat.
2445 4183 2575 4237 Nam
2609 4197 2835 4253 χρήματα
2861 4199 2962 4236 nou
2989 4183 3066 4236 sic
3092 4192 3364 4248 vocantur,
3395 4195 3450 4237 ut
3479 4199 3538 4238 ea
3564 4185 3704 4238 defo-

2124 4277 2330 4331 diamus
2355 4318 2370 4342 ,
2398 4275 2489 4330 sed
2521 4284 2576 4330 ut
2608 4277 2670 4329 iis
2711 4284 2963 4344 quantum
3006 4273 3160 4328 decet
3191 4285 3418 4329 utamur.
3450 4277 3526 4330 Ac
3568 4277 3704 4330 sicut

2122 4369 2311 4423 artifex
2332 4368 2555 4438 quisque
2581 4381 2729 4420 suam
2754 4365 2904 4420 habet
2926 4378 3114 4430 artem,
3134 4367 3210 4421 sic
3228 4366 3396 4432 dives,
3421 4368 3508 4436 qui
3537 4370 3703 4423 nescit

2122 4461 2362 4514 a-rariam
2383 4468 2575 4522 artem,
2607 4473 2702 4513 nec
2733 4458 2904 4511 navim
2937 4455 3217 4520 fabricari,
3248 4473 3346 4512 nec
3376 4467 3574 4523 texere,
3603 4474 3701 4514 nec

2121 4555 2403 4619 azdiiieare,
2428 4569 2527 4609 nec
2555 4553 2693 4608 aliud
2726 4553 2898 4608 simile
2924 4553 3214 4622 quidpiam,
3238 4552 3405 4608 discat
3429 4554 3625 4609 divitiis
3647 4566 3700 4609 ut

2121 4648 2270 4702 decet
2289 4649 2382 4712 uti,
2413 4657 2466 4703 et
2493 4647 2674 4718 egenis
2696 4647 2891 4716 largiri,
2917 4647 3297 4718 melioremque
3323 4649 3427 4704 illis
3454 4650 3699 4705 omnibus

2119 4754 2286 4797 artem
2317 4741 2546 4796 callebit.

2175 4838 2226 4890 4.
2245 4835 2590 4889 Misericordia
2609 4835 2657 4887 iu
2674 4851 2914 4904 pauperes
2934 4851 3016 4886 ars
3035 4834 3389 4902 pretiosissima
3406 4844 3493 4890 est.
3513 4833 3698 4891 Contra

2115 4927 2417 4996 uoluptatem
2463 4927 2683 4979 ciborum
2728 4934 2771 4978 et
2813 4925 3010 4978 luxum.
3042 4925 3265 4978 -—-Nam
3314 4927 3427 4980 haec
3468 4939 3548 4982 est
3597 4927 3698 4981 illis

2116 5020 2359 5074 omnibus
2408 5019 2610 5072 artibus
2654 5018 2950 5071 sublimior.
3001 5018 3164 5086 llujus
3207 5019 3415 5073 ofﬁcina
3470 5021 3521 5074 in
3566 5021 3698 5075 cmlo

2115 5121 2312 5167 structa
2336 5118 2435 5165 est.
2467 5110 2590 5163 Ηευο
2625 5125 2730 5162 non
2762 5123 2824 5162 ex
2877 5109 3017 5163 ferro
3053 5110 3134 5164 vel
3180 5125 3288 5165 :cre
3323 5111 3577 5166 adornata
3606 5128 3698 5166 or-

2113 5220 2246 5275 gaua
2284 5204 2481 5268 habet,
2509 5202 2600 5255 sed
2645 5218 2707 5255 ex
2737 5202 3056 5270 benignitate
3082 5211 3134 5256 et
3163 5203 3434 5257 voluntate
3464 5207 3504 5256 ¹.
3532 5204 3696 5274 Hujus

2114 5297 2240 5350 artis
2264 5294 2507 5349 Christus
2536 5293 2722 5349 doctor
2741 5303 2841 5355 est,
2863 5308 3066 5346 necnon
3091 5295 3205 5361 ejus
3233 5294 3407 5350 Pater.
3441 5295 3572 5350 Nam
3601 5299 3692 5360 ait,

2115 5388 2284 5441 Estote
2312 5386 2654 5440 misericordes
2680 5389 2805 5439 sicut
2831 5396 2876 5437 et
2909 5384 3063 5438 Pater
3089 5399 3243 5439 vester
3266 5388 3350 5456 qui
3377 5397 3450 5440 est
3480 5389 3531 5440 in
3559 5390 3696 5443 caelis

2113 5478 2262 5548 (Luc.
2286 5476 2341 5531 6.
2373 5475 2487 5543 56).
2516 5475 2771 5546 Quodque
2797 5476 3037 5532 mirabile
3065 5485 3147 5530 est
3167 5519 3180 5538 ,
3211 5493 3330 5532 cum
3372 5478 3440 5531 ita
3472 5487 3695 5533 exteras

2110 5571 2428 5635 antecellat,
2475 5586 2580 5624 non
2626 5571 2807 5625 labore
2852 5570 2932 5624 vel
2987 5580 3226 5640 tempore
3269 5585 3402 5640 opus
3442 5570 3600 5626 habet
3637 5581 3692 5624 ut

2111 5671 2457 5719 exerceatur:
2482 5661 2674 5716 suflieit
2712 5661 2852 5715 enim
2893 5662 3027 5716 velle
3051 5701 3064 5727 ,
3099 5673 3154 5718 et
3184 5672 3351 5718 totum
3395 5663 3690 5733 perlectum

2177 5847 2193 5877 ³
2232 5843 2339 5892 Duo
2364 5851 2489 5904 Mss,
2514 5844 2598 5893 sed
2619 5857 2681 5893 ex
2706 5842 2826 5893 bona
2851 5842 3096 5894 uoluntate.
