4046 6424
242 393 345 456 δοὶ

244 523 353 568 est.
389 508 677 566 Videamus
701 514 917 575 quoque
936 540 949 559 .
980 496 1099 569 quis
1133 494 1253 549 finis
1280 491 1423 547 illius
1447 490 1539 545 sit.
1567 487 1700 557 Quis
1729 494 1850 539 tan-

244 609 372 661 dem
401 603 523 657 ﬂuis
553 600 698 655 illius
724 594 844 652 est?
870 591 1072 649 Caelum
1091 629 1109 658 ,
1138 598 1194 644 et
1220 583 1456 642 ctelestia
1480 580 1622 637 bona
1648 576 1858 649 :gloria

246 696 338 751 illa
362 690 670 754 ineffabilis,
689 683 995 759 spirituales
1012 680 1253 743 thalami,
1274 676 1538 747 fulgentes
1555 667 1853 759 lampades,

249 784 508 841 habitatio
547 794 673 837 cum
707 758 942 848 sponso;
975 772 1078 829 alia
1107 785 1228 841 quae
1258 766 1437 823 nullus
1466 776 1668 828 sermo,
1710 758 1855 815 nulla

248 890 403 933 mens
418 873 697 931 declarare
716 877 913 941 poteSt;
929 866 999 920 ita
1021 874 1081 920 ut
1102 863 1204 917 bac
1221 861 1273 914 in
1294 866 1445 929 parte
1468 856 1627 926 longe
1642 852 1712 908 ab
1737 850 1859 906 aliis

245 965 625 1025 differat.Nam
651 963 844 1018 artium
870 959 1143 1031 plerteque
1162 953 1230 1009 ad
1256 963 1495 1023 praesens
1519 948 1694 1004 solum
1718 955 1857 1001 tem-

248 1076 346 1130 pus
358 1058 514 1114 utiles
527 1064 653 1112 sunt
675 1051 849 1117 nobis,
874 1051 990 1107 lucc
1010 1062 1140 1104 vero
1156 1046 1316 1101 etiam
1333 1042 1399 1098 ad
1414 1040 1650 1096 futuram
1670 1037 1854 1094 vitam.

245 1153 304 1211 Si
332 1162 516 1209 autem
540 1150 612 1206 ita
645 1145 825 1207 differt
851 1143 922 1200 ab
950 1142 1016 1197 iis
1040 1139 1246 1196 artibus
1284 1151 1405 1207 quae
1438 1132 1596 1189 nobis
1623 1131 1679 1186 in
1712 1144 1856 1200 prte-

244 1243 387 1301 senti
416 1243 526 1298 vita
551 1248 679 1296 sunt
703 1234 1046 1309 necessarias,
1072 1240 1189 1287 uta
1214 1226 1497 1289 medicina,
1527 1222 1857 1278 architecto-

246 1337 367 1391 nica
393 1344 449 1392 et
480 1332 747 1390 similibus
770 1372 785 1394 ,
809 1328 983 1384 multo
1022 1323 1194 1396 magis
1218 1321 1287 1377 ab
1312 1320 1431 1376 aliis
1452 1360 1468 1384 ,
1497 1315 1707 1387 quassi
1733 1314 1858 1386 quis

244 1435 499 1485 accurate
543 1424 826 1496 exploret,
860 1434 1035 1490 neque
1074 1428 1220 1472 artes
1268 1428 1391 1469 esse
1432 1410 1649 1465 dixerit.
1677 1408 1858 1477 Quare

244 1535 348 1592 ego
375 1519 512 1574 alias
541 1513 840 1587 superﬂuas
868 1528 977 1567 non
1022 1524 1118 1581 pro
1146 1506 1351 1563 artibus
1389 1503 1583 1557 habeo.
1612 1501 1693 1556 Ad
1724 1498 1854 1571 quid

242 1590 390 1666 enim
432 1605 744 1677 coquinaria
788 1612 845 1659 et
883 1597 1287 1657 salsamentaria
1332 1594 1488 1650 nobis
1534 1592 1733 1647 utiles?
1772 1590 1855 1646 Ad

246 1702 377 1760 nihil
402 1711 549 1758 certe
575 1719 589 1754 :
615 1700 723 1754 imo
753 1695 909 1751 valde
937 1691 1157 1749 inutiles
1185 1699 1241 1747 et
1265 1690 1442 1745 noxia:
1469 1695 1624 1749 sunt,
1652 1699 1773 1756 quat
1802 1693 1857 1739 et

243 1810 442 1866 corpus
471 1805 526 1850 et
549 1792 783 1849 animant
813 1788 1155 1854 labefactant,
1188 1783 1329 1856 quod
1358 1781 1670 1838 morborum
1700 1777 1856 1850 :egri-

243 1889 598 1958 tudinumque
625 1885 863 1941 omnium
890 1890 1118 1938 matrem
1152 1877 1479 1947 voluptatem
1505 1889 1627 1927 cum
1661 1886 1855 1943 pompa

245 1995 438 2051 magna
466 1978 739 2034 inducant.
754 1973 870 2031 luto
889 1987 992 2029 nec
1016 1971 1303 2041 picturam,
1319 1980 1422 2022 nec
1450 1962 1854 2035 pltrygionicam

241 2083 390 2127 artes
434 2070 653 2141 pr0prie
691 2068 942 2123 dixerim.
988 2062 1125 2120 Nam
1174 2063 1229 2117 in
1270 2057 1574 2130 superﬂuos
1610 2062 1857 2125 sumptus

247 2181 347 2221 nes
392 2162 703 2233 conjiciunt.
736 2163 895 2215 Artes
933 2170 1065 2214 vero
1110 2152 1443 2210 necessarias
1467 2193 1483 2216 ,
1526 2164 1648 2222 qum
1688 2148 1854 2204 vitam

246 2267 489 2313 nostram
507 2261 832 2317 sustentant,
854 2251 1009 2307 nobis
1039 2248 1343 2304 necessaria
1372 2245 1650 2315 prmbeant
1674 2260 1695 2297 ε
1712 2252 1737 2297 t-
1754 2257 1856 2312 ap-

245 2358 436 2420 parent
458 2354 689 2419 oportet.
723 2343 850 2399 ldeo
874 2354 1107 2411 namque
1131 2338 1446 2410 sapientiam
1478 2334 1670 2390 indidit
1699 2332 1857 2389 nobis

247 2441 409 2514 Deus,
432 2446 489 2502 ut
515 2436 848 2493 inveniamus
878 2430 1187 2496 methodos,
1215 2427 1370 2501 queis
1396 2427 1664 2498 possimus
1692 2426 1853 2483 vitam

242 2547 565 2591 conservare
585 2540 822 2587 nostram
848 2545 863 2584 :
886 2526 1206 2583 animalcnla
1230 2539 1358 2578 vero
1380 2534 1471 2578 aut
1490 2522 1542 2576 in
1563 2518 1856 2591 parietibus

240 2640 336 2685 aut
360 2629 415 2684 in
434 2626 675 2683 vestibus
700 2630 1090 2692 repraesentare
1106 2618 1171 2674 ad
1188 2617 1338 2689 quid,
1359 2629 1566 2686 qumso,
1585 2614 1714 2669 utile
1733 2612 1856 2669 est?

243 2721 371 2777 Ideo
395 2735 460 2775 ex
488 2717 875 2774 calceariorum
919 2722 973 2768 et
1021 2728 1087 2767 ex
1133 2718 1402 2765 textorum
1443 2706 1649 2762 artibus
1688 2703 1855 2759 multa

244 2812 538 2871 resecanda
570 2819 755 2867 essent
778 2827 793 2863 :
818 2822 940 2862 nam
969 2806 1038 2861 ad
1079 2806 1263 2860 luxum
1294 2802 1460 2856 inulta
1489 2798 1853 2864 deduxerunt,

237 2917 302 2964 et
339 2906 480 2978 quod
511 2904 878 2960 necessarium
903 2909 1021 2955 erat
1060 2896 1455 2952 labefactarunt
1480 2935 1496 2959 ,
1521 2891 1623 2946 arti
1656 2890 1854 2946 malum

242 3000 529 3056 artiﬁcium
575 2995 970 3055 admiscentes;
1021 2986 1164 3062 quod
1213 2989 1377 3045 etiam
1424 2984 1856 3041 architectonice

244 3091 457 3148 accidit.
486 3088 592 3143 Sed
623 3096 682 3141 ut
709 3086 876 3149 hanc,
908 3084 1082 3138 donec
1108 3081 1273 3145 ardes,
1301 3095 1409 3135 non
1442 3086 1617 3132 autem
1645 3076 1856 3131 theatra

245 3189 634 3249 aediﬁcaverit,
683 3202 745 3240 ac
802 3180 1147 3245 necessaria,
1198 3193 1305 3232 non
1356 3186 1534 3230 autem
1586 3172 1856 3242 superﬂua

244 3283 523 3349 struxerit,
555 3288 727 3336 artem
758 3275 966 3331 vocabo
991 3293 1004 3329 :
1026 3274 1107 3329 sic
1133 3282 1188 3327 et
1216 3270 1532 3329 textoriam,
1566 3267 1739 3323 donec
1765 3282 1857 3320 ve-

244 3376 497 3431 sumenta
539 3370 725 3427 fecerit
753 3379 807 3424 et
842 3374 1153 3422 assumenta
1176 3407 1188 3426 ,
1224 3378 1323 3418 nec
1352 3374 1580 3417 araneas
1612 3360 1813 3415 imitata
1837 3400 1854 3423 ,

246 3467 472 3522 multum
500 3454 669 3520 risum
695 3459 1013 3517 excitaverit
1033 3472 1098 3513 ac
1124 3455 1403 3511 mollitiem
1435 3455 1706 3524 ingentem
1725 3495 1739 3516 ,
1764 3466 1855 3506 ar-

243 3569 354 3615 tem
394 3572 547 3613 voco.
576 3554 795 3611 Necnon
832 3551 1151 3607 calceariam
1192 3556 1361 3602 artem
1384 3588 1399 3611 ,
1429 3545 1603 3600 donec
1646 3544 1858 3599 calceos

244 3652 471 3716 fecerit,
494 3650 625 3705 artis
656 3648 875 3703 nomine
904 3661 1011 3700 non
1060 3642 1310 3713 privabo;
1334 3656 1455 3694 cum
1487 3648 1666 3693 autem
1714 3637 1860 3692 viros

242 3748 299 3800 in
328 3745 609 3800 mulierum
643 3743 869 3797 formam
902 3736 1197 3792 traduxerit
1227 3776 1241 3799 ,
1274 3734 1464 3788 molles
1491 3741 1546 3787 et
1574 3730 1863 3786 eﬂ'emir.a-.

244 3850 331 3891 tos
357 3853 424 3891 ex
452 3835 758 3891 calceorum
786 3832 956 3887 forma
988 3828 1203 3891 fecerit,
1232 3842 1354 3881 cum
1385 3824 1560 3888 noxiis
1584 3830 1639 3877 et
1666 3835 1859 3890 snper-

245 3929 369 3985 ﬂuis
394 3928 537 3982 illam
569 3914 886 3981 locabimus.
918 3922 1044 3979 Scio
1074 3936 1161 3975 me
1188 3920 1370 3974 multis
1402 3916 1569 3971 videri
1611 3917 1663 3969 in
1696 3914 1858 3969 mini-

245 4025 349 4081 mis
367 4024 586 4078 nimium
607 4020 879 4074 immorari
898 4037 910 4071 :
929 4032 1101 4088 neque
1116 4025 1293 4069 tamen
1309 4013 1585 4067 absistam.
1605 4009 1857 4065 Omnium

244 4116 445 4185 quippe
475 4113 741 4169 malorum
772 4126 931 4167 causa
981 4110 1095 4163 haec
1124 4116 1208 4163 est
1236 4150 1249 4171 ,
1278 4121 1344 4161 eo
1387 4104 1528 4174 quod
1576 4104 1723 4172 parvi
1770 4102 1857 4155 illa

248 4217 463 4277 peccata
493 4205 752 4260 momenti
786 4218 907 4259 esse
938 4202 1239 4261 videantur.
1266 4209 1317 4253 et
1345 4197 1465 4253 ideo
1498 4196 1855 4263 negligantur.

252 4299 322 4353 Et
346 4296 475 4368 quid
506 4296 610 4351 hoc
637 4296 843 4359 levius,
877 4294 1118 4363 inquies,
1149 4299 1425 4359 peccatum
1456 4301 1709 4356 umquam
1741 4285 1859 4341 fue-

247 4393 339 4453 rit.
371 4406 493 4447 cum
523 4390 645 4461 quis
672 4388 887 4444 calceos
913 4386 1077 4441 habet
1105 4394 1325 4439 ornatos
1351 4397 1413 4436 ac
1443 4381 1729 4450 fulgentes,
1760 4393 1858 4445 pe—

246 4484 407 4539 dibus
434 4481 741 4551 aptatos,‘si
765 4490 945 4535 tamen
974 4479 1075 4533 hoc
1108 4484 1381 4546 peccatum
1408 4472 1706 4527 vocandum
1735 4469 1860 4525 est?

250 4576 426 4631 Vultis
470 4574 631 4643 igitur
672 4573 817 4627 illum
865 4570 1184 4641 aggrediar,
1236 4569 1325 4637 qui
1368 4568 1447 4621 sic
1502 4565 1735 4635 loquitur
1761 4604 1776 4629 ,
1807 4571 1863 4617 et

249 4677 450 4738 quanta
484 4666 562 4720 rei
600 4665 728 4718 insit
767 4661 1045 4731 turpitudo
1075 4660 1401 4715 ostendam?
1443 4672 1621 4712 annon
1655 4657 1859 4709 irasce-

252 4758 382 4811 ntini
408 4757 564 4811 ?lmo
591 4755 800 4809 etiamsi
844 4752 1147 4808 irascamini
1182 4794 1196 4816 ,
1232 4766 1337 4805 non
1367 4748 1592 4802 multum
1637 4745 1859 4804 curabo.

249 4846 384 4903 Nam
426 4861 519 4901 vos
560 4856 719 4901 tantae
750 4844 1070 4913 insipientim
1114 4858 1273 4896 causa
1314 4840 1444 4894 estis
1470 4881 1484 4903 ,
1515 4839 1603 4908 qui
1635 4853 1746 4893 rem
1794 4852 1863 4891 ne

251 4947 530 5009 peccatum
567 4935 782 5006 quidem
828 4952 949 4989 ("me
988 4934 1186 5003 putatis
1209 4974 1226 5002 ,
1258 4946 1464 5002 nosque
1508 4930 1630 4985 ideo
1671 4929 1864 5000 cogitis

253 5031 307 5084 in
334 5028 639 5098 huiusmodi
670 5028 853 5081 luxum
888 5027 1089 5081 invehi.

326 5122 382 5177 5.
424 5120 611 5176 Contra
638 5120 815 5173 luxum
843 5122 897 5172 in
928 5116 1131 5171 calceis.
1158 5147 1225 5158 -—
1252 5120 1365 5187 Age
1397 5117 1556 5185 igitur
1588 5115 1639 5169 id
1672 5114 1861 5182 explo-

252 5228 436 5268 remus
458 5254 473 5276 ,
504 5211 890 5280 videamusque
919 5220 1177 5280 quantum
1205 5210 1272 5264 sit
1298 5208 1520 5262 malum.
1554 5206 1687 5261 Cum
1719 5206 1862 5258 enim

255 5304 430 5360 serica
478 5300 563 5355 ﬂla
591 5342 607 5366 ,
640 5318 758 5370 qua:
799 5318 866 5354 ne
906 5302 960 5354 in
1001 5300 1337 5355 vestimentis
1367 5299 1582 5367 quidem
1624 5298 1865 5353 inserere

259 5397 543 5448 honestum
566 5401 669 5455 est,
699 5396 750 5445 in
778 5392 975 5467 calceis
1002 5392 1271 5456 inscratis,
1298 5400 1493 5460 quanta
1516 5389 1862 5454 contumelia,

256 5498 457 5557 quanto
482 5486 591 5541 risu
616 5487 728 5540 lure
751 5486 908 5555 digna
930 5490 1093 5539 sunt?
1118 5485 1174 5539 Si
1198 5498 1324 5539 vero
1344 5484 1664 5539 sententiam
1689 5498 1865 5537 meam

258 5580 515 5653 despicis,
542 5581 662 5633 audi
694 5581 915 5633 i’uii'tt'tt
942 5594 1063 5632 cum
1090 5594 1279 5649 magna
1303 5577 1638 5632 vehementia
1663 5577 1713 5631 id
1742 5592 1867 5647 pro.

258 5673 532 5729 bibentem
561 5714 575 5731 ,
618 5683 666 5724 et
718 5682 842 5726 tunc
886 5671 1164 5725 ridiculam
1211 5684 1324 5724 rem
1373 5684 1494 5723 esse
1540 5667 1860 5734 comperies.

255 5766 396 5833 Quid
428 5782 557 5835 ergo
592 5767 664 5818 ait
703 5765 833 5819 ille?
876 5764 994 5818 Non
1028 5764 1081 5816 in
1113 5764 1256 5816 tortis
1286 5763 1509 5816 crinibus
1530 5804 1542 5824 ,
1576 5772 1665 5815 aut
1696 5777 1821 5814 auro
1843 5803 1857 5825 ,

260 5866 351 5910 aut
376 5857 666 5927 margaritis
692 5898 705 5919 ,
739 5860 811 5909 vei
846 5866 969 5907 visre
994 5853 1255 5925 pretiosa(
1282 5855 1331 5907 l.
1368 5852 1503 5907 Tim.
1530 5852 1585 5907 2.
1620 5853 1653 5908 9
1678 5854 1716 5925 ).
1752 5851 1866 5920 Qua

1103 5964 1314 6024 LVIII.

964 5970 971 5980 ο

964 5970 971 5980 ο

629 5970 857 6025 Ρίἱῖνῆἶδέέ
886 6018 893 6025 .
932 5972 1049 6023 ,ἷιι

1255 375 1322 434 IN
1360 368 1774 432 ΜΛΤΤΗᾸΞΕΜ
1817 366 2048 425 llOMlL.
2093 364 2279 422 XLIX.
2325 365 2394 423 al.
2440 364 2500 420 L.

1972 483 2133 556 igitur
2159 480 2318 537 venia
2342 478 2537 550 dignus
2576 475 2744 532 fueris
2769 517 2785 540 ,
2825 471 3044 545 quando
3072 470 3269 527 Paulus
3296 470 3450 525 uxori
3483 479 3589 524 tua:

1969 591 2077 633 non
2116 574 2379 647 permittit
2407 580 2558 628 veste
2587 567 2821 642 pretiosa
2852 564 2929 621 uti
2954 607 2969 629 ,
3008 565 3055 621 si
3087 574 3144 620 tu
3181 563 3364 620 luxum
3394 560 3587 631 hujus-

1967 670 2113 728 modi
2163 670 2218 726 in
2264 668 2479 725 calceos
2523 664 2789 730 inducas,
2839 660 3096 731 milleque
3139 658 3313 715 modis
3355 670 3590 728 appares

1966 778 2083 820 rem
2126 762 2201 819 ita
2238 758 2689 819 contumeliosam
2718 764 2777 811 et
2806 753 3091 811 ridiculam
3112 751 3138 805 ?
3176 750 3311 807 Nam
3343 749 3489 806 illam
3516 748 3590 803 ob

1965 872 2186 919 causam
2214 855 2369 912 navis
2393 851 2748 916 construitur,
2778 848 3013 929 remiges
3037 844 3432 910 conducuntur,
3463 859 3589 913 pro.

1965 966 2041 1007 rae
2060 952 2254 1007 ductor
2278 955 2336 1015 et
2358 947 2689 1018 gubernator
2710 942 3085 1005 instituuntur,
3119 935 3589 1018 velum‘expaudi—

1965 1054 2074 1112 tur,
2098 1011 2323 1114 pelagus
2338 1011 2625 1112 trajicitur,
2649 1035 2855 1093 relictis
2876 1048 3068 1099 uxore,
3094 1016 3280 1087 liberis
3299 1011 3355 1085 et
3374 1030 3547 1101 patria
3564 1070 3580 1092 ,

1964 1146 2238 1194 mercator
2274 1134 2440 1188 vitam
2487 1129 2737 1187 ﬂuctibus
2769 1126 3099 1191 committit,
3130 1124 3295 1195 inque
3332 1121 3587 1178 barbaro-

1964 1246 2085 1288 rum
2116 1228 2391 1301 regioncm
2422 1222 2780 1297 proﬁciscitur
2801 1261 2818 1288 ,
2845 1218 2998 1275 mille
3024 1214 3279 1287 periculis
3307 1213 3588 1285 expositus

1962 1323 2033 1380 ad
2078 1322 2196 1391 inec
2241 1320 2327 1375 fila
2366 1313 2731 1388 comparanda
2755 1353 2772 1379 ,
2804 1319 2866 1368 ut
2900 1320 3024 1381 post
3063 1309 3181 1364 haec
3204 1308 3387 1363 omnia
3432 1316 3489 1362 tu
3532 1307 3585 1363 in

1963 1416 2162 1472 calceis
2188 1413 2278 1470 illa
2306 1425 2492 1466 assuas
2511 1418 2570 1466 et
2589 1406 2799 1464 corium
2821 1416 3007 1460 ornes.
3036 1399 3243 1472 Ecquid
3262 1409 3414 1455 tanta
3440 1399 3587 1454 insa-

1964 1508 2052 1563 nia
2078 1502 2362 1562 deterius?
2389 1502 2457 1557 At
2492 1508 2739 1555 veterum
2764 1495 2935 1553 calcei
2974 1509 3080 1551 non
3119 1492 3256 1548 tales
3282 1500 3458 1557 erant,
3486 1489 3585 1546 sed

1962 1598 2151 1672 quales
2186 1595 2421 1653 decebat
2452 1593 2620 1649 viros.
2646 1589 3017 1661 Quamobrem
3044 1600 3257 1648 vereor,
3291 1597 3359 1639 ne
3388 1596 3583 1654 proce-

1961 1690 2127 1747 dente
2156 1697 2432 1758 tempore,
2458 1684 2834 1740 adolescentes
2862 1678 3005 1750 apud
3033 1691 3130 1733 vos
3159 1675 3449 1732 mulierum
3471 1674 3587 1730 cal-

1960 1785 2075 1841 ceis
2099 1791 2344 1848 utantur,
2367 1779 2531 1851 idque
2549 1777 2669 1835 sine
2693 1774 2921 1848 pudore.
2944 1770 3217 1843 Quodque,
3234 1768 3455 1842 gravius
3479 1778 3583 1833 est,

1963 1878 2080 1933 haec
2107 1875 2356 1931 videntes
2384 1881 2568 1944 patres
2596 1885 2704 1926 non
2734 1858 3107 1939 indignantur,
3140 1863 3237 1921 sed
3267 1879 3383 1921 rem
3406 1871 3468 1918 ut
3497 1862 3585 1919 iu-

1960 1969 2300 2027 diﬂ'erentem
2345 1966 2565 2022 habent.
2612 1963 2860 2019 Vultlsne
2893 1971 2953 2016 ut
2982 1958 3111 2031 quid
3156 1959 3320 2015 etiam
3366 1955 3586 2030 gravius

1960 2061 2218 2117 aderam?
2241 2059 2371 2115 Haec
2394 2058 2466 2113 ita
2493 2057 2628 2113 (lunt
2645 2055 2777 2111 dum
2802 2053 2953 2109 multi
2971 2060 3217 2124 egestate
3239 2060 3579 2121 premuntur.

1961 2153 2136 2212 Vultis
2166 2153 2220 2208 in
2248 2148 2775 2225 medium'adducam
2798 2144 3076 2202 Christum
3102 2144 3454 2208 esurientem,
3483 2158 3585 2197 nu-

1960 2246 2113 2311 dum,
2145 2244 2381 2315 undique
2406 2254 2624 2313 captum
2646 2282 2661 2301 .
2697 2238 2980 2295 vinctum?
3008 2236 3080 2292 Et
3107 2246 3238 2308 quot
3266 2234 3584 2290 fulminibus

1961 2337 2109 2410 digni
2135 2350 2243 2392 non
2268 2335 2443 2399 eritis,
2465 2332 2591 2387 dum
2616 2331 2767 2387 illum
2792 2327 3061 2400 negligitis
3086 2326 3398 2383 necessario
3418 2341 3584 2396 egen-

1963 2442 2071 2488 tem
2101 2429 2226 2487 cibo
2249 2471 2266 2497 ,
2292 2437 2351 2484 et
2386 2426 2560 2498 pelles
2587 2440 2709 2481 cum
2744 2431 2894 2478 tanto
2921 2420 3102 2478 studio
3124 2419 3445 2477 exornatis?
3490 2418 3585 2474 Ille

1960 2523 2179 2595 quidem
2210 2538 2333 2578 cum
2363 2518 2641 2589 discipulis
2683 2518 2815 2587 lege.
2846 2534 2859 2570 ι
2890 2514 3084 2580 daret,
3114 2527 3185 2568 ne
3216 2511 3581 2567 calceamcnta

1960 2615 2177 2687 quidem
2220 2612 2426 2668 habere
2453 2608 2702 2682 permisit
2744 2626 2757 2663 :
2803 2622 2903 2663 nos
2927 2621 3058 2663 vero
3084 2620 3190 2661 non
3234 2603 3396 2660 modo
3424 2602 3582 2658 nudis
3638 2670 3643 2677 Α

1961 2708 2190 2781 pedibus
2214 2705 2468 2762 incedere
2490 2719 2597 2759 non
2620 2702 2974 2765 sustinemus,
3003 2698 3098 2755 sed
3128 2712 3304 2768 neque
3326 2697 3583 2752 calceatis
3614 2682 3643 2731 κθ

1962 2800 2056 2856 illo
2080 2815 2189 2870 quo
2210 2806 2489 2869 oporteret
2519 2794 2701 2851 modo.
2726 2793 2865 2863 Quid
2894 2793 2997 2847 hac
3020 2790 3355 2846 absurditate
3386 2788 3538 2859 pejus
3559 2790 3583 2839 ἵν

1960 2895 2088 2967 quid
2138 2894 2309 2965 magis
2352 2890 2681 2947 ridiculum?
2727 2887 2861 2943 Illud
2901 2895 3053 2943 certe
3092 2883 3257 2939 animi
3282 2883 3580 2939 etfeminati

1961 2996 2064 3051 est,
2099 2985 2407 3050 inhumani,
2432 2982 2597 3039 nimis
2622 2980 2861 3043 curiosi,
2892 2978 3194 3034 vanissimi.
3224 2974 3584 3045 Quandonam

1962 3079 2159 3151 poterit
2188 3078 2510 3133 necessariae
2536 3075 2615 3130 rei
2641 3072 2955 3129 incumbere
2974 3113 2990 3137 ,
3023 3071 3112 3140 qui
3144 3070 3226 3123 his
3252 3083 3579 3139 supervaca-

1962 3172 2082 3228 neis
2119 3169 2332 3225 deditus
2370 3168 2497 3223 est?
2545 3166 2763 3237 quando
2800 3165 3019 3232 juvenis
3046 3162 3357 3233 huiusmodi
3388 3163 3584 3217 anitum

1961 3277 2148 3318 curam
2172 3259 2413 3327 habebit,
2434 3258 2516 3315 vel
2539 3257 2796 3328 co‘gitahit
2815 3258 2980 3314 etiam
3004 3271 3065 3312 se
3085 3256 3321 3312 animum
3347 3254 3549 3312 habere
3559 3255 3585 3307 '2‘

1963 3356 2095 3413 Nam
2124 3356 2448 3410 vanissimus
2473 3357 2697 3409 omnino
2727 3353 2832 3409 erit
2857 3352 2947 3423 qui
2976 3351 3094 3407 haec
3121 3350 3305 3404 mirari
3338 3348 3581 3419 compel-

1967 3452 2142 3512 letur.
2175 3459 2233 3505 et
2276 3447 2700 3505 immanissimus
2725 3489 2741 3513 ,
2773 3446 2863 3517 qui
2912 3446 2997 3501 his
3040 3446 3278 3501 intentus
3320 3457 3586 3513 pauperes

1966 3543 2234 3615 negliget;
2264 3542 2462 3597 virtute
2486 3554 2708 3599 vacuus,
2740 3538 2833 3610 qui
2860 3546 3029 3593 totam
3058 3537 3221 3592 vitam
3250 3537 3303 3591 in
3338 3536 3441 3591 hoc
3465 3544 3586 3605 stu-

1963 3638 2055 3693 dio
2083 3635 2364 3707 impendit.
2397 3633 2530 3689 Nam
2558 3633 2649 3705 qui
2679 3632 2892 3688 illorum
2923 3631 3313 3701 praestantiam,
3340 3629 3583 3708 colorum

1964 3729 2154 3785 ﬂorem
2181 3770 2196 3795 ,
2244 3726 2568 3798 hederteque
2607 3720 2844 3797 speciem
2889 3739 2919 3779 a
2961 3724 3052 3779 tali
3086 3732 3301 3781 textura
3330 3722 3583 3777 emissam

1964 3824 2180 3877 curiose
2207 3819 2491 3892 perquirit,
2519 3816 2865 3889 quandonam
2897 3815 3100 3887 poterit
3128 3816 3319 3870 caelum
3349 3815 3587 3885 respice.

1965 3916 2063 3971 re?
2092 3914 2307 3985 quando
2335 3925 2626 3985 supernam
2653 3910 2798 3965 illam
2823 3906 3283 3981 pulchritudinem
3304 3907 3588 3961 mirabitur

1967 4012 2045 4075 is,
2098 4008 2203 4081 qui
2245 4022 2448 4078 pronus
2502 4005 2555 4059 in
2606 4012 2806 4060 terram
2859 3993 3586 4073 pellium'pulchritudinem

1966 4100 2233 4158 miratur?
2261 4101 2403 4156 Deus
2429 4098 2649 4169 quidem
2680 4095 2926 4153 extendit
2954 4094 3169 4158 caelum,
3196 4093 3367 4147 solem
3393 4105 3587 4147 accen-

1965 4196 2079 4260 dit,
2112 4195 2403 4262 oculosque
2432 4202 2553 4248 tuos
2583 4206 2798 4246 sursum
2833 4188 3030 4254 trahit,
3074 4196 3132 4242 tu
3165 4200 3294 4240 vero
3324 4194 3377 4241 te
3410 4185 3586 4254 ipsum

1965 4288 2115 4359 cogis
2156 4301 2346 4342 versus
2388 4294 2587 4339 terram
2624 4297 2913 4353 porcorum
2952 4281 3126 4335 instar
3150 4279 3441 4347 respicere,
3473 4276 3590 4330 dia-

1968 4380 2199 4451 boloque
2250 4394 2453 4431 morem
2500 4374 2668 4447 geris.
2718 4373 2849 4429 Nam
2899 4372 3016 4443 ipse
3058 4370 3327 4443 malignus
3374 4369 3585 4423 daemon

1969 4471 2107 4526 hanc
2133 4460 2517 4539 turpitudinem
2544 4466 2902 4537 excogitavit,
2928 4473 2985 4519 ut
3024 4471 3077 4519 te
3114 4462 3184 4518 ab
3224 4462 3312 4517 illa
3350 4459 3591 4531 pulchri-

1970 4563 2152 4618 tudine
2177 4570 2480 4627 averteret;
2525 4561 2645 4615 ideo
2678 4568 2730 4613 te
2768 4560 2904 4613 istuc
2933 4557 3154 4611 attraxit
3175 4596 3189 4618 .
3220 4554 3587 4627 postponitur-

1968 4670 2072 4725 que
2093 4655 2253 4721 Deus,
2272 4655 2463 4708 caelum
2482 4652 2796 4717 ostendens,
2814 4650 3030 4705 diabolo
3047 4648 3214 4719 pelles
3231 4648 3588 4713 monstranti;

1969 4747 2081 4800 imo
2108 4760 2214 4800 non
2245 4745 2436 4815 pelles,
2470 4743 2554 4798 hat
2578 4745 2778 4814 quippe
2806 4751 2933 4797 sunt
2962 4740 3055 4795 Dei
3085 4754 3256 4811 opus;
3289 4739 3385 4795 sed
3414 4738 3593 4794 molli-

1971 4840 2095 4894 tiem
2121 4838 2405 4910 quamdam
2429 4846 2483 4892 et
2507 4837 2799 4907 pessimum
2823 4834 3134 4889 artiﬁcium.
3160 4833 3252 4888 Sic
3273 4832 3591 4887 adolescens

1970 4946 2171 5001 pronus
2197 4944 2385 4984 versus
2416 4938 2614 4984 terram
2644 4927 2931 4993 circumit,
2959 4927 3048 4995 qui
3076 4925 3311 4980 celestis
3344 4924 3588 4995 philoso-

1974 5023 2124 5094 phari
2152 5023 2335 5093 jussus
2364 5031 2483 5086 est,
2520 5021 2798 5089 magisque
2825 5019 2893 5073 de
2927 5018 3011 5072 his
3034 5018 3326 5089 gloriatur,
3356 5032 3516 5087 quam
3544 5017 3589 5068 si

1970 5113 2099 5182 quid
2138 5128 2390 5183 magnum
2422 5122 2678 5182 operatus
2714 5119 2897 5175 esset,
2930 5111 3114 5179 sicque
3146 5109 3379 5163 molliter
3408 5120 3463 5161 et
3492 5107 3590 5161 de-

1975 5208 2132 5262 licate
2157 5222 2255 5277 per
2281 5206 2452 5260 forum
2491 5205 2692 5260 incedit
2716 5246 2731 5268 ,
2760 5218 3054 5259 maerorem
3097 5202 3197 5257 sibi
3233 5202 3589 5270 doloremque
3615 5244 3621 5267 ί

1972 5302 2303 5363 concilians,
2343 5315 2413 5355 ne
2458 5300 2636 5353 hieme
2678 5299 2891 5353 calceos
2937 5298 3052 5351 luto
3092 5294 3486 5357 commaculet,
3522 5308 3590 5347 ne.

1972 5405 2159 5451 aestate
2181 5396 2402 5464 pulvere
2426 5393 2657 5463 operiat.
2684 5391 2821 5458 Quid
2849 5390 3006 5456 dicis,
3034 5405 3067 5443 o
3096 5390 3298 5444 homo?
3325 5388 3589 5443 animam-

1974 5506 2044 5545 ne
2076 5499 2241 5544 totam
2285 5490 2335 5543 in
2376 5488 2547 5543 lutum
2579 5486 2859 5554 conjecisti
2894 5501 2989 5554 per
3022 5482 3330 5553 hujusmodi
3362 5480 3544 5536 luxum
3571 5525 3587 5547 ,

1975 5598 2101 5637 num
2148 5584 2291 5638 illam
2338 5582 2482 5636 humi
2528 5581 2833 5635 devolutam
2880 5579 3146 5651 negligis,
3192 5586 3247 5632 et
3287 5576 3355 5632 de
3395 5576 3592 5631 calceis

1976 5686 2083 5730 tam
2116 5676 2273 5730 anxie
2302 5675 2550 5747 cogitas?
2594 5674 2752 5728 Disce
2791 5688 2949 5728 usum
2986 5689 3174 5728 eorum
3201 5714 3214 5737 ,
3246 5680 3302 5726 et
3328 5670 3593 5726 erubesco

1978 5768 2117 5835 quod
2153 5768 2282 5821 tanti
2311 5766 2398 5821 illa
2431 5766 2613 5821 facias.
2660 5764 2791 5819 Nam
2822 5766 2987 5819 calcei
3034 5764 3156 5818 ideo
3195 5762 3395 5818 inventi
3424 5770 3589 5816 sunt.

1982 5858 2038 5905 ut
2070 5851 2237 5907 lutum
2268 5860 2320 5907 et
2350 5867 2561 5907 ccenum
2591 5850 2794 5906 calcent
2828 5893 2840 5916 ,
2876 5865 2972 5905 nec
3006 5866 3110 5904 non
3139 5847 3374 5903 maculas
3400 5856 3589 5899 ouincs

3256 5953 3296 6015 3
