4046 6438
515 387 618 442 503

512 515 629 568 qua:
671 498 728 552 in
776 495 1076 567 pavimento
1117 494 1376 546 visuntur.
1423 491 1479 547 Si
1519 501 1699 546 autem
1736 489 1786 544 id
1819 488 1958 544 ferre
1988 503 2095 542 non

517 599 665 658 [nites
689 629 703 652 ,
735 588 882 642 solve
909 585 1031 640 illos
1059 594 1110 640 et
1140 600 1168 638 a
1197 585 1334 638 collo
1362 583 1628 660 suspende
1651 624 1667 650 ,
1695 582 1778 638 vel
1803 581 1959 651 capiti
1988 579 2097 639 cir-

512 694 792 748 cumpouc.
1499 671 1503 675 ’

578 771 632 827 6.
677 769 781 825 Vos
806 770 1019 840 quidem
1047 768 1233 825 ridetis
1267 774 1381 824 tunc
1406 767 1718 833 audientes;
1766 781 1865 836 ego
1888 781 2014 820 vero
2041 781 2093 819 III

507 863 768 932 lacrymas
790 877 1017 933 erumpe
1045 863 1229 917 videns
1265 862 1475 917 illorum
1506 859 1803 927 insaniam,
1833 868 1888 914 et
1914 857 2094 928 hujus-

509 953 651 1008 tnodi
678 968 883 1010 curam.
908 954 1040 1010 Nam
1068 953 1317 1010 libentius
1344 954 1418 1008 illi
1445 967 1640 1023 corpus
1661 952 1773 1007 luto
1794 965 2094 1006 commacu-

508 1048 675 1103 larcnt
700 1090 715 1111 ,
744 1065 902 1119 quam
931 1047 1230 1118 hujusmodi
1262 1049 1491 1102 calceos.
1540 1046 1675 1101 Hinc
1706 1045 1783 1102 illi
1814 1045 2094 1100 levissimis

504 1140 666 1194 dediti
712 1139 879 1205 fiunt,
913 1149 1072 1211 atque
1109 1141 1207 1194 alia
1240 1141 1448 1195 ratione
1479 1139 1718 1208 pecunia:
1755 1138 1917 1193 avidi.
1961 1137 2092 1191 Nam

502 1233 595 1300 qui
627 1233 678 1286 in
709 1232 824 1288 haec
858 1235 1045 1288 insano
1069 1232 1245 1288 studio
1273 1233 1400 1288 ferri
1429 1233 1624 1287 assueti
1650 1242 1813 1294 sunt,
1846 1231 1898 1285 in
1929 1231 2093 1285 vesti-

505 1323 606 1377 bus
631 1323 683 1377 in
708 1323 932 1393 aliisque
952 1324 1198 1378 omnibus
1219 1313 1384 1379 multa
1411 1324 1680 1378 insumant
1705 1333 1760 1378 et
1786 1322 2095 1393 impendant

506 1423 735 1483 oportet.
780 1414 882 1482 Qui
925 1415 969 1469 si
1014 1415 1352 1472 ambitiosum
1381 1424 1584 1485 patrem
1613 1413 1806 1469 habeat
1829 1454 1843 1476 ,
1870 1421 2095 1483 augetur

503 1505 620 1576 ejus
645 1508 873 1563 absurda
901 1509 1196 1578 cupiditas;
1229 1511 1272 1564 si
1299 1524 1538 1574 avarum,
1568 1509 1777 1579 cogitur
1798 1508 1900 1563 alia
1925 1509 2094 1578 turpi-

507 1606 588 1652 ter
633 1599 881 1669 aggredi,
916 1608 973 1654 ut
1012 1616 1198 1655 aurum
1239 1602 1304 1657 ad
1353 1601 1490 1656 hunc
1528 1612 1794 1670 sumptum
1825 1603 2089 1657 eorradat.

502 1689 636 1744 Hinc
664 1691 814 1745 multi
840 1691 1083 1761 juvenes,
1117 1703 1170 1748 et
1197 1693 1418 1748 formam
1449 1709 1598 1748 suam
1625 1694 2010 1760 vendiderunt,
2039 1707 2091 1751 et

502 1781 716 1849 parasiti
743 1782 964 1837 divitun.
1007 1783 1180 1839 eﬂ‘ecti
1213 1795 1371 1849 sunt,
1403 1787 1611 1856 aliaque
1641 1788 1854 1842 servilia
1881 1788 2091 1843 subiere

501 1874 794 1930 ministeria
820 1918 835 1941 ,
883 1886 939 1930 ut
980 1876 1066 1932 bis
1113 1879 1416 1933 facultatem
1467 1879 1744 1949 explendae
1787 1879 2090 1950 cupiditatis

500 1975 762 2022 merent.
802 1968 953 2034 Quod
985 1969 1145 2038 igitur
1176 1970 1263 2025 hic
1303 1971 1540 2040 pecunia:
1568 1988 1751 2028 amans
1791 1973 1996 2030 futurus
2021 1978 2090 2030 sit

503 2068 556 2110 et
600 2057 898 2115 levissimus
939 2071 1098 2131 atque
1139 2063 1205 2116 ad
1256 2065 1554 2118 necessaria
1605 2067 1824 2120 omnino
1865 2082 2085 2132 socors;

504 2148 731 2221 hincque
763 2152 992 2208 futurum
1031 2155 1100 2209 sit
1138 2163 1195 2209 ut
1230 2156 1333 2210 alia
1375 2156 1656 2214 admittere
1686 2169 1898 2229 peccata
1933 2175 2090 2231 coga-

501 2248 606 2305 tur,
636 2256 700 2296 ex
732 2242 891 2299 dictis
919 2245 1255 2302 manifestum
1284 2259 1366 2303 est
1398 2266 1411 2303 :
1441 2251 1580 2320 quod
1612 2251 1736 2306 item
1761 2252 2089 2309 inhumanus

501 2334 572 2387 sit
595 2334 800 2391 futurus
826 2346 879 2392 et
903 2353 1053 2392 vana:
1073 2341 1256 2408 gloriae
1282 2342 1534 2411 cupidus,
1563 2359 1723 2398 nemo
1749 2344 1956 2401 inficias
1980 2357 2085 2402 eat.

502 2425 825 2483 Inhumanus
869 2445 1024 2495 cum,
1068 2433 1181 2486 viso
1223 2447 1489 2504 paupere,
1530 2450 1712 2494 amore
1742 2447 1969 2494 ornatus
2007 2442 2087 2494 sui

500 2517 703 2582 ductus,
731 2535 798 2573 ne
825 2521 1091 2589 respicere
1115 2524 1329 2591 quidem
1357 2525 1682 2595 dignabitur,
1712 2528 1808 2583 sed
1831 2528 1955 2583 dum
1982 2531 2089 2584 cal-

500 2624 624 2665 ceos
652 2626 784 2667 auro
811 2623 1033 2669 exornat
1058 2657 1073 2680 ,
1116 2615 1262 2671 illum
1293 2615 1434 2673 fame
1464 2631 1777 2689 pereuntem
1807 2622 2085 2693 despiciet.

502 2698 662 2756 Vana:
710 2703 894 2773 gloria:
937 2705 1198 2775 cupidus,
1249 2707 1374 2762 dum
1419 2710 1472 2763 in
1517 2710 1751 2767 minimis
1795 2711 2088 2768 videntium

500 2793 944 2852 existimationem
975 2800 1154 2854 venari
1195 2800 1384 2856 doctus
1417 2802 1863 2874 deprehendetur.
1907 2807 2089 2877 Neque

500 2885 640 2940 enim
671 2897 799 2955 puto
825 2887 1017 2944 ducem
1047 2890 1117 2945 de
1155 2893 1477 2948 exercitibus
1517 2903 1571 2949 et
1617 2898 1831 2966 tropaeis
1868 2901 1979 2953 suis
2017 2900 2086 2954 ita

496 2975 710 3043 gloriari
737 3019 750 3042 ,
791 2986 846 3033 ut
881 2979 1131 3049 juvenem
1175 2983 1323 3038 illum
1374 2985 1639 3054 perditum
1676 2987 1747 3044 de
1784 2990 2085 3045 calceorum

498 3076 712 3133 ornatu,
742 3069 808 3123 de
838 3072 1166 3128 vestimentis
1191 3074 1568 3145 deﬂuentibus,
1591 3079 1660 3134 de
1685 3093 1836 3135 coma
1859 3082 2083 3151 capitis:

497 3172 816 3232 quamquam
855 3163 967 3217 hanc
994 3165 1170 3220 omnia
1209 3169 1470 3245 artificum
1499 3172 1722 3227 aliorum
1751 3189 1913 3245 opera
1940 3189 2082 3232 sunt.

497 3248 647 3315 Quod
674 3253 716 3305 si
740 3252 806 3307 de
832 3253 1019 3310 alienis
1041 3271 1145 3310 non
1175 3244 1585 3318 desinunt°vane
1607 3244 1847 3335 gloriari,
1872 3271 2086 3337 quando

495 3343 564 3396 de
591 3345 702 3398 suis
728 3344 1016 3401 desinent?
1041 3347 1160 3402 Alia
1189 3364 1401 3422 quoque
1428 3353 1662 3410 dicerem
1693 3356 1773 3410 his
1795 3360 2041 3428 graviora
2070 3380 2083 3416 :

493 3442 549 3486 at
573 3433 688 3488 haec
717 3436 866 3490 vobis
893 3439 1022 3493 satis
1056 3451 1197 3494 sunt.
1231 3440 1328 3496 llic
1357 3459 1482 3512 ergo
1509 3445 1667 3500 linem
1693 3448 1878 3504 orandi
1905 3449 2084 3508 facere

493 3533 746 3593 oportet:
778 3526 892 3582 Ι]ωο
931 3529 1127 3599 quippe
1169 3531 1279 3586 dixi
1319 3545 1504 3590 contra
1551 3540 1948 3608 contentiosos,
1992 3549 2082 3614 qui

495 3630 606 3669 rem
647 3616 776 3672 nihil
820 3619 1035 3675 absurdi
1084 3622 1278 3679 habere
1317 3624 1583 3682 dicebant.
1626 3629 1691 3684 Et
1727 3632 1839 3687 scio
1867 3633 2079 3703 quidem

492 3710 689 3765 multos
718 3725 786 3766 ex
823 3712 1113 3782 juvenibus
1138 3731 1206 3770 ne
1233 3717 1390 3775 dictis
1417 3719 1630 3789 quidem
1661 3723 1938 3781 attendere
1960 3768 1975 3791 ,
2009 3728 2077 3782 ita

494 3810 618 3856 sunt
654 3803 786 3857 ebrii
813 3846 827 3860 .
859 3814 914 3859 et
954 3804 1078 3860 huic
1115 3808 1304 3863 1001·ῢο
1332 3809 1568 3876 addicti;
1598 3828 1768 3885 neque
1797 3825 1971 3872 tamen
2002 3821 2069 3874 si-

493 3893 707 3948 lendum
743 3904 875 3949 erat.
912 3895 1043 3979 Nam
1081 3909 1257 3967 patres
1286 3912 1463 3957 mente
1489 3905 1603 3959 sani
1630 3947 1644 3970 ,
1694 3906 1837 3976 ipsos
1865 3909 1931 3964 ad
1962 3927 2076 3966 mo-

491 3985 712 4040 destiam
763 3988 1015 4046 inducere
1059 4001 1330 4060 poterunt.
1393 3995 1470 4051 Ne
1514 3997 1658 4052 dicas
1701 4000 1893 4070 igitur,
1937 4001 2077 4057 Nihil

494 4077 633 4142 hinc,
667 4078 795 4134 nihil
824 4081 945 4136 inde
971 4081 1048 4154 (α)
1074 4101 1086 4136 :
1113 4083 1214 4140 hoc
1238 4088 1432 4157 quippe
1452 4129 1468 4155 ,
1498 4089 1597 4144 hoc
1625 4094 1798 4146 omnia
1829 4107 2072 4162 pessum-

552 4209 1353 4291 ςεὶὲδίξὲξετξῑέῒξξίιριβεοεηιψυε
1390 4219 1511 4291 illis.
1535 4235 1659 4291 ςιιφε
1698 4226 2075 4291 centenosc-

489 4276 688 4327 stomus,
718 4275 802 4334 qui
817 4272 984 4323 luxum
1010 4289 1238 4339 magnum
1265 4281 1313 4327 in
1332 4272 1510 4330 calceis
1533 4272 1649 4345 ipsis
1673 4272 1990 4338 exhibebit—uti

1224 383 1280 434 S.
1313 379 1591 437 JOANNIS
1628 374 2098 435 CIIRYSOSTOMI
2143 376 2463 433 AliClllEP.
2505 377 3036 434 CONSTANTINOP.

3697 385 3800 439 5οἱ

2203 488 2366 542 dedit.
2400 490 2689 561 Oportebat
2717 483 2860 547 enim
2892 494 3009 548 illos
3041 494 3353 554 instituere.
3381 507 3430 551 c‘t
3462 497 3512 550 in
3536 498 3605 553 iis
3628 538 3643 562 ,
3677 515 3804 568 quas

2203 580 2421 634 minima
2447 581 2763 636 videbantur
2787 598 2909 637 esse
2934 625 2949 649 ,
2984 583 3238 639 honestos
3276 585 3505 643 reddcrc
3529 629 3542 653 ,
3577 603 3802 658 magna-

2202 670 2377 725 nimos
2401 713 2415 737 ,
2448 680 2881 728 ornamentorum
2913 683 3346 745 contemptores;
3392 679 3470 733 sic
3499 679 3643 732 enim
3676 679 3799 733 illos

2201 764 2255 817 in
2297 765 2500 833 magnis
2537 769 2695 820 etiam
2729 767 3018 836 prmclaros
3059 783 3448 823 inveniremus.
3479 769 3617 838 Quid
3649 772 3796 824 enim

2200 855 2587 911 elementorum
2614 855 2890 926 disciplina
2919 858 3117 913 vilius?
3146 859 3393 914 Attamen
3425 875 3491 915 ex
3521 876 3581 916 ea
3614 860 3799 916 rheto-

2198 961 2307 1014 res,
2329 945 2600 1016 sophistae,
2626 958 2679 1003 et
2704 949 3003 1020 philosophi
3025 951 3276 1006 evadunt.
3302 951 3358 1008 Si
3379 951 3497 1007 hac
3520 952 3794 1023 ignorent.

2199 1035 2284 1089 illa
2314 1051 2598 1108 numquam
2632 1040 2820 1093 scient.
2856 1039 2980 1095 Hmc
3005 1050 3182 1095 autem
3214 1043 3445 1096 diximus
3475 1048 3579 1097 non
3612 1045 3796 1111 pueris

2201 1137 2402 1182 tantum
2424 1170 2439 1193 ,
2471 1129 2564 1183 sed
2591 1130 2752 1184 etiam
2779 1132 3089 1186 mulieribus
3115 1142 3168 1187 et
3198 1134 3411 1202 puellis.
3459 1133 3566 1187 Illa:
3593 1136 3795 1204 quippe

2197 1230 2322 1274 sunt
2368 1222 2554 1276 iisdem
2603 1222 2848 1277 obnoxiae
2891 1227 3162 1294 peccatis;
3226 1229 3333 1281 imo
3380 1235 3528 1281 tanto
3578 1228 3791 1296 magis,

2197 1323 2396 1381 quanto
2425 1314 2802 1370 modestiorem
2832 1317 2986 1371 decet
3013 1332 3133 1372 esse
3161 1319 3440 1389 virginem.
3471 1322 3603 1384 Quae
3632 1319 3796 1389 igitur

2195 1406 2302 1462 illis
2335 1408 2474 1463 dicta
2509 1420 2661 1477 sunt,
2692 1412 2842 1467 vobis
2871 1415 3030 1467 etiam
3069 1413 3206 1469 dicta
3245 1425 3457 1484 putate,
3494 1429 3564 1469 ne
3596 1413 3788 1469 eadem

2196 1509 2518 1569 repetamus.
2563 1503 2696 1557 Nam
2740 1514 2948 1573 tempus
2985 1517 3068 1560 est
3108 1517 3164 1562 ut
3200 1523 3502 1564 sermonem
3539 1508 3792 1578 precibus

2199 1588 2654 1644 claudamus.Vos
2667 1607 2796 1658 ergo
2812 1593 3095 1646 nobiscum
3118 1595 3277 1645 simul
3295 1602 3462 1656 orate,
3484 1603 3535 1644 ut
3555 1606 3790 1658 juvenes

2200 1682 2292 1751 qui
2318 1682 2382 1735 ad
2411 1680 2714 1737 Ecclesiam
2740 1684 3035 1753 pertinent,
3075 1685 3321 1738 modeste
3344 1684 3523 1737 vivere
3545 1683 3790 1737 maxime

2201 1773 2434 1843 possint,
2474 1782 2529 1828 et
2559 1775 2624 1829 ad
2671 1784 3008 1830 senectutem
3055 1774 3442 1830 condecentem
3479 1775 3788 1845 pervenire.

2195 1863 2324 1920 Nam
2351 1866 2430 1920 eis
2454 1867 2540 1936 qui
2585 1883 2691 1922 non
2726 1878 3084 1938 temperanter
3106 1872 3328 1937 vivunt,
3359 1889 3461 1925 non
3491 1873 3788 1942 optandum

2194 1965 2248 2010 ut
2289 1966 2619 2013 senectutem
2650 1973 3036 2030 assequamur,
3079 1964 3198 2018 illos
3232 1979 3361 2019 vero
3390 1963 3479 2034 qui
3513 1965 3565 2017 in
3592 1964 3792 2033 juven-

2196 2055 2307 2102 tute
2332 2061 2488 2103 senes
2514 2051 2787 2106 imitantur
2810 2097 2825 2120 ,
2857 2069 3048 2122 precor
3073 2066 3367 2111 extremam
3397 2055 3662 2125 attingere
3691 2069 3788 2108 ca-

2193 2140 2397 2208 nitiem,
2419 2151 2473 2197 et
2492 2143 2781 2212 praeclaros
2804 2146 2939 2200 filios
2959 2147 3194 2216 gignere,
3219 2148 3309 2218 qui
3333 2147 3569 2216 patribus
3589 2147 3791 2218 gaudio

2192 2237 2302 2290 sint
2319 2248 2340 2300 ‘,
2387 2237 2441 2291 in
2480 2237 2772 2308 primisque
2815 2239 2926 2294 Deo
2965 2241 3201 2295 omnium
3244 2241 3548 2307 conditori,
3594 2256 3791 2310 precor

2193 2327 2320 2383 item
2360 2338 2420 2382 ut
2461 2329 2706 2383 morbum
2748 2331 2908 2387 animi
2955 2347 3173 2388 omnem
3213 2333 3428 2404 abigat,
3473 2347 3580 2388 non
3621 2333 3789 2388 modo

2194 2434 2316 2476 eum
2346 2420 2437 2489 qui
2465 2421 2520 2475 in
2545 2420 2738 2476 calceis
2764 2431 2818 2477 et
2847 2425 3176 2479 veszimentis
3203 2425 3622 2495 deprehenditur
3641 2469 3656 2489 .
3687 2427 3788 2482 sed

2194 2519 2249 2565 et
2289 2512 2450 2567 alium
2497 2528 2905 2585 quemcumque.
2957 2515 3090 2570 Nam
3134 2519 3492 2573 adolescentia
3541 2519 3788 2590 neglecta

2192 2603 2380 2658 similis
2406 2612 2490 2658 est
2516 2604 2730 2660 inculta:
2761 2615 2935 2671 teme,
2965 2622 3084 2678 quae
3115 2608 3311 2662 multas
3341 2610 3572 2679 undique
3598 2611 3790 2680 spinas

2190 2697 2374 2766 gignit.
2425 2695 2779 2754 lmmittamus
2816 2715 2941 2770 ergo
2981 2703 3150 2757 sancti
3193 2703 3422 2772 Spiritus
3467 2705 3642 2774 ignem
3670 2748 3686 2772 ,
3729 2717 3785 2763 et

2193 2789 2360 2843 malas
2402 2787 2564 2846 hasce
2602 2792 2918 2861 cupiditates
2949 2807 3195 2859 uramus;
3238 2795 3432 2849 inculta
3461 2811 3584 2851 arva
3616 2813 3786 2853 exco-

2194 2881 2383 2953 lamus,
2403 2893 2462 2936 ut
2479 2898 2664 2938 semen
2687 2887 2892 2955 possint
2911 2887 3212 2955 suscipere;
3236 2899 3290 2943 et
3303 2890 3547 2959 juniorcs
3568 2901 3785 2946 nostros

2192 2973 2380 3027 alienis
2406 2974 2623 3029 senibus
2663 2976 3012 3046 sapientiores
3041 2978 3408 3034 exhibeamus.
3454 2980 3586 3035 Nam
3617 2983 3785 3036 mira-

2191 3064 2299 3118 bile
2329 3064 2486 3134 plane
2515 3065 2640 3119 illud
2671 3077 2787 3132 est,
2821 3083 2940 3121 cum
2969 3070 3023 3122 in
3054 3068 3334 3137 juventute
3362 3071 3611 3141 splendet
3643 3080 3783 3128 tem-

2191 3159 2430 3227 perantia
2450 3200 2466 3225 ,
2493 3173 2613 3213 cum
2643 3170 2828 3214 contra
2863 3162 2907 3215 is
2927 3202 2941 3227 ,
2969 3162 3056 3230 qui
3089 3164 3142 3218 in
3175 3174 3448 3220 senectute
3475 3173 3782 3236 temperans

2190 3259 2272 3304 est
2295 3291 2309 3316 ,
2352 3267 2456 3306 non
2499 3252 2569 3306 ita
2611 3267 2854 3322 magnam
2886 3255 3083 3309 referat
3112 3257 3416 3312 mercedem
3437 3299 3453 3323 ,
3488 3259 3577 3327 qui
3609 3261 3781 3314 aetatis

2191 3340 2481 3395 subsidium
2505 3341 2715 3397 habeat.
2747 3343 2875 3398 illud
2905 3354 3080 3399 autem
3108 3345 3299 3401 mirum
3323 3357 3424 3411 est,
3456 3348 3507 3402 in
3529 3347 3782 3404 ﬂuctibus

2190 3435 2568 3506 tranquillitate
2595 3434 2695 3488 frui
2721 3477 2734 3500 ,
2772 3446 2826 3489 et
2856 3437 2910 3489 in
2937 3436 3153 3492 fornace
3179 3452 3283 3493 non
3312 3439 3553 3494 comburi
3577 3482 3590 3504 ,
3619 3450 3781 3511 atque

2191 3527 2241 3581 in
2263 3527 2540 3596 juventute
2562 3543 2671 3582 non
2701 3528 2962 3583 lascivire.
2987 3528 3113 3585 Hzec
3137 3529 3314 3600 itaque
3339 3533 3517 3587 animo
3537 3533 3782 3588 recolen-

2191 3627 2306 3682 tes,
2347 3619 2618 3674 imitemur
2657 3620 2866 3674 beatum
2914 3622 3062 3676 illum
3101 3621 3390 3692 Josephum
3417 3663 3432 3690 ,
3471 3624 3560 3694 qui
3601 3623 3656 3678 in
3693 3624 3781 3679 his

2186 3700 2446 3767 omnibus
2461 3713 2778 3782 conspicuus
2802 3712 2922 3780 fuit,
2951 3724 3011 3769 ut
3038 3715 3253 3771 easdem
3280 3729 3414 3786 quas
3437 3715 3524 3770 ille
3549 3729 3778 3771 coronas

2185 3818 2531 3875 assequamur
2560 3822 2574 3859 :
2606 3806 2796 3875 quibus
2826 3810 3023 3861 utinam
3054 3822 3242 3863 omnes
3276 3809 3576 3877 potiamur,
3605 3808 3780 3878 gratia

2185 3906 2239 3952 et
2284 3898 2608 3967 benignitate
2654 3899 2858 3953 Domini
2905 3900 3071 3955 nostri
3109 3900 3234 3956 Jesu
3276 3899 3514 3966 Christi,
3559 3900 3776 3970 quicum

2185 3989 2328 4045 Patri
2353 3991 2519 4060 gloria
2547 3998 2605 4046 et
2628 3991 2786 4046 simul
2813 3991 3032 4062 Spiritui
3059 4003 3262 4060 saneto,
3292 4010 3432 4049 nunc
3459 4002 3514 4050 et
3538 4008 3774 4064 semper,

2183 4092 2236 4138 et
2271 4085 2322 4137 in
2353 4083 2546 4138 saecula
2577 4085 2911 4140 saeculorum.
2940 4087 3128 4140 Amen.

490 4413 3760 4451 -——————_____________________________________

1715 4558 2058 4622 HOMILIA
2107 4563 2178 4623 L.
2212 4562 2296 4624 al.
2331 4561 2431 4621 LI.

488 4710 612 4766 CAP.
654 4713 740 4767 η.
790 4730 841 4766 v.
883 4715 972 4771 25.
1009 4715 1080 4770 Et
1117 4719 1326 4775 dimissa
1367 4722 1531 4788 turba,
1566 4725 1789 4779 ascendit
1827 4727 1879 4779 in
1928 4745 2072 4783 mon-

558 4813 652 4854 tem
683 4806 818 4859 solus
845 4823 1008 4861 orare.
1044 4807 1261 4881 Vespere
1288 4822 1456 4867 autem
1486 4817 1641 4884 facta,
1674 4817 1813 4872 solus
1845 4829 1953 4872 erat
1979 4819 2068 4876 ibi.

554 4892 643 4947 24.
681 4893 933 4951 Navicuta
961 4910 1129 4954 autem
1165 4903 1282 4970 jam
1320 4903 1374 4957 in
1418 4906 1582 4959 medio
1611 4907 1742 4960 mari
1779 4909 2070 4978 jactabatur

553 4986 791 5054 ﬂuctibus
821 5003 840 5041 :
868 4999 976 5042 erat
1007 4991 1136 5044 enim
1157 4996 1439 5050 contrarius
1468 5007 1658 5052 ventus.

556 5080 605 5130 1.
641 5076 877 5134 δοιὶιαᾶο
904 5083 1283 5152 tranquillitatis
1323 5098 1498 5142 mater.
1529 5120 1599 5131 —
1618 5091 1726 5146 Cur
1751 5094 1802 5147 in
1830 5103 2065 5150 montem

485 5170 756 5224 ascendit?
798 5172 867 5227 Ut
895 5189 989 5228 nos
1017 5174 1226 5243 doceat,
1262 5181 1598 5236 commodum
1627 5198 1746 5239 esse
1771 5185 2062 5252 desertum,

486 5261 816 5315 commodam
845 5263 1207 5332 solitudinem,
1240 5282 1358 5322 cum
1391 5270 1496 5323 Deo
1524 5274 1923 5343 supplicandum
1963 5287 2063 5332 est.

485 5349 607 5404 ideo
632 5366 772 5421 saepe
800 5353 1010 5409 deserta
1057 5359 1206 5424 petit,
1254 5359 1428 5429 ibique
1470 5374 1741 5430 pernoctat
1783 5381 1962 5436 orans,
2011 5381 2067 5425 ut

485 5456 583 5503 nos
608 5454 842 5507 moneat,
875 5453 928 5498 et
969 5455 1175 5517 tempus
1214 5459 1265 5503 et
1304 5451 1474 5505 locum
1517 5453 1582 5507 ad
1624 5459 1900 5527 tranquille
1942 5477 2064 5529 pre-

484 5531 708 5589 caudum
730 5550 1082 5605 opportunum
1110 5555 1228 5596 esse
1257 5544 1624 5612 quaerendum.
1657 5548 1896 5605 Solitudo
1921 5553 2064 5606 enim

482 5626 874 5695 tranquillitatis
913 5641 1084 5685 mater
1113 5642 1215 5699 est,
1247 5636 1549 5704 quietisque
1585 5648 1785 5706 portus,
1815 5642 1882 5694 ab
1918 5643 2062 5697 omni

484 5731 579 5772 nos
609 5718 834 5772 tumultu
859 5719 1107 5778 liberans.
1141 5721 1230 5777 Ille
1261 5724 1472 5794 quidem
1518 5726 1599 5779 his
1632 5727 1699 5782 de
1738 5733 1911 5785 causis
1941 5732 2065 5787 illuc

484 5814 718 5864 stendit
749 5829 761 5863 :
793 5811 1034 5882 discipuli
1079 5830 1204 5871 vero
1246 5832 1454 5873 rursum
1494 5817 1739 5876 ﬂuctibus
1775 5823 2057 5893 agitantur,

2175 4737 2232 4783 et
2257 4736 2572 4794 tempestate
2610 4737 2668 4781 tit
2699 4738 2822 4784 ante
2859 4729 3148 4799 jactantur.
3197 4730 3302 4787 Sed
3348 4741 3474 4788 tunc
3520 4735 3670 4791 illum
3714 4736 3770 4791 in

2173 4822 2413 4875 navicula
2449 4821 2704 4878 habentes
2731 4823 2845 4878 haec
2877 4825 3241 4894 patiebantur;
3285 4841 3425 4881 nunc
3451 4840 3627 4885 autem
3668 4833 3768 4888 soli

2174 4923 2298 4965 sunt
2325 4921 2378 4965 et
2402 4915 2625 4967 seorsim
2656 4914 2832 4982 positi.
2881 4915 3088 4970 Etenim
3124 4916 3242 4970 illos
3283 4917 3537 4987 pauistlm
3577 4931 3630 4976 et
3672 4937 3769 4993 per

2170 5007 2366 5076 gradus
2418 5007 2482 5059 ad
2524 5007 2721 5076 majora
2768 5008 2984 5070 inducit,
3016 5018 3074 5062 ut
3101 5011 3278 5063 omnia
3324 5010 3531 5066 fortiter
3571 5013 3762 5070 ferant.

2174 5099 2392 5161 Idcirco,
2423 5113 2542 5152 cum
2589 5100 2930 5167 periclitaturi
2963 5101 3192 5169 primum
3230 5114 3403 5168 erant,
3432 5104 3617 5159 aderat
3642 5108 3764 5175 qui-

2170 5189 2314 5254 dem,
2345 5189 2437 5243 sed
2460 5189 2777 5256 dormiebat,
2812 5202 2868 5244 ut
2889 5202 3084 5262 praesto
3104 5206 3246 5249 esset
3264 5194 3328 5248 ad
3350 5196 3604 5252 auxilium
3628 5213 3765 5267 prte-

2170 5280 2416 5333 standum
2455 5298 2466 5333 :
2500 5295 2639 5334 nunc
2668 5296 2796 5335 vero
2825 5292 2882 5335 ut
2925 5283 3112 5351 majori
3156 5285 3274 5338 illos
3317 5286 3570 5355 patientia
3602 5303 3764 5342 exer-

2169 5380 2306 5436 ceat,
2360 5386 2464 5426 non
2513 5371 2564 5424 id
2621 5371 2777 5439 facit,
2828 5374 2920 5428 sed
2959 5359 3152 5437 abest,
3213 5387 3265 5430 et
3307 5377 3356 5430 in
3408 5378 3593 5433 medio-
3624 5380 3759 5434 mari

2170 5463 2427 5528 permittit
2452 5471 2821 5531 tempestatem
2855 5466 3096 5530 excitari,
3128 5467 3346 5521 utnulla
3382 5468 3491 5523 fere
3522 5485 3644 5538 spes
3668 5485 3761 5524 sa-

2170 5552 2292 5607 lutis
2319 5563 2644 5622 superesset,
2680 5563 2733 5608 et
2761 5565 2864 5609 tota
2895 5567 3052 5612 nocte
3084 5558 3205 5611 sinit
3246 5574 3339 5614 eos
3363 5559 3620 5614 ﬂuetibus
3649 5564 3762 5630 agi-

2169 5645 2288 5709 tari,
2325 5655 2383 5698 ut
2408 5659 2614 5711 eorum,
2646 5655 2793 5713 puto,
2828 5657 3150 5702 excaecatum
3191 5663 3285 5702 cor
3322 5650 3584 5704 incitaret.
3613 5650 3759 5706 Talis

2167 5736 2360 5804 quippe
2383 5750 2470 5791 res
2491 5744 2572 5790 est
2603 5737 2783 5804 timor,
2812 5753 2970 5808 quem
2999 5750 3052 5794 et
3080 5748 3365 5809 tempestas
3394 5745 3456 5796 et
3487 5757 3588 5795 nox
3622 5741 3760 5797 infc—

2166 5826 2372 5881 rebaut.
2395 5826 2528 5882 Cum
2571 5831 2977 5898 compnnctione
3013 5842 3189 5886 autem
3233 5832 3314 5886 illa
3362 5833 3441 5886 sui
3487 5830 3761 5887 desiderio
