4046 6422
206 408 320 466 επις

203 527 380 596 magis
412 524 538 582 illos
563 525 933 594 inflammavit,
967 535 1036 582 uti
1057 529 1136 582 sui
1165 541 1478 598 perpetuam
1507 528 1824 582 memoriam

201 620 526 674 retinerent.
556 620 682 675 Ideo
709 637 813 675 non
850 625 1029 676 statim
1063 623 1167 675 illis
1195 622 1365 676 adfuit
1395 641 1406 676 :
1443 638 1566 676 natn
1596 622 1672 676 ait
1696 639 1708 675 :
1731 619 1824 676 25.

205 710 410 778 Quarta
459 713 690 767 custodia
733 715 896 768 noctis
939 717 1072 768 venit
1116 715 1184 768 ad
1221 732 1306 770 eos
1350 715 1622 769 ambulans
1667 731 1827 785 supra

198 821 386 870 mare;
417 815 473 859 ut
501 805 721 860 doceret
746 806 865 861 illos
897 821 964 861 ne
987 808 1249 862 malorum
1282 810 1443 862 finem
1477 808 1588 861 cito
1610 821 1824 877 quaere-

205 905 352 962 rcnt,
395 897 488 952 sed
531 914 652 968 quae
692 899 1012 955 accidebant
1061 900 1274 956 fortiter
1323 901 1544 956 ferrent.
1596 901 1826 969 Quando

199 990 370 1060 igitur
397 991 784 1060 exspectabant
822 1009 882 1048 se
933 995 1241 1050 liberandos
1280 1011 1422 1060 esse,
1458 1007 1569 1049 ttuu
1608 1006 1822 1050 auctum

199 1093 292 1137 cst
321 1085 616 1152 periculum
642 1094 698 1141 et
731 1087 894 1141 timor
919 1089 1130 1156 major:
1162 1105 1287 1142 nam
1320 1089 1491 1159 inquit
1522 1090 1648 1143 :‘26.
1696 1089 1824 1143 Cum

196 1176 434 1230 riderent
460 1178 840 1250 eunt-discipuli
865 1181 1213 1234 ambulantem
1255 1199 1414 1252 supra
1446 1199 1606 1244 mare,
1636 1183 1824 1236 turbati

194 1276 343 1330 sunt,
377 1268 600 1322 dicentes
626 1273 930 1338 phantasma
969 1289 1098 1339 esse,
1132 1283 1178 1326 et
1205 1289 1314 1343 pra:
1352 1274 1537 1327 timore
1570 1274 1824 1328 clamave-
1858 1323 1862 1327 .

195 1369 347 1414 rant.
379 1361 605 1431 Semper
629 1364 773 1419 enim
814 1363 916 1420 hoc
958 1365 1083 1421 facit
1115 1383 1128 1420 :
1159 1382 1280 1423 cum
1304 1383 1577 1423 mrumnas
1617 1368 1823 1425 solutu-

197 1469 300 1508 rus
331 1463 434 1520 rst,
467 1457 600 1511 alias
627 1458 906 1527 graviores
948 1460 1113 1516 infert
1157 1475 1210 1517 et
1251 1463 1604 1519 terribiliores
1633 1481 1646 1517 :
1676 1465 1820 1535 quod

195 1547 370 1601 etiam
406 1557 530 1602 tunc
570 1550 816 1620 contigit.
861 1552 993 1607 Nam
1034 1563 1090 1608 et
1135 1564 1450 1624 tempestas,
1500 1572 1600 1612 nec
1644 1559 1822 1613 minus

196 1638 383 1692 visum
414 1641 560 1703 illud,
597 1641 742 1710 ipsos
770 1644 1024 1711 turbavit,
1059 1645 1184 1701 ideo
1225 1662 1400 1718 neque
1428 1651 1680 1705 tenebras
1708 1650 1819 1704 sol-

197 1733 299 1799 vit,
335 1751 509 1804 neque
535 1736 772 1805 seipsum
813 1741 993 1792 statim
1016 1740 1272 1808 ostendit,
1302 1756 1565 1798 exercens
1594 1743 1734 1800 illos.
1765 1753 1823 1797 ut

193 1825 335 1890 dixi,
365 1842 461 1896 per
487 1837 753 1884 terrorum
791 1831 1265 1901 assiduitatem,iet
1295 1837 1498 1891 ducens
1525 1847 1581 1891 ut
1615 1839 1824 1907 patien—

197 1928 283 1971 tes
307 1926 510 1973 essent.
537 1919 649 1976 lloc
671 1931 726 1976 et
757 1923 809 1976 in
835 1922 975 1979 Jobo
1007 1925 1168 1990 fecit;
1198 1942 1320 1982 cum
1359 1930 1502 1983 enim
1537 1941 1738 1986 metmn
1766 1943 1819 1987 et

195 2011 556 2066 tentationem
589 2015 861 2070 soluturus
888 2026 1023 2084 erat,
1063 2028 1190 2074 tunc:
1240 2020 1399 2074 finem
1430 2022 1671 2090 permisit
1697 2038 1820 2080 esse

193 2101 503 2170 graviorem
530 2119 545 2168 ;
587 2121 693 2159 non
740 2123 805 2161 ex
834 2118 1009 2164 morte
1038 2109 1293 2177 filiorum,
1325 2129 1500 2183 neque
1530 2130 1595 2169 ex
1633 2117 1822 2172 uxoris

193 2191 379 2254 dictis,
424 2193 519 2248 sed
550 2209 615 2250 ex
643 2199 950 2268 opprobriis
990 2217 1275 2260 servorum
1316 2215 1373 2262 et
1405 2209 1723 2264 amicorum.
1753 2211 1824 2266 Et

192 2297 321 2337 eum
352 2283 614 2342 Jacobum
647 2288 697 2342 in
737 2293 1016 2363 peregrina
1044 2301 1192 2352 terra
1219 2312 1249 2352 a
1287 2299 1818 2370 miseriaerepturus

191 2387 337 2444 erat,
371 2383 630 2452 exagitari
663 2385 813 2439 illum
846 2399 902 2442 et
927 2389 1188 2457 majorem
1214 2395 1420 2461 perpeti
1455 2393 1580 2448 sivit
1609 2405 1819 2465 pertur-

193 2471 493 2528 bationem.
545 2475 678 2531 Nam
735 2494 892 2534 socer
951 2481 1068 2551 ejus
1117 2484 1515 2552 apprehensum
1570 2489 1819 2546 occidere

197 2563 528 2633 minabatur,
557 2578 612 2623 et
657 2582 776 2640 post
817 2572 964 2627 illum
1014 2573 1182 2631 frater
1211 2579 1508 2648 excipiens,
1541 2581 1592 2634 in
1632 2594 1815 2638 estre-

194 2671 349 2711 mttm
377 2659 675 2728 periculum
701 2664 949 2734 conjecit.
977 2665 1110 2733 Quia
1133 2670 1277 2724 enim
1307 2687 1413 2725 non
1446 2675 1817 2743 possuntjusti

193 2748 456 2804 diuturno
484 2761 727 2824 tempore
753 2759 1108 2816 vehementer
1139 2765 1357 2832 tentari,
1386 2781 1506 2821 cum
1539 2785 1602 2823 ex
1645 2780 1820 2826 certa-

196 2844 349 2898 mine
377 2847 588 2901 evasuri
614 2859 762 2917 sunt,
804 2862 861 2906 ut
889 2853 1062 2923 majus
1093 2855 1302 2910 lucrum
1335 2870 1635 2929 reportent,
1664 2879 1820 2919 exer-

193 2937 484 2993 citationes
510 2951 690 3012 auget.
740 2944 797 2998 ld
843 2947 1006 3002 etiam
1039 2949 1092 3003 in
1120 2950 1432 3008 Abrahamo
1478 2955 1622 3023 fecit,
1664 2960 1818 3028 cujus

197 3040 534 3098 postremum
571 3042 850 3092 certamen
904 3039 1267 3098 immolandus
1318 3044 1460 3102 filius
1508 3058 1626 3103 erat
1660 3047 1814 3120 (Gen.

194 3121 286 3176 22.
317 3124 392 3192 l).
422 3123 574 3180 Tunc
600 3128 744 3182 enim
775 3129 1131 3188 intolerabilia
1154 3135 1373 3192 tolerari
1399 3149 1671 3209 poti-runt,
1693 3159 1815 3198 cum

196 3215 252 3270 in
275 3215 479 3287 januis,
521 3230 579 3274 ut
626 3221 696 3275 ita
728 3222 925 3292 dicam,
960 3226 1286 3295 inferuntur,
1333 3242 1387 3287 et
1423 3234 1531 3302 jam
1565 3239 1813 3304 proxima

194 3319 280 3364 est
310 3309 581 3367 liberatio.
615 3313 726 3370 Hoc
749 3326 805 3370 et
834 3324 960 3374 tunc
986 3320 1132 3389 fecit,
1167 3339 1267 3379 nec
1294 3326 1444 3395 prius
1473 3326 1722 3385 Christus
1755 3349 1814 3388 se

195 3403 329 3472 ipsis
368 3409 802 3476 cognoscendum
858 3413 1126 3483 przebuit,
1186 3417 1364 3476 donec
1419 3419 1810 3482 clainaverunt.

190 3495 408 3564 Quanto
429 3500 574 3554 enim
608 3503 781 3572 major
809 3517 925 3560 erat
957 3509 1263 3580 trepidatio,
1292 3522 1442 3570 tanto
1470 3519 1675 3587 gratior
1695 3521 1814 3589 ejus

192 3594 485 3660 praesentia
535 3594 820 3652 videbatur
867 3600 1018 3670 ipsis.
1070 3604 1202 3658 Cum
1257 3608 1402 3662 enim
1452 3611 1810 3680 clamassent,

190 3685 270 3737 ait
301 3701 315 3737 :
343 3685 433 3739 27.
461 3686 647 3742 Statim
676 3691 913 3764 loquutus
948 3707 1020 3750 est
1049 3699 1152 3754 illis
1189 3701 1344 3756 Jesus
1387 3704 1559 3761 dicens
1586 3725 1606 3762 :
1633 3710 1812 3780 Conﬁ-

190 3778 320 3846 dite,
351 3797 442 3851 ego
471 3799 606 3851 sum,
637 3786 793 3841 nolite
823 3790 1015 3846 timere.
1050 3792 1162 3848 [loc
1191 3795 1392 3852 dictmn
1432 3801 1679 3858 timorem
1720 3778 1814 3860 ex-

191 3871 384 3936 cussit,
419 3881 474 3927 et
500 3874 749 3932 fiduciam
784 3879 991 3936 indidit.
1024 3885 1158 3951 Quia
1195 3890 1339 3944 enim
1383 3891 1556 3960 ipsum
1594 3903 1721 3952 tunc
1744 3898 1812 3954 de

191 3965 326 4019 facie
353 3981 460 4020 non
488 3978 770 4037 noverant,
804 3983 858 4028 et
882 3975 954 4029 ob
975 3976 1271 4037 inauditum
1291 3985 1598 4043 ambulandi
1617 4005 1806 4060 genus,

188 4065 246 4110 ct
277 4055 348 4109 ob
376 4059 548 4114 noctis
582 4071 809 4133 tempus,
861 4082 890 4120 a
936 4084 1068 4125 voce
1107 4087 1167 4127 se
1209 4079 1539 4134 noscendum
1580 4084 1806 4151 prtebt-t.

188 4145 330 4212 Quid
373 4149 532 4219 igitur
574 4153 782 4220 Petrus,
841 4173 1056 4230 semper
1110 4163 1379 4235 fervidus,
1426 4145 1644 4243 semper
1682 4187 1809 4234 ante

189 4239 326 4293 alios
355 4244 695 4311 prmsiliens?
725 4249 816 4304 28.
848 4249 1088 4322 Domine,
1137 4259 1183 4312 si
1227 4270 1282 4313 tu
1328 4280 1401 4326 es,
1448 4265 1639 4336 inquit,
1680 4271 1810 4341 jnbe

189 4349 271 4386 me
299 4335 467 4389 venire
509 4339 579 4391 ad
603 4348 651 4393 te
690 4357 843 4412 super
872 4362 1051 4411 aquas.
1094 4349 1210 4404 Non
1251 4353 1387 4410 dixit
1416 4375 1428 4409 :
1460 4335 1564 4414 ora
1596 4372 1648 4416 ct
1680 4335 1813 4434 pre-

187 4439 337 4492 care,
367 4427 464 4482 sed
493 4428 645 4485 lube.
677 4432 866 4490 Viden‘
891 4451 1127 4508 quantus
1157 4443 1372 4502 fervor?
1399 4463 1597 4522 quanta
1635 4427 1809 4514 fides?

185 4517 522 4590 Quamquam
563 4522 689 4581 hinc
731 4543 876 4598 smpe
913 4535 1328 4606 periclitaretur,
1373 4517 1516 4613 quod
1549 4517 1683 4606 ultra
1732 4557 1810 4606 vi-

187 4609 328 4664 tium
363 4628 668 4671 mensuram
697 4635 983 4690 qumreret.
1026 4628 1159 4685 Nam
1211 4632 1298 4689 hic
1344 4653 1457 4693 rem
1513 4645 1804 4703 maximam

186 4706 514 4774 postulabat,
554 4711 625 4766 ob
667 4716 945 4774 caritatem
987 4724 1184 4794 solum,
1235 4745 1340 4784 non
1385 4735 1452 4788 ad
1484 4741 1800 4797 ostentatio-

185 4809 331 4851 nem.
355 4797 471 4853 Non
500 4803 641 4858 enim
666 4805 819 4872 dixit,
850 4809 988 4868 Jube
1011 4831 1097 4871 me
1113 4819 1390 4877 ambulare
1415 4841 1581 4896 super
1598 4846 1802 4903 aquas;

182 4891 280 4945 sed
305 4893 473 4962 quid?
496 4896 633 4952 lube
673 4917 753 4956 me
784 4907 952 4961 venire
975 4910 1044 4962 ad
1083 4920 1148 4964 te.
1183 4912 1355 4973 Nemo
1383 4891 1584 4994 quippe
1616 4891 1685 4981 ita
1715 4891 1806 4984 le:-

183 4999 303 5040 sum
333 4987 567 5045 amabat.
607 4991 736 5048 Illud
768 4998 928 5054 etiam
983 5013 1105 5073 post
1153 5015 1607 5073 resurrectionem
1649 5019 1795 5078 fecit.

181 5077 368 5150 Neque
410 5085 554 5138 enim
587 5091 844 5148 sustinuit
883 5111 1008 5152 cum
1052 5101 1175 5158 aliis
1206 5109 1412 5176 venire,
1459 5113 1553 5168 sed
1596 5133 1803 5186 praecu-

180 5172 374 5228 currit.
406 5175 515 5231 Nec
538 5181 701 5237 modo
739 5189 961 5257 amoris,
995 5195 1090 5249 sed
1122 5197 1284 5253 etiam
1319 5202 1441 5260 fidei
1486 5224 1599 5265 sua:
1638 5229 1799 5285 argu-

182 5277 361 5376 mepta
401 5271 627 5339 prtebet.
673 5276 854 5350 Neque
902 5285 1078 5341 solum
1132 5291 1360 5350 credidit
1411 5314 1571 5369 posse
1621 5271 1797 5376 ipsum

179 5357 454 5416 stabulare
482 5379 642 5436 supra
678 5387 844 5437 mare,
878 5378 975 5432 sed
1003 5383 1163 5438 etiam
1196 5389 1316 5444 aliis
1355 5406 1541 5460 parem
1573 5399 1799 5458 faculta—

180 5455 287 5504 lem
339 5452 471 5511 dare
517 5476 532 5510 :

179 5540 270 5598 ΞΕ).
303 5543 425 5614 Ipse
467 5562 635 5606 autent
682 5558 814 5613 dixit
839 5578 858 5615 :
897 5562 1042 5621 Veni.
1092 5570 1157 5625 Et
1187 5540 1304 5630 cum
1357 5540 1798 5648 elinguem";

180 5638 414 5694 navicula
461 5641 669 5715 Petrus,
712 5653 1008 5714 ambulabat
1036 5680 1193 5734 super
1233 5688 1412 5740 aquas,
1464 5689 1512 5731 et
1554 5685 1687 5738 venit
1726 5690 1796 5742 ad

179 5725 375 5786 Jesum.
413 5736 501 5792 30.
534 5738 634 5794 Ubi
675 5746 798 5800 vidit
843 5763 1011 5807 autem
1050 5771 1252 5815 ventum
1293 5768 1541 5841 validum,
1580 5778 1794 5838 timuit:

179 5835 359 5882 etcum
387 5834 616 5900 cepisset
647 5844 825 5910 mergi,
873 5847 1112 5908 clamavit
1160 5859 1350 5928 dicens,
1405 5867 1640 5938 Domine,

1307 411 1378 468 tat
1422 402 1839 466 narrum»!
1882 399 2120 462 llOMlL.
2166 409 2226 465 1..
2269 414 2341 469 al.
2387 413 2472 473 ιι.

3467 429 3571 486 506

1941 527 2280 594 apprehendit
2307 548 2445 596 eum,
2473 542 2526 603 et
2550 534 2676 590 dicit
2703 537 2750 590 ei
2773 555 2791 592 :
2822 538 3047 595 Modica:
3085 544 3228 611 fidei,
3271 562 3430 614 quare
3457 550 3572 603 clu—

1939 620 2111 675 bitasti
2134 623 2161 675 .7
2186 623 2300 679 llec
2327 627 2510 696 priore
2535 629 2840 688 mirabilius
2858 642 2959 689 est.
2993 635 3118 691 ideo
3158 651 3278 708 post
3316 642 3449 698 illud
3475 659 3570 698 ac-

1938 715 2087 770 cidit.
2119 717 2251 772 Cum
2292 722 2438 776 enim
2469 725 2800 782 ostendisset
2843 745 2904 785 se
2946 733 3082 788 mari
3115 735 3406 806 imperare,
3442 749 3570 796 tunc

1938 812 2148 882 signum
2176 816 2475 872 mirabilius
2505 820 2705 877 effecit.
2730 822 2886 879 Tunc
2907 828 3053 882 enim
3083 831 3260 884 ventis
3285 831 3571 902 imperavit

1940 915 2185 974 tantum;
2217 926 2360 967 nunc
2405 924 2586 970 autem
2617 924 2673 971 et
2702 917 2816 987 ipse
2851 921 3113 987 ambulat,
3147 934 3200 980 et
3245 926 3409 981 alimn
3444 946 3569 1000 per-

1937 1001 2100 1056 mittit
2125 1004 2406 1062 ambulare
2440 1026 2454 1061 :
2484 1010 2629 1078 quod
2659 1012 2702 1066 si
2730 1013 2879 1069 initio
2899 1014 3175 1084 jussisset,
3208 1036 3316 1074 non
3342 1023 3423 1077 sic
3447 1040 3565 1078 eaut

1936 1108 2050 1148 rem
2080 1098 2409 1167 suscepisset
2437 1100 2652 1168 Petrus,
2685 1105 2808 1173 quia
2839 1108 3080 1164 nondum
3129 1121 3276 1167 tanta
3307 1114 3565 1184 praeditus

1934 1197 2049 1241 erat
2080 1187 2204 1244 fide.

2005 1285 2061 1340 2.
2091 1287 2202 1341 Cur
2227 1303 2361 1360 ergo
2389 1290 2638 1348 Christus
2668 1294 2719 1349 id
2752 1299 3039 1364 permisit?
3077 1300 3211 1369 Quia
3241 1303 3285 1358 si
3314 1303 3562 1366 dixisset.

1932 1376 2050 1433 Non
2080 1388 2257 1449 putes,
2293 1383 2403 1450 ille,
2432 1386 2522 1454 qui
2553 1385 2768 1443 fervens
2785 1400 2922 1457 erat,
2947 1395 3385 1452 contradixisset.
3414 1399 3565 1454 Ideo-

1933 1488 2039 1541 que
2065 1488 2132 1527 ex
2163 1474 2276 1543 ipsa
2309 1492 2369 1532 re
2412 1477 2564 1534 illum
2597 1481 2649 1536 id
2692 1497 3010 1552 persuasum
3053 1488 3258 1547 habere
3285 1493 3477 1558 voluit,
3507 1504 3567 1550 ut

1933 1565 1987 1619 in
2030 1563 2214 1620 futuro
2255 1568 2556 1626 modestior
2580 1583 2742 1629 esset.
2788 1575 2895 1632 Sed
2940 1594 3117 1651 neque
3163 1583 3244 1637 sic
3291 1599 3352 1640 se
3384 1596 3566 1656 potest

1931 1661 2232 1718 continere.
2265 1661 2400 1719 Cum
2448 1667 2819 1726 descendisset
2861 1674 3042 1743 igitur,
3087 1678 3336 1735 fluctibus
3379 1683 3560 1753 exagi-

1933 1753 2146 1810 tabatur
2174 1774 2188 1810 :
2220 1758 2446 1815 timebat
2469 1763 2637 1818 enim.
2681 1762 2752 1820 Ut
2791 1768 3176 1838 exagitaretur.
3212 1771 3407 1829 fluctus
3433 1775 3564 1831 effe-

1930 1846 2030 1910 cit;
2064 1858 2122 1902 ut
2151 1848 2385 1918 timeret,
2433 1864 2647 1911 ventus.
2686 1857 2927 1915 Joannes
2972 1859 3124 1935 (Cap.
3155 1863 3209 1919 6.
3234 1865 3329 1937 Si)
3379 1877 3560 1924 autem

1930 1943 2023 2006 ait,
2050 1942 2283 1998 voluisse
2305 1961 2400 2000 eos
2423 1948 2595 2019 ipsum
2627 1951 2679 2005 in
2715 1953 3018 2010 naviculam
3045 1959 3313 2030 accipere,
3345 1971 3400 2018 ct
3429 1977 3564 2017 eon-

1929 2032 2107 2089 fcstitn
2148 2037 2455 2094 naviculam
2483 2043 2698 2100 venisse
2723 2047 2790 2102 ad
2825 2058 3047 2117 terram,
3077 2052 3142 2107 ad
3174 2070 3335 2124 quam
3373 2057 3562 2113 tende-

1931 2126 2095 2193 bant;
2149 2131 2381 2200 idipsum
2431 2136 2766 2207 significans,
2802 2143 2871 2196 ita
2910 2155 2966 2198 ut
2993 2161 3116 2201 cum
3145 2150 3211 2201 ad
3243 2160 3443 2207 terram
3467 2169 3563 2222 ap-

1929 2219 2134 2288 pulsuri
2171 2235 2376 2292 essent,
2412 2227 2462 2281 in
2505 2233 2776 2302 navigium
2801 2237 3140 2294 ascenderet.
3168 2239 3301 2295 Gum
3333 2244 3562 2299 descen-

1927 2312 2136 2370 disscnt
2163 2331 2293 2388 ergo
2319 2319 2387 2375 de
2416 2323 2560 2392 navi,
2596 2326 2662 2380 ad
2692 2328 2868 2397 ipsum
2899 2329 3028 2397 ibat,
3062 2349 3172 2388 non
3194 2336 3272 2389 ita
3316 2342 3560 2408 gaudens

1927 2408 2071 2476 quod
2123 2424 2285 2481 supra
2328 2430 2498 2486 aquas
2542 2419 2865 2488 ambularet,
2896 2439 3060 2494 quam
3090 2430 3234 2496 quod
3264 2431 3329 2484 ad
3383 2433 3559 2503 ipsum

1929 2503 2136 2557 veniret
2174 2522 2187 2558 :
2217 2515 2418 2563 etcum
2451 2509 2502 2564 id
2534 2513 2677 2581 quod
2708 2515 2884 2586 majus
2906 2527 3025 2573 erat
3052 2535 3458 2593 assequeretur,
3491 2545 3562 2585 cx-

1929 2595 2124 2652 minori
2157 2600 2561 2668 periclitaturus
2603 2619 2742 2673 erat,
2783 2625 2813 2663 a
2848 2613 2991 2666 venti
3033 2614 3157 2670 dico
3190 2616 3415 2687 impetu,
3450 2639 3554 2676 twn

1927 2703 1958 2743 a
1990 2692 2144 2745 mari.
2179 2692 2322 2748 Talis
2349 2697 2548 2768 quippe
2580 2711 2665 2755 est
2704 2701 2936 2759 luuuana
2976 2718 3166 2764 natura
3199 2728 3211 2763 :
3247 2728 3393 2783 saepe
3433 2730 3554 2769 cum

1929 2799 2120 2854 magna
2150 2791 2442 2856 superavit,
2471 2808 2500 2845 a
2526 2795 2828 2850 minoribus
2859 2801 3112 2857 vincitur.

2007 2877 2189 2934 Petrus
2217 2898 2318 2936 non
2351 2886 2449 2938 nisi
2475 2887 2742 2956 deﬁciente
2781 2894 2884 2957 ﬁde
2918 2912 3069 2964 super
3097 2917 3258 2967 aquas
3289 2903 3545 2958 titubavit.

1929 2969 2162 3027 Christus
2210 2976 2502 3032 divinitatis
2539 2999 2648 3036 sua:
2693 2986 2850 3053 ﬁdem
2893 2990 3191 3046 adstruebat
3239 2997 3429 3050 nedum
3468 3001 3552 3052 (ιε.

1927 3071 2164 3121 strueret.
2211 3065 2280 3120 In
2306 3067 2637 3127 Eucliaristia
2664 3076 2831 3146 ipsum
2877 3080 3071 3136 Christi
3098 3101 3285 3155 corpus
3325 3091 3550 3144 comedi-

1926 3166 2026 3211 tur.
2046 3189 2118 3199 —
2134 3161 2287 3228 Quod
2310 3165 2470 3219 etiam
2492 3159 2639 3223 Elias
2657 3171 2758 3226 sub
2779 3173 3030 3230 Jezabele
3057 3194 3251 3249 passus
3275 3193 3376 3243 est.
3408 3186 3550 3254 quod

1927 3252 2140 3326 Moyses
2160 3257 2227 3312 ab
2248 3258 2528 3332 Egyptio,
2555 3263 2725 3320 David
2754 3284 2781 3323 a
2808 3268 3099 3329 Bersabee.
3130 3273 3202 3330 lta
3225 3287 3278 3332 et
3313 3252 3505 3334 Petrus
3537 3300 3552 3335 :

1926 3346 2159 3404 instante
2194 3352 2373 3409 adhuc
2414 3367 2623 3415 terrore
2661 3377 2829 3432 super
2855 3381 3027 3436 aquas
3064 3370 3351 3429 ambulare
3389 3390 3552 3432 ausus

1925 3453 2028 3510 est,
2061 3446 2154 3500 sed
2195 3460 2383 3504 contra
2429 3457 2576 3509 venti
2617 3457 2880 3526 impetum
2926 3474 3073 3522 stare
3114 3484 3223 3524 non
3271 3474 3465 3543 potuit,
3501 3486 3551 3529 et

1925 3535 2026 3593 hoc
2073 3556 2194 3594 cmn
2234 3559 2402 3615 prope
2443 3546 2720 3607 Christum
2763 3565 2928 3612 esset.
2973 3559 3047 3613 Ita
3092 3562 3226 3619 uilul
3251 3564 3406 3635 juvat
3431 3585 3552 3626 esse

1923 3646 2091 3701 prope
2117 3634 2415 3706 Christum,
2444 3642 2547 3698 nisi
2582 3645 2688 3701 fide
2719 3665 2884 3721 pr0pe
2911 3655 3008 3708 sis.
3041 3656 3154 3714 lluc
3183 3674 3349 3730 porro
3370 3681 3546 3734 quan-

1924 3734 2036 3779 tum
2059 3739 2203 3781 esset
2233 3729 2374 3785 inter
2401 3733 2716 3806 Magistrum
2756 3751 2811 3796 et
2837 3744 3163 3816 discipulum
3204 3729 3550 3814 intervallum

1921 3821 2176 3887 ostendit,
2206 3823 2434 3895 aliisque
2461 3832 2820 3890 consolationi
2853 3836 2969 3891 fuit.
3005 3841 3136 3896 Nam
3169 3845 3212 3899 si
3243 3846 3311 3901 de
3340 3847 3550 3908 duobus

1923 3913 2178 3972 fratribus
2222 3920 2344 3975 irati
2376 3934 2524 3992 sunt,
2567 3931 2738 3983 multo
2775 3936 2946 4004 magis
2984 3935 3072 3992 hic
3110 3940 3367 4012 indignati
3414 3946 3548 4001 fuisv

1920 4016 2088 4064 sent:
2127 4013 2368 4069 nondum
2413 4019 2557 4073 enim
2599 4022 2858 4092 Spiritum
2899 4040 3145 4088 sanctmn
3201 4051 3548 4109 acceperant.

1921 4097 2026 4156 Sed
2056 4114 2242 4172 postea
2283 4123 2388 4163 non
2424 4111 2562 4168 tales
2609 4115 2846 4174 fuerunt.
2895 4120 3107 4195 Ubique
3151 4130 3297 4185 enim
3336 4097 3548 4202 Iprimas

1921 4191 2082 4251 Petro
2097 4199 2420 4267 concedunt,
2451 4215 2506 4260 et
2535 4208 2600 4262 ad
2632 4214 2924 4271 conciones
2955 4217 3199 4286 publicas
3227 4222 3379 4279 illum
3404 4243 3548 4299 pra:-

1919 4285 2119 4357 ferunt,
2147 4297 2394 4362 quamvis
2418 4303 2628 4358 caeteris
2653 4306 2838 4361 rudior
2865 4310 3156 4370 videretur.
3185 4317 3290 4374 Sed
3320 4336 3416 4375 cur
3443 4340 3546 4380 non

1919 4381 2204 4451 imperavit
2236 4389 2410 4445 ventis
2458 4401 2516 4448 ut
2553 4399 2915 4470 quiescerent,
2965 4408 3059 4462 sed
3111 4424 3332 4468 extensa
3386 4434 3546 4475 manu

1917 4477 2274 4544 apprehendit
2327 4486 2492 4540 eum?
2522 4489 2657 4557 Quia
2697 4492 2803 4550 fide
2847 4497 3016 4567 ipsius
3060 4520 3198 4574 opus
3230 4520 3363 4563 crat.
3409 4511 3544 4568 Cum

1917 4569 2061 4623 enim
2090 4582 2274 4632 nostra
2308 4577 2582 4649 desinunt,
2609 4601 2726 4656 qua:
2759 4589 2852 4646 Dei
2886 4604 3014 4649 sunt
3053 4599 3213 4654 etiam
3258 4603 3541 4662 sistuntur.

1916 4661 2222 4723 Ostendens
2259 4670 2440 4741 igitur,
2475 4691 2581 4731 non
2623 4682 2766 4736 venti
2803 4685 3085 4755 impetmn,
3134 4692 3229 4747 sed
3273 4697 3542 4755 modicam

1915 4756 2036 4826 ejus
2062 4760 2222 4816 fidem
2265 4763 2442 4834 ipsum
2479 4774 2762 4840 evertisse,
2804 4778 2917 4833 ait:
2947 4781 3172 4839 Modica:
3200 4788 3342 4856 fidei,
3385 4809 3545 4864 quare

1915 4851 2204 4911 dubitasti?
2228 4857 2411 4932 Itaque
2439 4866 2541 4921 nisi
2568 4867 2703 4926 fides
2725 4871 2937 4928 inﬁrma
2971 4875 3184 4946 fuisset,
3219 4885 3381 4940 etiam
3396 4851 3543 4943 'con-

1915 4958 1997 5002 tra
2041 4961 2262 5009 ventum
2308 4956 2466 5015 facile
2519 4966 2778 5022 stetisset.
2825 4969 3166 5044 Quapropter
3214 4979 3306 5033 illo
3349 4999 3542 5053 appre-

1913 5039 2104 5109 henso,
2137 5059 2354 5103 ventum
2399 5052 2528 5110 ﬂare
2575 5059 2807 5125 sinebat,
2842 5066 3138 5124 ostendens
3181 5073 3337 5128 nibil‘
3363 5076 3538 5147 ipsum

1912 5134 2132 5204 laedere,
2167 5141 2211 5195 si
2252 5142 2385 5201 fides
2429 5149 2582 5206 firma
2628 5167 2796 5211 esset.
2845 5157 2918 5216 Et
2963 5162 3105 5218 sicut
3145 5134 3541 5236 pul‘lun*t,'ante

1911 5236 2122 5300 tempus
2172 5250 2204 5290 e
2260 5238 2386 5294 nido
2435 5258 2740 5315 egressum,
2792 5262 2850 5307 et
2887 5253 3112 5326 jamjam
3167 5261 3534 5333 delapsurmn,

1910 5333 2082 5381 mater
2109 5329 2212 5385 alis
2245 5343 2558 5395 sustentans
2596 5341 2647 5397 in
2688 5344 2874 5401 nidum
2907 5350 3137 5420 reducit,
3171 5355 3250 5411 sic
3289 5329 3344 5413 et
3383 5361 3545 5417 Chri-

1908 5426 2024 5473 stus
2063 5419 2208 5477 fecit.
2258 5426 2347 5480 52.
2383 5427 2589 5486 Etcum
2613 5439 2964 5495 ascendissent
2989 5444 3044 5498 in
3072 5448 3380 5513 naviculam,
3420 5465 3538 5508 tunc

1905 5515 2118 5568 cessavit
2169 5529 2365 5574 ventus.
2410 5523 2568 5582 Prius
2609 5531 2824 5598 quidem
2875 5535 3124 5596 dicebant
3169 5561 3180 5595 :
3229 5544 3411 5609 Qualis
3459 5562 3533 5604 est

1907 5603 1988 5657 hic
2014 5605 2187 5674 homo,
2222 5613 2343 5680 quia
2364 5630 2495 5672 venti
2517 5629 2720 5676 etmare
2740 5627 2982 5684 obediunt
3003 5633 3050 5686 ei
3072 5603 3289 5697 (Matth.
3319 5642 3370 5696 s.
3398 5643 3534 5712 27)?

1903 5698 2056 5756 Nunc
2078 5714 2256 5759 autem
2295 5725 2416 5764 non
2431 5715 2529 5768 sic.
2562 5716 2652 5771 53.
2693 5719 2827 5775 Nam
2870 5723 2972 5788 Qui
3001 5726 3061 5780 in-
3096 5732 3332 5787 navicula
3364 5747 3529 5803 erant,

1904 5793 2096 5864 inquit,
2139 5803 2392 5858 venientes
2423 5808 2785 5866 adoraverunt-
2813 5832 2929 5872 eum
2961 5821 3186 5879 dicentes
3217 5843 3234 5880 :
3274 5826 3400 5881 Vere
3435 5828 3529 5885 Fi-

1901 5888 2001 5943 lius
2025 5889 2126 5946 Dei
2154 5911 2228 5951 es.
2277 5897 2464 5954 Viden’
2499 5907 2770 5971 quomodo
2807 5913 3061 5979 paulatim
3100 5920 3166 5973 ad
3207 5921 3526 5984 sublimiora

1902 5995 2092 6041 omnes
2119 5987 2318 6045 ducat?
2358 5993 2660 6064 Natu-quia
2701 6001 2753 6059 in
2798 6009 2931 6064 mari
2960 6013 3275 6081 ambulavit,
3312 6029 3364 6075 et
3400 6024 3524 6088 quia
