4046 6428
590 383 689 436 507

1239 380 1295 435 S.
1334 377 1607 433 JOANNIS
1643 373 2112 431 CHRYSOSTOMI
2160 373 2472 431 ARCHIEP.
2514 374 3043 432 CONSTANTINOP.

3747 378 3854 433 508

589 494 747 547 alium
772 491 927 564 jussit
957 491 1006 545 id
1037 490 1228 557 facere,
1259 505 1321 546 ac
1343 490 1724 561 periclitantem
1759 488 2009 549 servavit,
2034 485 2156 540 hinc
2266 501 2453 542 carnes
2480 501 2606 542 suas
2624 487 2981 543 comedendas
3010 487 3175 553 dedit,
3205 487 3441 557 seipsum
3468 489 3719 558 apposuit
3747 491 3851 543 im-

592 586 722 640 ﬁdes
760 600 942 640 eorum
987 583 1275 637 admodum
1307 591 1458 636 aucta
1509 592 1608 636 est.
1646 581 1793 634 Tunc
1831 580 1974 634 enim
2013 592 2159 632 mare
2264 577 2537 631 molatnm.
2565 577 2694 642 Quae
2723 579 2879 647 igitur
2921 579 3072 634 nobis
3117 580 3389 634 excusatio
3433 579 3556 645 erit,
3597 595 3722 633 cum
3756 579 3852 632 tali

590 680 896 747 increpavit,
929 693 1069 732 nunc
1108 691 1212 730 non
1253 677 1509 746 increpat,
1545 675 1649 728 alio
1675 673 1966 741 majorique
1999 670 2157 725 modo
2262 670 2396 738 pasti
2423 670 2561 734 cibo,
2597 671 2771 723 taliter
2796 671 3119 738 peccemus?
3158 685 3277 725 cum
3315 685 3508 741 agnum
3550 670 3850 725 comeden-

587 770 872 839 potentiam
895 784 1048 824 suam
1076 767 1380 824 ostendens.
1421 766 1541 820 Ideo
1583 765 1868 819 dicebant:
1907 762 2033 816 Vere
2061 758 2154 814 Fi-

585 864 684 918 lias
712 861 809 917 Dei
835 879 906 917 es.
947 862 1080 931 Quid
1111 861 1312 932 igitur?
1349 877 1415 913 an
1457 858 1745 928 increpavit
1779 871 1874 911 eos
1917 855 2006 925 qui
2058 856 2155 907 hoc

583 953 857 1008 dicerent?
887 953 998 1007 lmo
1026 962 1208 1006 contra
1233 951 1450 1006 omnino
1480 964 1493 1000 :
1524 947 1626 1002 hoc
1650 948 1849 1002 dictum
1875 947 2033 1000 etiam
2061 944 2152 996 ﬁr-

583 1045 766 1109 mavit,
797 1060 916 1098 cmn
959 1043 1142 1113 majori
1175 1049 1434 1111 potestate
1472 1054 1666 1095 curans
1694 1051 1786 1092 eos
1813 1036 1901 1106 qui
1930 1033 2151 1088 accede-

583 1144 738 1201 rent,
767 1145 821 1187 et
872 1148 975 1187 non
1018 1143 1073 1186 ut
1122 1141 1296 1186 antea.
1331 1132 1422 1186 δι.
1475 1128 1539 1183 Et
1581 1145 1692 1181 cum
1730 1129 2148 1194 transfretassent,

584 1226 771 1296 inquit,
802 1233 1039 1279 venerunt
1071 1225 1122 1277 in
1153 1234 1337 1277 terram
1371 1221 1658 1276 Genesaret.
1694 1219 1782 1274 35.
1829 1215 1895 1270 Et
1921 1234 2036 1271 cum
2063 1233 2152 1270 co-

579 1320 863 1391 gnouissent
890 1335 1004 1372 eum
1041 1319 1131 1370 uiri
1161 1317 1260 1371 loci
1285 1317 1441 1378 illius,
1473 1314 1709 1367 miserunt
1738 1312 1792 1364 in
1817 1327 2012 1364 omnem
2053 1309 2154 1362 cir-

579 1428 696 1464 cum
728 1411 979 1481 regionem
1004 1409 1164 1473 illam,
1197 1418 1241 1461 et
1270 1407 1550 1460 obtulerunt
1586 1407 1632 1457 ei
1674 1419 1845 1457 onmes
1883 1401 2013 1454 male
2055 1401 2151 1452 Ita-

580 1505 766 1564 bentes,
799 1502 887 1558 58.
918 1513 964 1558 et
983 1500 1222 1573 rogabant
1242 1509 1293 1552 ut
1316 1505 1570 1567 tangerent
1598 1495 1847 1565 ﬁmbriam
1877 1493 2152 1546 vestimenti

581 1596 708 1664 ejus,
736 1604 782 1647 et
809 1603 1046 1665 quotquot
1085 1593 1366 1662 tetigerunt,
1394 1589 1520 1643 salvi
1553 1589 1672 1659 facti
1703 1597 1837 1641 sunt.
1869 1583 1981 1639 Non
2008 1583 2150 1638 enim

580 1696 637 1740 ut
661 1686 806 1755 prius
830 1687 999 1754 ipsum
1027 1685 1093 1738 ad
1117 1684 1305 1739 dumos
1335 1696 1458 1736 suas
1483 1679 1778 1742 trahebant,
1812 1691 1909 1732 nec
1941 1688 2150 1744 quaere-

579 1779 706 1831 bant
734 1787 790 1832 ut
809 1793 967 1832 manu
990 1785 1244 1847 tangeret,
1267 1790 1330 1831 ac
1344 1774 1516 1829 verbis
1545 1773 1866 1842 imperaret:
1895 1768 1988 1824 sed
2021 1766 2150 1823 sub-

579 1869 757 1923 limius
781 1867 1194 1938 sapientiusque,
1236 1881 1298 1920 ac
1334 1881 1452 1921 cum
1479 1863 1662 1934 majori
1691 1862 1793 1917 ﬁde
1821 1861 2147 1917 curationem

582 1959 952 2031 impetrabant.
974 1957 1103 2012 Nam
1131 1973 1191 2014 ea
1228 1972 1346 2026 quae
1389 1957 1584 2010 lluxum
1615 1953 1884 2023 sanguinis
1916 1951 2150 2021 patieba-

580 2065 682 2117 tur,
726 2052 975 2106 omnibus
1015 2048 1359 2119 philosophia:
1407 2048 1562 2118 hujus
1611 2047 1859 2115 magistra
1906 2042 2022 2096 fuit.
2079 2040 2149 2098 Ut

577 2143 821 2198 ostendat
861 2151 1036 2196 autem
1086 2129 1452 2210 evangelista,’
1477 2137 1586 2208 jam
1631 2150 1661 2190 a
1704 2135 1872 2189 multo
1911 2144 2150 2202 tempore

580 2234 750 2302 ipsum
781 2233 833 2288 in
882 2237 978 2286 has
1025 2242 1202 2300 partes
1241 2229 1472 2292 venisse,
1512 2229 1586 2282 ait
1614 2245 1626 2280 :
1656 2225 1780 2280 Cum
1809 2226 2150 2296 cognovissent

581 2326 670 2377 viri
691 2325 787 2378 loci
815 2325 972 2388 illius,
1003 2324 1243 2376 miserunt
1264 2321 1330 2373 ad
1353 2335 1546 2374 onmem
1580 2319 1771 2372 circum
1798 2317 2072 2387 regionem,
2104 2324 2152 2368 et

577 2427 791 2485 ingratos
820 2413 1092 2481 offerebant
1113 2415 1178 2468 ei.
1205 2415 1452 2467 Attamen
1482 2420 1688 2478 tempus
1717 2424 1820 2462 non
1849 2407 2007 2460 modo
2045 2422 2148 2460 non

577 2507 734 2562 solvit
763 2507 940 2571 tidem,
964 2506 1057 2560 sed
1083 2514 1135 2560 et
1163 2503 1415 2573 majorem
1444 2500 1637 2564 eﬂ'ecit,
1670 2509 1723 2553 et
1748 2500 2010 2568 vigentem
2039 2514 2152 2553 ser-

576 2599 737 2652 vavit.
776 2597 1073 2668 Tangamus
1114 2609 1241 2664 ergo
1282 2607 1378 2647 nos
1420 2589 1631 2662 quoque
1678 2589 1936 2643 ﬁmbriam
1985 2589 2151 2641 vesti-

578 2689 742 2744 menti
771 2689 918 2757 ejus;
947 2687 1076 2753 imo,
1107 2687 1152 2740 si
1189 2685 1430 2748 velimus,
1467 2691 1632 2736 totum
1660 2682 1830 2749 ipsum
1871 2680 2148 2734 habemus.

577 2780 710 2836 Nam
733 2792 925 2848 corpus
962 2793 1104 2832 nunc
1147 2775 1300 2830 nobis
1329 2774 1652 2844 propositum
1692 2781 1806 2837 est;
1849 2785 1955 2825 non
1987 2770 2151 2826 vesti-

577 2882 814 2928 mentum
841 2881 1061 2934 tantum,
1090 2870 1182 2924 sed
1203 2882 1424 2936 corpus;
1447 2881 1550 2922 non
1579 2874 1635 2919 ut
1659 2873 1935 2934 tangamus
1954 2864 2150 2927 solum,

576 2965 670 3019 sed
710 2963 868 3019 etiam
899 2971 958 3016 ut
999 2959 1360 3024 comedamus,
1408 2966 1463 3013 et
1504 2957 1778 3012 satiemur.
1821 2954 2151 3011 Accedamus

577 3059 754 3128 itaque
779 3071 900 3112 cum
934 3055 1055 3118 ﬁde,
1083 3053 1272 3122 singuli
1305 3058 1644 3122 mgrotantes.
1671 3048 1802 3104 Nam
1831 3050 1873 3103 si
1905 3049 1940 3103 ii
1969 3049 2058 3119 qui
2098 3049 2150 3102 in

583 3148 844 3204 ﬁmbriam
881 3145 1179 3200 vestimenti
1217 3143 1331 3213 ejus
1366 3141 1669 3211 tangebam,
1707 3148 1904 3194 tantam
1939 3139 2037 3194 sibi
2068 3148 2152 3193 at-

581 3253 790 3296 traxere
832 3240 1100 3302 virtutem,
1148 3245 1344 3305 quanto
1377 3236 1545 3304 magis
1583 3235 1619 3287 ii
1667 3234 1756 3303 qui
1787 3241 1951 3288 totum
1983 3233 2152 3302 ipsum

581 3333 798 3390 tenent?
846 3329 1116 3388 Accedere
1152 3337 1327 3383 autem
1377 3341 1500 3381 cum
1547 3324 1653 3379 ﬁde
1682 3339 1787 3379 non
1829 3334 1913 3380 est
1949 3333 2152 3378 tantum

577 3426 908 3496 propositum
961 3436 1153 3492 corpus
1195 3421 1468 3490 accipere,
1512 3417 1607 3473 sed
1647 3432 1767 3472 cum
1817 3431 1947 3485 puro
1993 3413 2155 3470 corde

583 3528 817 3585 tangere,
849 3522 1008 3583 atque
1034 3515 1102 3566 ita
1131 3510 1374 3565 allectum
1401 3523 1538 3572 esse,
1569 3521 1632 3562 ac
1650 3508 1692 3561 si
1715 3505 1782 3561 ad
1806 3507 1975 3575 ipsum
2004 3505 2158 3560 Chri-

585 3618 722 3662 stum
748 3606 990 3661 accedas.
1012 3603 1146 3671 Quid
1174 3603 1336 3669 enim,
1381 3601 1426 3656 si
1464 3614 1648 3654 vocem
1686 3599 1800 3668 ejus
1837 3613 1940 3652 non
1965 3597 2156 3652 audis?

585 3703 652 3753 At
674 3697 820 3753 vides
841 3696 984 3751 illum
1003 3695 1286 3765 iacentem,
1317 3693 1424 3747 imo
1455 3705 1583 3746 vero
1615 3705 1800 3745 vocem
1826 3688 1942 3758 ejus
1981 3687 2154 3754 audis,

585 3789 850 3860 loquentis
875 3803 964 3856 per
987 3786 1357 3855 evangelistas.

656 3881 708 3934 ὅ.
737 3879 948 3935 Credite
983 3877 1157 3947 igitur,
1188 3890 1328 3931 nunc
1361 3874 1505 3930 illam
1539 3887 1745 3929 omnem
1784 3872 2064 3938 celebrari,
2103 3872 2156 3927 in

586 3988 688 4043 qua
718 3973 831 4042 ipse
852 3969 1206 4026 recumbebat.
1241 3967 1380 4022 Nihil
1401 3968 1594 4037 quippe
1620 3965 1735 4021 haec
1757 3965 1824 4020 ab
1843 3965 1933 4021 illa
1961 3964 2155 4020 diﬁ‘ert.

588 4064 771 4133 Neque
806 4061 946 4116 enim
989 4061 1126 4116 hanc
1166 4060 1324 4114 homo
1364 4058 1548 4125 efﬁcit,
1583 4059 1726 4113 illam
1769 4058 2028 4122 Christus,
2065 4059 2156 4112 sed

592 4158 676 4211 hic
719 4156 832 4226 ipsc
880 4164 1176 4224 utramque.
1225 4151 1446 4220 Quando
1495 4151 1652 4220 igitur
1693 4149 2024 4205 sacerdotem
2069 4149 2159 4204 tibi

590 4247 912 4316 praebentem
953 4243 1120 4308 vides,
1159 4259 1227 4298 ne
1260 4251 1411 4313 putes
1446 4240 1776 4296 sacerdotem
1821 4239 1924 4296 hoc
1956 4241 2159 4306 facere;

588 4339 682 4395 sed
707 4337 900 4393 Christi
931 4350 1143 4390 manum
1183 4348 1302 4389 esse
1341 4349 1458 4403 quae
1487 4332 1804 4387 extenditur.
1837 4331 1986 4388 Sicut
2021 4333 2161 4387 enim

590 4446 710 4484 cum
747 4427 996 4484 sacerdos
1027 4426 1273 4496 baptizat,
1303 4440 1406 4478 non
1435 4423 1546 4494 ipse
1587 4423 1836 4494 baptizat,
1875 4423 1969 4478 sed
2003 4423 2160 4489 Deus,

592 4522 680 4591 qui
705 4531 1035 4592 caputtuum
1067 4519 1313 4573 invisibili
1353 4517 1545 4572 virtute
1584 4525 1745 4583 tenet,
1777 4532 1839 4572 ac
1874 4533 2048 4588 neque
2071 4535 2165 4573 an-

592 4612 761 4682 gelus,
786 4626 958 4682 neque
992 4609 1354 4680 archangelus,
1387 4623 1499 4668 nec
1545 4607 1679 4664 alius
1703 4609 1965 4678 quispiam
2007 4609 2166 4664 audet

592 4704 849 4760 accedere
882 4712 936 4758 et
960 4712 1011 4758 te
1041 4711 1252 4773 tangere
1279 4720 1293 4756 :
1324 4702 1401 4756 sic
1435 4710 1490 4757 et
1514 4716 1674 4757 nunc.
1709 4699 1841 4756 Nam
1875 4716 1994 4757 cum
2029 4701 2166 4758 Deus

592 4797 739 4851 solus
765 4803 1064 4865 regenerat,
1093 4794 1143 4848 id
1191 4794 1281 4850 Dei
1314 4793 1478 4849 solius
1515 4793 1712 4858 donum
1740 4802 1842 4848 est.
1873 4793 2058 4849 Nonne
2087 4794 2166 4848 vi-

594 4888 689 4944 des
714 4901 808 4943 eos
843 4886 932 4956 qui
963 4886 1049 4940 hic
1078 4875 1140 4940 in
1184 4885 1321 4940 ﬁlios
1364 4885 1700 4955 adeptantur,
1751 4884 2020 4954 quomodo
2059 4900 2163 4939 non

596 4997 707 5036 rem
751 4979 924 5034 servis
964 4979 1316 5044 committant,
1364 4976 1458 5032 sed
1489 4977 1587 5045 ipsi
1625 4977 1691 5031 ad
1719 4975 1891 5032 forum
1915 4976 2166 5046 judiciale

593 5072 807 5128 adsint?
839 5069 927 5127 Sic
957 5072 1094 5126 Deus
1124 5086 1228 5124 non
1254 5069 1455 5140 angelis
1492 5069 1595 5125 hoc
1634 5085 1827 5125 munus
1851 5069 2117 5124 commisit
2149 5087 2162 5124 :

595 5164 687 5219 sed
708 5164 822 5233 ipse
841 5162 994 5218 adest
1013 5162 1206 5232 jubens
1236 5170 1290 5216 ct
1315 5161 1502 5216 dicens
1532 5177 1546 5214 :
1578 5160 1750 5216 Nolite
1773 5177 1951 5216 vocare
1974 5171 2166 5232 patrem

594 5273 744 5325 super
767 5266 949 5310 terram
971 5254 1182 5327 (Matth.
1209 5253 1299 5308 23.
1325 5253 1415 5324 9);
1445 5267 1550 5307 non
1577 5260 1637 5307 ut
1661 5264 1905 5322 parentes
1931 5262 2168 5308 contem-

597 5357 717 5414 nat;
743 5347 838 5402 sed
862 5354 921 5400 ut
962 5347 1065 5401 illis
1102 5345 1347 5400 omnibus
1380 5343 1635 5399 factorem
1667 5353 1812 5398 tuum
1851 5353 2162 5416 anteponas,

595 5441 684 5511 qui
716 5451 768 5495 te
806 5439 944 5494 inter
972 5439 1110 5493 ﬁlios
1134 5453 1262 5495 suos
1289 5437 1589 5508 adscripsit.
1628 5436 1758 5492 Nam
1785 5437 1874 5506 qni
1925 5437 1976 5492 id
2025 5438 2165 5507 quod

595 5536 766 5603 majus
786 5541 903 5589 erat
926 5532 1089 5595 dedit,
1121 5533 1221 5588 hoc
1247 5540 1347 5597 est,
1381 5532 1636 5602 seipsum,
1677 5531 1845 5585 multo
1880 5531 2047 5601 magis
2084 5530 2167 5584 di.

594 5626 838 5693 gnabitur
864 5639 1017 5679 suum
1044 5623 1133 5678 tibi
1162 5624 1373 5678 tradere
1412 5637 1624 5692 corpus.
1655 5622 1945 5677 Audiamus
1988 5621 2166 5690 igitur,

593 5726 647 5768 ut
683 5714 1007 5779 sacerdotes,
1039 5725 1093 5768 et
1118 5714 1308 5769 subditi
1349 5714 1448 5780 eis,
1494 5722 1691 5783 qnanto
1726 5727 1946 5767 munere
1973 5711 2168 5783 dignati

595 5807 787 5873 simus;
824 5805 1118 5874 audiamus,
1163 5813 1217 5860 et
1259 5804 1742 5875 perhorrescamus.
1782 5802 1971 5860 Sacrae
2018 5803 2169 5861 nobis

2262 768 2362 824 tes,
2393 761 2498 830 lupi
2547 759 2844 815 efﬁcimur?
2881 777 3000 816 cum
3031 777 3183 817 ovem
3229 762 3631 828 manducantes,
3680 764 3855 817 instar

2261 851 2472 906 leonum
2500 852 2772 921 rapimus?
2815 852 2926 907 lloc
2962 855 3158 923 quippe
3187 856 3497 925 mysterium
3532 870 3640 910 non
3667 857 3850 910 solum

2257 957 2288 995 a
2333 945 2514 1014 rapina
2542 984 2557 1010 ,
2594 944 2688 999 sed
2713 945 2872 1000 etiam
2902 961 2932 1000 a
2967 947 3068 1001 levi
3120 948 3390 1003 inimicitia
3421 964 3582 1019 puros
3627 965 3851 1019 semper

2258 1049 2378 1090 esse
2401 1037 2573 1105 jubet.
2614 1037 2744 1092 Nam
2798 1039 2898 1093 hoc
2949 1040 3281 1109 mysterium,
3335 1040 3479 1110 pacis
3525 1050 3608 1095 est
3638 1053 3848 1112 myste-

2258 1125 2394 1180 rium
2426 1142 2441 1177 :
2474 1141 2573 1182 nec
2597 1128 2724 1183 sinit
2748 1127 2946 1192 divitiis
2984 1144 3105 1186 esse
3151 1130 3410 1186 addictos.
3459 1130 3594 1186 Nam
3641 1133 3687 1186 si
3731 1132 3848 1201 ipse

2259 1227 2475 1288 propter
2503 1215 2602 1274 nos
2644 1220 2744 1276 sibi
2791 1221 2891 1292 ipsi
2929 1237 3036 1278 non
3088 1224 3342 1293 pepercit,
3380 1240 3488 1295 quo
3533 1225 3740 1280 erimus
3765 1225 3848 1280 di-

2255 1307 2343 1377 gni
2387 1310 2648 1380 supplicio
2675 1312 2720 1366 si
2758 1312 2957 1368 divitiis
2999 1329 3300 1384 parcamus,
3352 1317 3695 1386 animamque
3747 1332 3848 1372 ne-

2255 1401 2557 1470 gligamus,
2610 1419 2706 1474 pro
2751 1419 2855 1476 qua
2915 1405 3030 1476 ipse
3078 1407 3178 1461 sibi
3233 1408 3332 1477 ipsi
3385 1423 3490 1462 non
3553 1410 3848 1477 pepercit?

2257 1494 2454 1551 Judzeis
2481 1497 2696 1567 quidem
2750 1499 3033 1569 quotannis
3077 1499 3129 1554 in
3179 1502 3489 1556 memoriam
3543 1503 3842 1557 beneﬁcio-

2257 1601 2373 1640 rum
2416 1600 2632 1642 suorum
2663 1587 3027 1644 solemnitates
3078 1589 3218 1646 Deus
3261 1591 3529 1656 instituit;
3574 1593 3671 1646 tibi
3715 1607 3844 1647 vero

2255 1677 2475 1746 singulis
2519 1693 2658 1748 pene
2697 1677 2884 1735 diebus
2933 1695 3028 1750 per
3078 1679 3195 1736 haec
3232 1694 3383 1736 sacra
3437 1681 3716 1752 mysteria.
3765 1682 3845 1737 Ne

2256 1765 2415 1835 igitur
2450 1779 2661 1824 crucem
2707 1771 2991 1827 erubescas
3023 1788 3038 1826 :
3071 1772 3184 1827 tunc
3235 1773 3430 1842 quippe
3478 1781 3606 1828 sunt
3645 1774 3840 1828 decora

2256 1868 2458 1925 nostra,
2491 1860 2605 1916 hzec
2640 1872 2820 1916 nostra
2848 1864 3118 1932 mysteria,
3171 1864 3270 1918 hoc
3313 1874 3567 1920 ornantur
3593 1881 3841 1932 munere,

2256 1949 2357 2005 hoc
2379 1953 2685 2022 gloriamur.
2717 1953 2774 2010 Si
2803 1955 3008 2023 dixero,
3037 1955 3238 2011 Caelum
3265 1966 3319 2012 et
3348 1966 3543 2012 terram
3575 1958 3842 2025 extendit,

2253 2058 2400 2097 mare
2442 2043 2644 2109 effudit,
2675 2045 2963 2116 prophetas
2999 2056 3054 2102 et
3092 2048 3309 2118 angelos
3355 2049 3519 2116 misit,
3553 2050 3686 2105 nihil
3718 2051 3841 2106 huic

2252 2131 2328 2186 rei
2356 2146 2452 2202 par
2493 2133 2699 2189 dixero.
2757 2136 2866 2191 lloc
2889 2137 3084 2207 quippe
3125 2148 3284 2207 caput
3307 2147 3390 2194 est
3416 2139 3680 2194 bonorum
3720 2156 3841 2194 om-

2255 2225 2398 2279 nium
2430 2266 2444 2292 ,
2481 2226 2620 2295 quod
2652 2226 2787 2282 Filio
2827 2242 2924 2282 suo
2953 2244 3056 2282 non
3091 2231 3406 2300 pepercerit,
3448 2239 3507 2284 ut
3532 2245 3722 2286 εει-γωδ
3751 2231 3844 2287 ab-

2255 2318 2511 2374 alienatos
2537 2329 2794 2374 servaret.
2819 2319 3003 2375 Nullus
3016 2337 3143 2392 ergo
3163 2321 3324 2378 ludas
3346 2323 3483 2378 hanc
3507 2322 3666 2378 adeat
3691 2339 3841 2378 men-

2255 2427 2403 2475 sam;
2459 2412 2636 2467 nullus
2682 2412 2863 2468 Simon
2913 2432 2924 2466 :
2975 2414 3137 2469 ambo
3197 2413 3338 2470 enim
3409 2430 3504 2484 per
3558 2417 3841 2470 avaritiam

2255 2505 2545 2574 perierunt.
2587 2505 2871 2576 Fugiamus
2919 2506 3096 2576 itaque
3143 2507 3245 2562 hoc
3287 2506 3617 2571 barathrum,
3665 2524 3843 2578 neque

2256 2605 2500 2662 putemus
2519 2594 2671 2650 nobis
2697 2595 2826 2650 satis
2853 2610 2971 2651 esse
2991 2595 3056 2650 ad
3091 2597 3337 2664 salutem,
3369 2598 3413 2652 si
3443 2609 3725 2668 postquam
3759 2599 3841 2653 vi-

2253 2686 2384 2740 duas
2417 2695 2473 2742 et
2494 2688 2723 2757 pupillos
2758 2687 3197 2756 exspoliavimus,
3238 2688 3487 2758 poculum
3528 2705 3754 2744 aureum
3788 2700 3844 2744 et

2255 2777 2477 2847 gemmis
2517 2785 2760 2832 ornatum
2791 2793 2988 2832 mensze
3033 2777 3337 2832 oll'cramus.
3369 2777 3500 2833 Nam
3543 2779 3588 2834 si
3617 2780 3698 2834 vis
3739 2777 3844 2834 hoc

2255 2868 2571 2922 sacriﬁcium
2600 2867 2883 2932 honorare,
2930 2869 3160 2929 animans
3207 2868 3360 2936 oll‘er,
3389 2869 3458 2924 ob
3504 2885 3662 2939 quam
3688 2868 3844 2925 Chri-

2255 2969 2368 3012 stus
2393 2958 2694 3012 immolatus
2720 2965 2802 3012 est
2831 2975 2844 3011 :
2874 2957 3010 3012 hanc
3032 2957 3191 3013 facito
3217 2974 3430 3014 auream
3465 2977 3478 3012 :
3508 2960 3552 3014 si
3575 2975 3706 3015 vero
3727 2961 3842 3030 ipsa

2255 3052 2324 3107 sit
2351 3049 2565 3120 plumbo
2593 3059 2647 3106 et
2676 3058 2808 3104 testa
2833 3049 3084 3122 deterior,
3130 3066 3222 3104 vas
3265 3060 3444 3106 autem
3485 3066 3709 3106 aureum
3747 3053 3844 3115 sit,

2256 3141 2382 3210 quid
2402 3141 2526 3196 inde
2553 3140 2683 3196 lucri
2709 3140 2732 3194 t
2755 3140 2832 3196 Ne
2862 3141 3022 3211 igitur
3051 3142 3152 3198 hoc
3175 3157 3425 3198 curemus
3452 3143 3624 3197 solum
3657 3153 3714 3197 ut
3739 3159 3841 3196 an-

2257 3249 2348 3288 rea
2380 3247 2502 3288 vasa
2540 3232 2848 3295 oﬁ’eramus.
2891 3234 2984 3289 sed
3011 3244 3068 3288 ut
3091 3249 3157 3289 ex
3196 3234 3355 3304 justis
3381 3234 3669 3288 laboribus.
3718 3234 3846 3290 llmc

2259 3324 2457 3395 quippe
2485 3333 2610 3378 sunt
2635 3337 2767 3378 auro
2787 3323 3126 3393 pretiosiora,
3158 3340 3278 3394 quae
3316 3339 3421 3379 non
3449 3340 3514 3378 ex
3542 3326 3761 3379 avaritia
3787 3335 3846 3379 et

2261 3415 2447 3485 rapina
2488 3425 2632 3486 parta
2683 3425 2826 3470 sunt.
2868 3414 3051 3485 Neque
3076 3417 3218 3471 enim
3245 3416 3465 3471 aurivel
3492 3418 3699 3487 argenti
3727 3417 3847 3473 oili-

2259 3509 2377 3564 cina
2404 3517 2486 3564 est
2525 3509 2770 3577 ecclesia,
2814 3510 2910 3565 sed
2957 3511 3267 3580 angelorum
3314 3510 3597 3568 celebritas
3630 3524 3647 3568 :
3676 3529 3842 3580 quare

2260 3603 2538 3657 animabus
2559 3602 2712 3658 nobis
2737 3611 2820 3658 est
2843 3616 2978 3673 Opus
3005 3623 3020 3659 -.
3045 3619 3165 3657 nam
3189 3603 3303 3659 haec
3325 3618 3449 3659 vasa
3478 3615 3698 3676 prepter
3725 3607 3843 3660 ani-

2263 3709 2377 3748 mas
2413 3693 2643 3749 admittit
2690 3694 2847 3750 Deus.
2890 3693 3006 3749 Non
3059 3705 3174 3750 erat
3210 3704 3461 3766 argentea
3499 3711 3684 3752 mensa
3733 3696 3844 3761 illa,

2263 3800 2362 3840 nec
2401 3801 2595 3840 aureus
2635 3786 2768 3840 calix
2803 3786 2855 3841 in
2904 3799 3012 3856 quo
3037 3786 3350 3857 sanguinem
3389 3801 3544 3841 suum
3571 3786 3849 3856 discipulis

2261 3875 2503 3932 Christus
2523 3877 2668 3932 dedit
2701 3896 2714 3932 :
2746 3877 2840 3933 sed
2874 3884 3050 3933 tamen
3091 3878 3270 3932 omnia
3307 3877 3397 3932 illa
3422 3879 3654 3947 pretiosa
3692 3893 3848 3933 erant

2261 3977 2316 4024 et
2337 3969 2628 4036 tremenda,
2671 3969 2792 4039 quia
2833 3971 3009 4023 omnia
3074 3967 3273 4038 Spiritu
3309 3969 3511 4038 repleta
3553 3984 3726 4024 erant.
3757 3967 3851 4024 Vis

2263 4074 2456 4128 corpus
2486 4059 2680 4115 Christi
2726 4059 3030 4115 honorare?
3074 4059 3188 4114 Non
3228 4058 3493 4130 despicias
3531 4061 3704 4131 ipsum
3748 4077 3849 4115 nu-

2265 4150 2393 4204 dum
2424 4167 2438 4202 :
2467 4165 2637 4219 neque
2665 4149 2753 4205 hic
2779 4151 2964 4205 sericis
2989 4151 3225 4206 vestibus
3252 4150 3504 4215 honores,
3529 4151 3656 4207 loris
3669 4164 3849 4208 autem

2268 4241 2462 4313 frigore
2506 4257 2568 4296 ac
2615 4242 2850 4296 nuditate
2896 4239 3151 4296 amictum
3198 4243 3452 4313 negligas.
3506 4242 3638 4298 Nam
3672 4245 3716 4297 is
3760 4246 3852 4315 qui

2267 4335 2418 4400 dixit,
2443 4331 2556 4388 Hoc
2584 4343 2656 4389 est
2688 4351 2870 4404 corpus
2897 4351 3065 4389 meum
3092 4334 3306 4406 (Matth.
3339 4335 3431 4390 26.
3458 4335 3576 4406 26),
3605 4347 3660 4391 et
3687 4339 3857 4394 verbo

2268 4441 2380 4482 rem
2409 4426 2656 4490 ﬁrmavit,
2686 4425 2825 4482 idem
2875 4426 2986 4496 ipse
3025 4426 3199 4481 dixit:
3231 4425 3553 4482 Esurientem
3593 4444 3676 4483 me
3716 4431 3854 4484 uidi-

2269 4518 2377 4584 stis,
2408 4526 2451 4570 et
2477 4533 2577 4571 non.
2603 4518 2877 4572 nutrivistis
2900 4533 2918 4583 ,'
2944 4525 3017 4584 et,
3048 4517 3115 4572 In
3145 4528 3388 4588 quantum
3416 4536 3519 4574 non
3545 4521 3735 4591 fecistis
3765 4523 3854 4578 uni

2271 4610 2446 4661 horum
2484 4607 2825 4672 minimarum,
2872 4623 2961 4661 nec
2989 4608 3113 4661 milii
3150 4609 3343 4679 fecistis
3387 4608 3598 4682 (Matth.
3629 4611 3721 4668 25.
3760 4612 3851 4668 ἃ.

2269 4700 2383 4772 45).
2423 4699 2536 4756 Hoc
2588 4712 2734 4755 certe
2783 4715 2887 4755 non
2920 4715 3053 4772 opus
3103 4703 3262 4756 habet
3307 4703 3526 4771 amictu,
3580 4705 3676 4760 sed
3721 4720 3857 4776 puro

2271 4793 2479 4858 animo;
2505 4791 2632 4846 illud
2652 4801 2828 4847 autem
2850 4807 3037 4864 magna
3062 4807 3196 4864 opus
3217 4791 3376 4848 habet
3403 4810 3557 4849 cura:
3576 4796 3858 4854 Discamus

2272 4885 2447 4955 itaque
2488 4884 2870 4956 philosOphari,
2920 4896 2972 4941 et
3014 4883 3284 4942 Christum
3325 4887 3594 4944 honorare
3645 4900 3704 4945 ut
3741 4891 3857 4962 ipse

2271 4977 2384 5031 vult
2414 4991 2431 5032 :
2460 4991 2584 5039 nam
2609 4976 2679 5042 ei,
2707 4977 2798 5047 qui
2824 4975 3132 5046 honoratur,
3166 4977 3339 5033 honor
3365 4979 3456 5034 ille
3483 4983 3854 5048 suavissimus.

2271 5082 2429 5137 quem
2463 5068 2575 5137 ipse
2602 5076 2782 5136 optat,
2813 5083 2916 5123 non
2947 5084 3104 5140 quem
3136 5083 3236 5124 nos
3272 5079 3542 5141 putamus.
3583 5071 3855 5142 Siquidem

2273 5160 2462 5215 Petrus
2491 5175 2548 5215 se
2576 5160 2722 5215 illum
2758 5161 3019 5216 honorare
3052 5163 3290 5232 putabat,
3318 5178 3437 5219 cum
3474 5163 3752 5221 cohiberet
3792 5181 3858 5222 nc

2276 5251 2438 5322 pedes
2464 5267 2590 5307 suos
2623 5252 2822 5307 lavaret
2862 5251 3042 5322 (Joan.
3071 5254 3158 5309 15.
3190 5255 3282 5324 8);
3315 5254 3410 5310 sed
3447 5255 3497 5310 id
3537 5259 3678 5326 quod
3706 5258 3855 5314 vole-

2274 5345 2364 5400 bat
2389 5360 2493 5400 non
2523 5355 2638 5401 erat
2659 5345 2852 5412 honor,
2876 5346 2969 5402 sed
2991 5362 3144 5401 secus
3171 5349 3410 5402 omnino.
3435 5347 3527 5404 Sic
3551 5359 3603 5402 et
3632 5359 3686 5403 tu
3710 5350 3855 5406 illum

2275 5438 2373 5507 ipsi
2417 5438 2607 5493 exhibe
2655 5437 2910 5493 honorem
2953 5454 3110 5508 quem
3158 5452 3274 5510 tege
3320 5442 3592 5512 praecepit,
3646 5442 3859 5499 divitias

2276 5540 2394 5584 tuas
2421 5529 2740 5600 pauperibus
2782 5545 3029 5601 erogans.
3079 5529 3261 5601 Neque
3309 5534 3450 5589 enim
3499 5535 3638 5589 vasis
3681 5537 3861 5592 aureis

2275 5637 2407 5690 Opus
2434 5622 2594 5678 habet
2618 5623 2778 5689 Deus,
2807 5623 2901 5678 sed
2927 5625 3202 5680 animabus
3232 5628 3427 5682 aureis.

2345 5712 2396 5766 ι.
2436 5711 2771 5784 Elemssyna
2797 5714 2958 5785 magis
2993 5714 3099 5767 Deo
3129 5715 3289 5783 placet
3331 5733 3478 5787 quam
3514 5734 3723 5771 ntunera
3765 5721 3862 5789 ipsi

2281 5804 2387 5858 sine
2428 5804 2644 5860 utilitate
2680 5806 2895 5875 proximi
2940 5817 3248 5862 consecrata.
3289 5808 3485 5866 —Hoc
3515 5825 3678 5881 porro
3717 5811 3860 5881 dico,
