4046 6422
278 428 385 484 509

279 559 387 600 non
413 537 558 612 quod
585 527 898 607 prohibeam
928 538 995 581 ne
1023 517 1146 578 talia
1171 535 1389 574 munera
1415 521 1765 585 apparentur,
1791 506 1888 563 sed

281 609 578 708 postulans,
621 636 679 682 ut
708 639 832 680 cum
861 620 945 676 his
973 629 1028 674 et
1057 625 1182 670 ante
1222 613 1337 668 haec
1373 609 1715 674 eleemosyna
1764 616 1890 657 ero-

277 696 452 801 getur.
485 723 616 780 Nam
641 719 759 774 haec
785 715 1001 789 quidem
1025 710 1239 778 accipit,
1259 706 1361 760 sed
1384 703 1552 758 multo
1579 697 1749 768 magis
1775 696 1891 801 illa.

281 787 339 874 ῖη
369 818 452 872 his
480 814 624 870 enim
668 810 716 866 is
760 787 852 878 qui
891 803 1050 860 offert
1085 801 1232 856 solus
1276 796 1561 851 utilitatem
1598 791 1790 854 habet,
1821 787 1892 842 ibi

279 923 412 965 vero
455 907 618 962 ctiam
667 902 715 957 is
755 899 844 972 qui
883 895 1099 965 accipit.
1151 892 1248 946 Hic
1294 889 1507 944 videtur
1535 885 1734 940 donum
1775 895 1896 936 esse

283 996 664 1058 ostentationis
704 993 956 1054 occasio;
989 987 1059 1041 ibi
1099 990 1446 1053 eleemosyna
1492 987 1547 1034 et
1588 975 1897 1044 benignitas

281 1103 489 1150 tantum
538 1097 642 1143 est.
687 1084 820 1153 Qua:
862 1080 1006 1136 enim
1038 1076 1243 1134 utilitas
1272 1075 1316 1127 si
1366 1085 1549 1126 mensa
1582 1067 1778 1124 Christi
1824 1069 1897 1120 sit

280 1186 463 1240 aureis
487 1178 697 1251 poculis
726 1183 944 1236 onusta,
978 1171 1095 1241 ipse
1123 1180 1253 1222 vero
1293 1165 1433 1220 fame
1465 1161 1687 1232 pereat?
1717 1158 1900 1212 Primo

282 1274 615 1332 esurientem
643 1268 826 1338 imple,
855 1273 912 1320 et
933 1274 1057 1317 tunc
1082 1275 1154 1316 ex
1175 1252 1631 1328 superabundauti
1657 1265 1898 1307 mensam

283 1368 403 1438 ejus
427 1377 653 1420 exorna.
694 1362 933 1416 Aureum
962 1354 1185 1410 calicem
1217 1349 1369 1416 facis,
1403 1354 1462 1404 et
1491 1346 1712 1402 calicem
1749 1358 1901 1413 aqua;

286 1474 396 1516 non
443 1454 579 1512 das?
616 1453 686 1508 Et
723 1450 853 1522 quid
897 1461 1033 1520 Opus
1077 1454 1163 1501 est
1203 1459 1338 1498 auro
1386 1443 1588 1496 intexta
1635 1438 1901 1492 velamina

284 1563 493 1608 mensa:
517 1559 802 1617 apparare,
851 1541 950 1612 ipsi
995 1552 1126 1594 vero
1168 1551 1238 1591 ne
1279 1533 1496 1605 quidem
1538 1529 1902 1586 necessarium

289 1649 659 1714 tegumentum
687 1635 962 1709 praebere?
981 1631 1106 1704 quid
1130 1629 1253 1685 inde
1275 1629 1407 1683 lucri
1424 1628 1450 1680 τ
1471 1625 1604 1682 Nam
1626 1624 1714 1679 dic
1735 1622 1900 1677 mihi:

289 1734 334 1789 si
363 1746 521 1803 quem
553 1729 764 1784 videres
791 1725 1099 1782 necessario
1123 1729 1373 1792 egentem
1402 1719 1549 1781 cibo.
1585 1725 1644 1771 et
1681 1715 1799 1785 ipso
1825 1715 1905 1768 sic

290 1823 502 1889 relicto,
551 1833 796 1876 mensam
842 1831 977 1872 auro
1017 1812 1384 1870 circumdares
1427 1818 1656 1874 tantum,
1697 1823 1766 1862 an
1809 1806 1904 1862 tibi

290 1916 492 1987 gratias
506 1912 755 1979 haberet,
777 1925 956 1967 annon
975 1909 1152 1980 potius
1171 1907 1538 1978 indignaretur
1553 1904 1576 1956 ?
1591 1901 1728 1972 Quid
1754 1916 1903 1966 vero,

291 2010 340 2064 si
370 2007 519 2064 illum
551 2005 765 2062 videres
785 2003 997 2060 detritis
1025 2000 1214 2071 pannis
1243 1998 1488 2053 indutum
1516 2007 1572 2053 et
1597 1995 1794 2066 frigore
1829 1994 1908 2049 ri-

294 2107 532 2172 gentem,
566 2107 622 2153 et
650 2097 830 2151 missis
855 2093 1117 2156 vestibus,
1149 2104 1341 2146 aureas
1372 2090 1472 2160 ipsi
1503 2089 1782 2143 columnas
1802 2085 1911 2139 eri-

295 2207 474 2264 geres,
503 2190 690 2246 dicens
721 2188 774 2243 id
802 2202 855 2242 te
877 2187 929 2240 in
958 2186 1076 2257 ejus
1095 2184 1358 2239 honorem
1387 2179 1604 2236 facere?
1633 2182 1827 2234 Annon
1850 2193 1910 2233 se

293 2285 530 2344 derideri
579 2292 813 2356 putaret,
865 2291 1027 2347 atque
1071 2287 1314 2335 extrema
1353 2274 1680 2331 contumelia
1727 2271 1910 2328 affici?

299 2379 412 2435 lloc
437 2379 598 2433 etiam
626 2377 770 2431 circa
797 2373 1076 2430 Christum
1108 2379 1320 2440 reputa,
1347 2382 1470 2424 cum
1499 2365 1840 2423 errabundus
1858 2372 1915 2420 et

296 2471 610 2544 peregrinus
638 2469 907 2533 circumit,
936 2472 1082 2520 tecto
1117 2462 1393 2533 indigens;
1427 2469 1482 2514 tu
1527 2467 1705 2514 autem
1737 2457 1828 2512 illo
1858 2457 1910 2511 iu

297 2564 564 2634 hospitem
604 2577 710 2616 non
755 2560 1013 2624 admisso,
1049 2556 1414 2627 pavimentum
1457 2566 1691 2608 exornas
1718 2559 1772 2606 et
1815 2565 1913 2620 pa-

297 2657 460 2712 rietes
487 2654 970 2722 columnarumque
999 2648 1268 2719 capitella,
1298 2655 1355 2702 et
1377 2655 1667 2716 argenteas
1691 2653 1915 2698 catenas

297 2747 634 2820 lampadibus
659 2747 866 2816 alligas,
898 2745 1075 2814 ipsum
1107 2755 1234 2796 vero
1267 2740 1319 2793 in
1349 2753 1571 2793 carcere
1601 2736 1822 2808 ligatum
1849 2751 1917 2791 ne

300 2843 484 2898 videre
513 2841 732 2913 quidem
778 2840 1037 2894 sustines.
1080 2835 1205 2890 llaec
1241 2849 1404 2904 porro
1435 2833 1558 2887 dico
1585 2847 1695 2886 non
1727 2830 1915 2900 prohi-

304 2934 441 2991 bens
485 2945 545 2989 ut
589 2933 708 2988 hare
750 2938 1069 2987 ornamenta
1114 2926 1508 2990 adhibeantur;
1558 2923 1654 2979 sed
1698 2935 1757 2978 ut
1801 2921 1917 2980 haec

303 3029 465 3085 etiam
494 3044 615 3083 cum
655 3027 776 3082 aliis
819 3036 1115 3090 curentur;
1143 3023 1251 3077 imo
1293 3020 1484 3075 hortor
1519 3029 1576 3074 ut
1605 3019 1722 3074 haec
1765 3018 1917 3089 prius

302 3137 466 3193 quam
507 3121 610 3174 alia
653 3120 801 3173 fiant.
833 3117 1005 3172 Nemo
1031 3117 1199 3180 enim,
1231 3112 1376 3184 quod
1416 3113 1604 3167 isthzec
1632 3127 1738 3165 non
1770 3111 1918 3165 face-

301 3220 406 3276 ret,
441 3219 725 3266 accusatus
769 3224 1024 3279 umquam
1057 3207 1186 3273 fuit;
1235 3204 1324 3260 illa
1369 3219 1500 3259 vero
1527 3201 1918 3274 negligentibus

301 3304 546 3377 gehenna
577 3304 877 3358 desunatur
915 3311 970 3357 et
1015 3302 1151 3371 ignis
1183 3298 1653 3370 iucxstinguibilis,
1693 3307 1746 3353 et
1786 3312 1914 3368 sup-

307 3398 527 3470 plicium
557 3413 679 3452 cum
708 3396 1044 3451 daemonibus
1064 3393 1459 3449 sustinendum.
1490 3393 1568 3448 Ne
1589 3394 1768 3462 itaque
1790 3392 1916 3447 dum

305 3492 522 3547 domum
553 3505 804 3554 exornas,
850 3487 1110 3544 afﬂictum
1163 3486 1383 3542 fratrem
1419 3487 1687 3555 despicias
1733 3503 1747 3538 :
1795 3499 1917 3538 nam

305 3592 410 3644 hoc
439 3588 693 3658 templum
726 3586 819 3641 illo
849 3583 1156 3656 pretiosius.
1191 3585 1317 3639 llaze
1344 3585 1543 3654 quippe
1573 3582 1784 3637 citnelia
1817 3597 1918 3652 po-

308 3689 506 3746 terunt,
537 3680 619 3737 vel
646 3695 800 3752 rcges
830 3679 1095 3742 infideles,
1129 3678 1214 3733 vel
1243 3677 1478 3751 tyranni,
1511 3675 1597 3732 vel
1632 3675 1778 3731 fures
1817 3690 1915 3729 au—

1481 3953 1821 4016 HOMILIA
1878 3951 1982 4014 LI.

305 4136 436 4195 CAP.
471 4135 560 4192 15.
589 4151 644 4189 v.
675 4135 727 4189 1.
769 4131 911 4187 Tunc
939 4139 1258 4184 accesserunt
1291 4127 1361 4181 ad
1389 4126 1568 4181 Jesnm
1594 4142 1626 4179 a
1649 4122 1919 4194 Jerosoly-

490 4231 585 4285 mis
606 4230 787 4284 scriba:
810 4235 855 4280 et
879 4225 1130 4279 Pharisa'i
1152 4223 1394 4287 dicentes,
1431 4222 1622 4286 Quare,
1647 4227 1754 4273 etc.

381 4323 435 4378 1.
475 4323 624 4377 Tunc
651 4337 666 4374 τ
689 4317 1068 4391 quandonam?
1095 4315 1228 4371 Cum
1257 4315 1404 4369 mille
1427 4314 1576 4384 signa
1604 4310 1761 4373 fecit;
1796 4324 1916 4364 cmn

309 4413 552 4471 infirmos
580 4429 645 4467 ex
676 4421 819 4465 tactu
844 4408 1071 4463 fimbriae
1099 4406 1325 4462 curavit.
1363 4405 1486 4460 Ideo
1513 4404 1656 4458 enim
1689 4417 1924 4472 evange-

309 4509 429 4564 lista
459 4515 671 4575 tempus
700 4503 920 4568 indicat,
949 4513 1007 4557 ut
1039 4486 1278 4570 ipsorum
1326 4499 1595 4569 ingentem
1625 4495 1919 4566 nequitiam

308 4598 556 4654 ostendat
585 4597 715 4652 nulli
748 4595 1032 4652 cedentem
1083 4592 1221 4661 Quid
1264 4593 1362 4645 sibi
1392 4590 1506 4644 vult
1536 4588 1692 4653 illud,
1727 4587 1800 4641 Ab
1827 4586 1915 4640 Je-

307 4691 580 4764 rosolymis
622 4690 804 4744 scriba:
833 4697 880 4742 et
911 4685 1208 4742 Pharisazi?
1248 4686 1382 4754 Quia
1427 4685 1477 4739 in
1523 4683 1775 4737 omnibus
1820 4682 1920 4734 tri-

307 4785 482 4842 bubus
511 4781 739 4854 dispersi
775 4791 952 4844 erant,
987 4790 1044 4836 et
1073 4780 1123 4834 in
1166 4777 1447 4834 duodecim
1491 4787 1671 4848 partes
1701 4774 1856 4830 divisi
1901 4789 1918 4827 :

306 4878 402 4934 sed
443 4873 880 4948 Jerosolymitaui
924 4873 1137 4928 ueteris
1180 4871 1467 4943 nequiores
1511 4878 1686 4933 erant,
1729 4877 1788 4922 ut
1827 4867 1919 4937 qui

307 4970 499 5041 majori
531 4969 842 5024 fruerentur
867 4966 1092 5028 honore,
1123 4975 1177 5038 et
1212 4965 1504 5037 plurimum
1548 4962 1652 5018 sibi
1692 4977 1918 5033 arroga-

306 5075 446 5121 rent.
476 5061 755 5133 Perpende
781 5073 957 5115 autem
989 5060 1262 5131 quomodo
1291 5075 1355 5114 ex
1387 5059 1499 5129 ipsa
1546 5074 1640 5114 sua
1685 5057 1919 5114 interro-

295 5157 526 5228 gatione
555 5156 858 5224 capiantur.
890 5153 1074 5223 Neque
1102 5154 1247 5206 enim
1274 5152 1480 5217 dicunt,
1508 5148 1616 5206 Cur
1645 5163 1918 5222 transgre-

305 5247 528 5303 diuntur
570 5247 743 5316 legem
777 5244 1018 5316 Moysis?
1063 5243 1179 5311 sed,
1229 5242 1579 5297 Traditiunem
1618 5243 1922 5298 seniorum?

305 5339 462 5399 Unde
495 5341 672 5412 palam
699 5348 803 5405 est,
834 5340 1002 5393 multa
1027 5337 1341 5394 sacerdotes
1363 5337 1671 5401 innovasse,
1705 5338 1917 5394 etiamsi

304 5434 518 5508 Moyses
556 5448 750 5503 magno
775 5442 1001 5498 terrore,
1035 5431 1326 5502 multisque
1354 5431 1514 5485 minis
1546 5431 1802 5485 adhibitis
1828 5447 1922 5486 ve-

313 5531 504 5583 tuisset
529 5542 598 5581 ne
625 5526 752 5596 quid
782 5525 1064 5590 adderent,
1100 5525 1182 5580 vel
1222 5524 1521 5580 demerent.
1556 5523 1678 5578 Non
1702 5524 1921 5595 adjicie-

307 5622 371 5676 tis
399 5622 466 5675 ad
494 5621 719 5685 verbum,
748 5617 884 5688 quod
911 5634 1001 5689 ego
1035 5619 1276 5688 praecipio
1302 5617 1440 5672 vobis
1476 5618 1649 5686 hodie,
1695 5635 1786 5672 nec
1821 5635 1920 5671 au-

304 5715 478 5786 feretis
504 5713 566 5767 ab
592 5730 648 5767 eo
681 5710 861 5784 (Deut.
884 5712 937 5767 ι.
965 5712 1048 5783 2).
1079 5711 1359 5782 Nihiloque
1387 5713 1566 5769 minus
1592 5728 1727 5766 nova
1759 5713 1917 5767 indu-

305 5807 537 5869 cebant;
573 5817 632 5860 ut
661 5807 761 5861 hoc
791 5816 928 5872 erat,
974 5823 1040 5860 nc
1072 5805 1233 5859 illotis
1267 5805 1513 5861 manibus
1543 5806 1917 5871 comederent,

307 5909 366 5954 ut
394 5900 582 5965 pocula
606 5907 662 5954 et
681 5913 805 5955 vasa
827 5913 976 5955 amca
1004 5897 1306 5966 abluerent,
1337 5909 1395 5954 ut
1421 5914 1540 5955 sese
1563 5901 1916 5971 baptizarent.

1358 401 1421 458 IN
1463 392 1875 455 ΜᾹΤΪΙΙᾹΞυΜ
1905 389 2139 448 HOMIL.
2184 387 2271 444 ιι.
2313 387 2386 442 al.
2429 384 2536 440 Lll’.

3515 370 3625 430 510

2007 506 2184 570 ferre;
2232 515 2588 572 quaecumque
2642 512 2769 552 vero
2815 493 3048 566 benigne
3091 491 3144 546 in
3186 489 3410 546 fratrem
3453 485 3623 542 facies

2001 597 2353 657 esurientem,
2386 590 2756 663 peregrinum,
2787 585 3013 650 nudum,
3037 598 3106 640 ne
3126 581 3374 639 diabolus
3402 578 3623 651 quidem

2003 689 2202 762 poterit
2222 685 2458 751 auferre,
2486 683 2582 739 sed
2611 683 2664 737 in
2692 680 2950 736 thesauro
2973 675 3214 733 manebit
3235 675 3456 730 intacto.
3481 672 3621 742 Quid

2004 784 2164 854 igitur
2191 781 2267 836 ait
2310 778 2434 835 ille?
2463 776 2729 848 Pauperes
2756 774 3014 841 uobiscum
3044 785 3245 840 semper
3278 766 3495 833 habetis,
3543 781 3626 820 me

2002 885 2172 928 autem
2198 888 2398 943 semper
2421 887 2525 925 nou
2554 869 2748 923 habetis
2782 865 2998 938 (Matth.
3027 862 3120 920 26.
3152 859 3268 937 il).
3313 860 3440 916 Ideo
3477 860 3622 916 enim

2004 969 2240 1023 maxime
2265 963 2640 1021 misericordia
2669 961 2873 1016 moveri
2899 965 3136 1031 oportet,
3182 957 3306 1027 quia
3339 969 3445 1008 non
3476 968 3624 1009 sem-

2007 1078 2104 1132 per
2129 1060 2391 1116 habemus
2418 1059 2566 1114 illum
2597 1057 2950 1118 esurientem,
2978 1052 3074 1110 sed
3111 1053 3164 1108 in
3207 1051 3460 1121 praesenti
3503 1060 3626 1104 tan-

2009 1167 2121 1211 tum
2148 1154 2280 1211 vita.
2312 1153 2470 1221 Quod
2509 1154 2555 1208 si
2588 1152 2723 1207 velis
2769 1161 2936 1205 totam
2968 1147 3094 1203 dicti
3139 1145 3260 1218 ejus
3302 1143 3626 1202 sententiam

2008 1249 2276 1314 ediscere,
2324 1245 2471 1301 audi.
2506 1245 2624 1302 lloc
2660 1243 2728 1299 ad
2758 1242 3055 1312 discipulos
3094 1239 3300 1294 dictum
3347 1253 3453 1292 non
3501 1235 3624 1303 fuit,

2008 1343 2220 1399 etiamsi
2253 1341 2324 1396 ita
2366 1338 2614 1394 videatur
2639 1380 2655 1404 ,
2707 1335 2802 1392 sed
2841 1333 3198 1392 imbecillitati
3238 1332 3480 1386 mulieris
3523 1329 3626 1384 ad-

2009 1446 2251 1506 aptatum
2283 1443 2385 1488 est.
2428 1433 2562 1501 Quia
2590 1431 2733 1485 enim
2765 1429 2944 1484 adhuc
2973 1427 3341 1498 iiuperl'ectior
3370 1433 3512 1490 erat,
3540 1417 3627 1480 illi

2009 1543 2142 1583 vero
2169 1527 2268 1597 ipsi
2297 1524 2513 1581 molesti
2557 1532 2731 1589 erant,
2776 1531 2836 1577 ut
2867 1522 3012 1576 illam
3040 1520 3309 1575 solaretur
3339 1518 3456 1574 haec
3483 1517 3623 1573 dice.

2011 1623 2122 1678 bal.
2153 1621 2208 1678 ld
2236 1635 2365 1676 vero
2392 1629 2539 1691 patet
2565 1634 2634 1673 ex
2668 1617 2734 1672 iis
2762 1631 2882 1686 qua:
2909 1615 3046 1670 dixit
3075 1633 3087 1668 :
3119 1613 3259 1682 Quid
3284 1612 3484 1667 molesti
3511 1610 3633 1666 estis

2012 1715 2132 1769 huic
2153 1712 2358 1768 mulieri
2388 1709 2551 1776 (Ibid.
2580 1727 2626 1762 υ.
2662 1709 2796 1780 10)?
2819 1707 2975 1776 Quod
3004 1716 3184 1762 autem
3213 1706 3388 1775 ipsum
3415 1718 3634 1773 semper

2013 1806 2292 1862 nobiscum
2320 1804 2618 1860 habeamus
2645 1802 2724 1858 sic
2753 1802 2845 1857 ille
2873 1800 3012 1856 dixit
3045 1817 3058 1852 :
3091 1797 3227 1869 Ecce
3253 1814 3345 1870 ego
3373 1792 3632 1852 vobiscum

2012 1915 2127 1954 sum
2156 1898 2391 1954 omnibus
2417 1896 2595 1952 diebus
2635 1911 2792 1966 usque
2825 1894 2896 1947 ad
2928 1891 3416 1948 consummationem
3458 1887 3638 1946 seculi
3721 1922 3723 1924 -

2015 1990 2237 2063 (Matth.
2271 1990 2362 2046 9.8.
2403 1989 2524 2063 20).
2559 1988 2640 2044 Ex
2681 1987 2880 2059 quibus
2922 1987 3173 2044 omnibus
3218 1987 3408 2057 liquet,
3457 1986 3632 2056 ipsum

2017 2099 2124 2140 non
2155 2083 2262 2139 alla
2287 2083 2358 2140 de
2385 2097 2547 2138 causa
2576 2082 2694 2136 hinc
2721 2081 2944 2146 dixisse,
2977 2080 3076 2134 nisi
3101 2087 3159 2135 ut
3179 2079 3424 2134 mulieris
3447 2077 3633 2140 fidem,

2016 2191 2139 2248 qua:
2185 2186 2313 2231 tunc
2363 2175 2687 2246 pullulabat,
2741 2170 3134 2243 discipulorum
3183 2171 3481 2241 increpatio
3527 2185 3637 2224 non

2018 2273 2262 2329 laederet.
2306 2269 2387 2326 Ne
2417 2270 2580 2340 igitur
2611 2269 2729 2323 lure
2765 2271 2819 2322 in
2859 2265 3098 2322 medium
3141 2280 3285 2320 nunc
3323 2263 3638 2329 afl‘eramus,

2017 2382 2139 2440 quae
2157 2381 2253 2438 per
2280 2362 2638 2423 (economiam
2667 2361 2812 2418 dicta
2841 2369 2989 2426 sunt,
3016 2360 3112 2416 sed
3135 2359 3282 2430 leges
3303 2371 3496 2413 omnes
3518 2371 3641 2428 qua:

2020 2460 2075 2518 in
2103 2475 2263 2524 nova,
2300 2473 2419 2532 quae
2447 2457 2499 2512 in
2528 2456 2696 2511 veteri
2731 2456 2848 2527 lege
2876 2463 3001 2509 sunt
3033 2454 3297 2524 legentes,
3328 2451 3553 2506 multam
3576 2465 3638 2505 ea

2020 2557 2076 2611 in
2118 2572 2180 2612 re
2215 2569 2401 2611 curam
2431 2551 2829 2623 impendamus.
2860 2549 2975 2604 Hoc
3001 2549 3148 2604 enim
3177 2563 3208 2602 a
3242 2556 3464 2618 peccato
3508 2561 3640 2616 pur-

2019 2661 2110 2722 gat
2158 2667 2172 2704 :
2220 2665 2344 2704 nam
2395 2649 2470 2702 ait
2512 2666 2524 2702 :
2567 2645 2700 2700 Date
2742 2645 3146 2714 eleemosynam,
3199 2650 3248 2695 et
3291 2641 3466 2693 omnia
3506 2639 3647 2693 vobis

2022 2744 2216 2797 munda
2243 2751 2391 2796 erunt
2426 2739 2578 2810 (Luc.
2610 2740 2698 2793 ll.
2733 2737 2852 2809 41).
2897 2736 3021 2790 Haec
3048 2731 3314 2789 sacriﬁcio
3341 2732 3514 2802 major
3540 2741 3643 2796 est,

2026 2836 2438 2892 llisericordiam
2466 2834 2664 2905 quippe
2689 2835 2826 2897 volo,
2859 2841 2908 2886 et
2937 2847 3038 2885 non
3068 2829 3376 2898 sacriﬁcium
3400 2826 3561 2899 (Osee
3586 2825 3642 2882 6.

2024 2930 2106 3001 6).
2137 2929 2250 2983 Hoc
2276 2927 2440 2983 cmlos
2481 2926 2652 2996 aperit
2689 2945 2701 2980 :
2736 2923 3030 2990 Orationes,
3076 2923 3267 2993 inquit,
3314 2931 3417 2975 tua:
3444 2930 3492 2974 et
3517 2919 3649 2973 elee-

2023 3036 2252 3093 mosynce
2277 3030 2379 3074 tute
2403 3019 2738 3073 ascenderunt
2764 3019 2818 3072 in
2849 3018 3148 3072 memoriam
3173 3016 3228 3070 in
3252 3023 3527 3083 conspectu
3549 3011 3646 3066 Dei

2025 3117 2167 3186 (Act.
2198 3113 2284 3170 l0.
2312 3114 2390 3183 4).
2420 3112 2534 3166 Hoc
2560 3112 2732 3182 magis
2758 3110 3127 3167 necessarium
3168 3117 3252 3162 est
3290 3122 3452 3177 quam
3484 3105 3651 3176 virgi-

2025 3211 2202 3276 nitas;
2236 3223 2358 3262 nam
2390 3207 2741 3277 eleemosyna
2772 3207 3018 3276 neglecta
3042 3203 3146 3258 illa:
3170 3200 3412 3272 expulsa:
3439 3216 3504 3255 ex
3535 3201 3652 3254 tha-

2026 3302 2169 3355 lamo
2195 3299 2450 3364 fuerunt;
2481 3299 2601 3352 aliae
2623 3311 2752 3353 vero
2774 3299 3033 3368 ingressae
3078 3304 3223 3350 sunt.
3281 3295 3413 3361 Quae
3465 3294 3649 3347 omnia

2026 3410 2148 3449 cum
2175 3392 2434 3458 sciamus,
2455 3392 2789 3446 semincmus
2818 3390 3054 3461 largiter,
3090 3398 3148 3445 ut
3180 3403 3302 3443 cum
3335 3387 3524 3459 majori
3553 3402 3649 3441 co-

2027 3488 2110 3555 pia
2138 3496 2427 3548 metamus,
2460 3494 2515 3539 et
2558 3482 2734 3537 futura
2763 3496 3160 3552 consequamur
3187 3480 3322 3536 bona
3349 3521 3363 3547 ,
3396 3479 3568 3550 gratia
3596 3490 3651 3534 et

2029 3579 2357 3650 benignitate
2377 3577 2598 3633 Domini
2627 3579 2796 3633 nostri
2841 3575 2970 3632 Jesu
3010 3574 3234 3643 ChriSIi,
3277 3575 3363 3630 cui
3392 3573 3562 3645 gloria
3595 3573 3648 3627 iu

2025 3673 2246 3729 saecula.
2273 3672 2470 3727 Amen.

2032 3952 2120 4015 al.
2178 3951 2316 4014 LII.

2030 4110 2150 4190 Quo
2193 4131 2440 4193 tempore
2483 4132 2667 4178 autem
2715 4121 3004 4193 oportebat
3052 4121 3179 4178 illos
3223 4121 3292 4177 ab
3338 4121 3655 4192 huiusmodi

2028 4217 2500 4274 observationibus
2530 4233 2653 4273 sese
2682 4216 2962 4288 expedire,
2996 4227 3122 4272 tunc
3154 4233 3214 4273 se
3242 4217 3317 4271 illi
3351 4218 3521 4287 magis
3552 4217 3648 4272 iis-

2028 4321 2151 4366 dem
2179 4311 2508 4383 obligarunt,
2543 4319 2847 4367 metuentes
2891 4326 2961 4366 ne
2993 4312 3116 4381 quis
3155 4309 3256 4366 sibi
3291 4310 3650 4380 principattun

2027 4407 2335 4478 abriperet;
2368 4417 2423 4460 et
2451 4405 2907 4460 formidabiliores
2939 4404 3125 4460 haberi
3158 4405 3433 4470 volebant,
3465 4412 3652 4473 utpote

2029 4499 2389 4568 legislatores.
2419 4497 2475 4552 ln
2505 4505 2707 4551 tantam
2729 4511 2861 4568 ergo
2883 4497 3220 4567 iniquitatem
3251 4513 3340 4553 res
3362 4496 3648 4568 processit,

2029 4602 2087 4646 ut
2115 4601 2388 4665 praecepta
2414 4590 2634 4662 quidem
2663 4605 2761 4647 sua
2789 4600 3162 4658 servarentur,
3198 4592 3293 4647 Dei
3337 4607 3467 4646 vero
3497 4607 3652 4646 man-

2026 4685 2156 4742 data
2197 4687 2574 4744 violarentur:
2637 4699 2690 4744 et
2727 4697 2950 4742 tantum
2983 4688 3059 4741 illi
3111 4685 3546 4757 praevaluerant,
3583 4691 3643 4737 ut

2025 4779 2141 4850 jam
2195 4782 2406 4837 crimen
2454 4793 2606 4838 esset
2663 4798 2858 4837 eorum
2915 4789 3192 4852 praecepta
3240 4779 3484 4844 violare;
3531 4790 3642 4847 qua

2033 4874 2091 4930 in
2126 4890 2187 4931 re
2239 4875 2446 4946 duplex.
2496 4877 2661 4946 culpa
2713 4884 2853 4939 erat,
2888 4884 2943 4930 et
2989 4874 3138 4943 quod
3171 4874 3539 4936 innovarent,
3590 4875 3647 4924 et

2026 4966 2172 5038 quod
2202 4967 2280 5020 sic
2306 4981 2402 5019 sua
2430 4965 2788 5029 vmdicarent,
2821 4963 2914 5017 Dei
2948 4962 3149 5017 nullam
3184 4961 3448 5018 habentes
3474 4961 3644 5017 ratio-

2028 5076 2174 5116 nem.
2207 5059 2597 5114 Praaterinissis
2622 5073 2751 5112 vero
2779 5056 2921 5124 aliis,
2964 5056 3215 5112 sextariis
3246 5071 3440 5125 nempe
3465 5065 3520 5110 et
3549 5070 3648 5109 va-

2026 5151 2100 5208 sis
2124 5153 2315 5215 :eneis,
2341 5166 2462 5221 qua:
2494 5149 2716 5205 ridicula
2752 5156 2928 5213 erant,
2959 5146 3103 5219 quod
3137 5146 3466 5218 praecipuum
3496 5145 3652 5203 vide-

2027 5248 2186 5303 batur
2211 5247 2263 5300 in
2296 5243 2533 5300 medium
2564 5241 2869 5314 proferunt,
2901 5256 3009 5313 quo
3039 5241 3214 5307 illum,
3253 5247 3314 5294 ut
3351 5238 3482 5295 mihi
3522 5241 3658 5311 qui-

2025 5342 2148 5398 dem
2180 5341 2415 5405 videtur,
2449 5340 2502 5395 in
2535 5341 2670 5393 iram
2691 5337 3048 5394 concitarent.
3071 5335 3438 5404 Quamobrem
3466 5335 3645 5390 senio-

2026 5454 2145 5493 rum
2183 5438 2568 5499 meminerunt,
2599 5443 2657 5489 ut
2684 5431 2839 5505 quasi
2873 5431 2994 5486 illos
3023 5430 3350 5498 despiceret,
3385 5428 3514 5485 hinc
3541 5444 3644 5484 an-

2026 5548 2141 5587 sam
2174 5529 2466 5588 accnsandi
2510 5528 2796 5599 pra-heret.
2830 5523 3264 5581 Examinandum
3314 5524 3493 5594 primo
3539 5531 3645 5589 est,

2026 5640 2123 5680 cur
2167 5622 2415 5694 discipuli
2458 5621 2624 5677 illotis
2673 5619 2923 5675 manibus
2964 5616 3374 5672 manducarent.
3416 5613 3536 5671 Non
3579 5612 3648 5669 de

2028 5717 2287 5775 industria
2319 5715 2372 5772 id
2399 5713 2633 5788 agebant
2653 5713 2694 5781 ⁸,
2723 5711 2822 5770 sed
2845 5712 2988 5782 quod
3011 5710 3102 5765 illa
3121 5707 3396 5781 superﬂua
3425 5721 3650 5776 respue-

2097 5916 2115 5948 ⁸
2152 5915 2225 5967 Ex
2257 5915 2428 5968 Graeco
2455 5917 2730 5981 legendum
2765 5921 2923 5980 esset,
2963 5929 3052 5969 cur
3097 5911 3340 5982 discipuli
3369 5910 3518 5967 illatis
3541 5925 3650 5964 nia-
