4046 6430
499 363 597 419 511

498 483 635 537 rent,
666 474 791 529 dum
822 474 1139 529 necessariis
1162 476 1498 531 attenderem.
1528 494 1542 531 :
1576 492 1673 532 nec
1705 493 1800 548 pro
1830 480 1945 548 lege
1976 479 2073 534 lia-

499 565 693 620 bebant
719 565 842 619 lotis
865 575 959 619 aut
979 565 1143 620 illotis
1163 567 1408 621 manibus
1433 569 1736 632 comedere,
1763 568 1857 623 scd
1879 579 2083 624 utrum-

494 664 597 723 que
628 664 682 708 ut
711 668 830 709 sese
857 657 1068 711 occasio
1096 652 1256 723 dabat
1279 646 1527 726 agebant.
1559 658 1690 713 Nam
1720 663 1809 729 qui
1834 675 2081 715 necessa-

492 746 630 798 rium
670 760 893 814 quoque
920 748 1097 801 cibum
1127 748 1513 817 desliiciebant,
1540 750 1807 819 quomodo
1836 750 1951 806 inec
1986 766 2078 804 ac-

491 843 674 889 curate
694 837 1035 892 servassem?
1055 838 1188 903 Quia
1221 839 1378 908 igitur
1404 840 1718 910 plerumque
1740 842 2079 911 contingebat

491 932 550 975 nt
587 924 637 975 in
670 937 939 993 promptu,
968 936 1023 979 et
1047 929 1198 994 quasi
1228 929 1446 982 fortuito
1481 929 1531 982 id
1579 929 1832 993 lacerent,
1863 941 1922 984 ut
1954 945 2074 985 cum

490 1013 542 1065 in
587 1013 800 1068 deserto
840 1016 1215 1083 comedebant,
1251 1020 1305 1073 et
1329 1033 1451 1073 cum
1479 1019 1654 1087 spicas
1695 1020 1979 1085 vellcliant,
2022 1020 2073 1073 id

486 1104 638 1171 quasi
665 1106 866 1160 crimen
896 1106 1192 1175 proferunt,
1232 1110 1321 1179 qui
1352 1110 1552 1179 majora
1592 1126 1806 1180 semper
1842 1112 2074 1180 neglige-

492 1193 639 1260 bant,
682 1206 736 1251 et
780 1198 1046 1264 superﬂua
1088 1202 1375 1255 admodum
1418 1202 1693 1256 curabant.
1734 1201 1870 1271 Quid
1914 1203 2074 1272 igitur

485 1288 765 1346 Christus?
798 1292 921 1346 Non
968 1294 1096 1349 illud
1146 1294 1394 1355 attendit.
1433 1309 1606 1363 neque
1647 1295 2070 1351 criminationem

484 1379 708 1449 depulit,
739 1382 830 1436 sed
857 1383 1036 1437 statim
1064 1386 1436 1439 recriminatus
1466 1395 1568 1451 est,
1603 1392 1659 1439 ut
1697 1385 1970 1441 audaciam
2001 1386 2069 1440 il-

487 1471 657 1525 lorum
698 1474 1036 1541 reprimeret,
1077 1474 1510 1545 ostenderetque,
1539 1490 1660 1528 enin
1687 1474 1777 1545 qui
1816 1476 1869 1528 in
1899 1474 2070 1547 majo-

482 1559 630 1614 ribus
660 1570 864 1628 peccat,
907 1560 1112 1616 minora
1146 1563 1196 1617 in
1227 1563 1483 1617 aliis'non
1526 1573 1667 1618 tanta
1714 1579 1841 1619 cura
1886 1566 2070 1634 esplo-

480 1665 601 1706 rare
626 1650 845 1706 debere.
874 1650 984 1706 Vos
1009 1652 1246 1707 accusari
1277 1655 1574 1723 oportebat,
1603 1661 1657 1708 et
1685 1655 1965 1710 accusatis.
1990 1654 2068 1711 Tu

479 1757 609 1798 vero
639 1744 894 1799 observes
918 1743 1101 1811 velim,
1138 1747 1407 1815 quomodo
1436 1761 1555 1800 cum
1587 1746 1785 1816 aliquid
1818 1762 1885 1802 ex
1916 1747 2063 1817 lega-

477 1835 617 1911 libus
658 1834 870 1892 solvere
896 1837 1027 1903 vult,
1060 1839 1211 1907 quasi
1255 1853 1376 1893 sese
1419 1839 1722 1893 excusando
1770 1840 1820 1894 id
1872 1841 2063 1907 iaciat;

473 1925 619 1994 quod
646 1937 697 1980 et
727 1938 855 1979 tunc.
884 1926 1028 1980 fecit.
1056 1926 1171 1980 Non
1198 1929 1340 1981 enim
1379 1929 1557 1981 statim
1581 1929 1647 1981 ad
1678 1931 2066 1999 transgressio-

474 2015 897 2085 nemprocedit,
952 2030 1127 2085 neque
1179 2016 1342 2081 dicit,
1396 2016 1452 2071 ld
1502 2016 1632 2071 nihil
1675 2026 1787 2083 est;
1828 2018 2062 2088 alioquin

472 2117 601 2157 vero
644 2104 763 2160 illos
802 2103 1092 2161 ferociores
1118 2106 1438 2162 reddidisset
1471 2126 1486 2161 :
1527 2107 1622 2162 sed
1662 2109 1811 2177 prius
1852 2110 2062 2165 illorum

471 2195 747 2251 audaciam
778 2198 1031 2266 retundit,
1081 2198 1239 2270 longe
1283 2199 1459 2267 majus
1494 2201 1695 2256 crimen
1738 2202 1789 2257 in
1829 2201 2061 2257 medium

471 2289 768 2358 proferens,
800 2301 855 2346 et
881 2293 933 2346 in
964 2292 1198 2363 ipsorum
1224 2302 1383 2362 caput
1404 2302 1740 2363 retorquens.
1771 2294 1955 2365 Neque
1983 2295 2064 2350 di-

469 2384 563 2448 cit,
598 2392 747 2437 recte
772 2384 893 2439 illos
915 2382 1089 2439 facere
1116 2385 1253 2439 dum'
1270 2385 1753 2455 transgrediuntur,
1781 2402 1849 2440 ne
1876 2404 2059 2443 ansam

469 2471 576 2525 illis
606 2473 877 2541 praebeat;
909 2488 1083 2543 neque
1128 2472 1251 2529 ideo
1294 2474 1562 2545 objurgat,
1608 2490 1676 2529 ne
1706 2475 1947 2531 videatur
1987 2478 2063 2531 le-

468 2578 588 2633 gem
624 2564 869 2630 lirmare;
914 2580 1086 2637 neque
1116 2580 1305 2621 rursus
1333 2568 1575 2623 seniores
1615 2579 1917 2624 accusat-ut
1955 2571 2058 2625 ini-

467 2668 623 2723 quos,
672 2666 730 2710 ut
775 2658 1067 2725 scelestos;
1114 2658 1348 2729 alioquin
1379 2661 1521 2716 enim
1554 2670 1613 2715 nt
1642 2664 2055 2719 conviciatorem

468 2744 618 2800 illum
643 2758 1019 2804 aversarentur
1051 2769 1064 2804 :
1098 2766 1281 2805 verum
1312 2752 1491 2806 missis
1519 2753 1624 2807 illis
1650 2754 1921 2817 omnibus,
1955 2755 2055 2810 alia

465 2837 550 2892 via
577 2840 849 2909 procedit;
872 2855 935 2895 ac
952 2840 1160 2897 videtur
1180 2841 1395 2911 quidem
1416 2844 1735 2900 accedentes
1757 2844 2054 2915 increpare,

466 2929 560 2984 sed
606 2932 911 3002 perstringit
953 2947 1048 2988 eos
1076 2934 1165 3004 qui
1210 2932 1512 3003 huiusmodi
1558 2935 1702 3006 leges
1730 2949 2053 3006 posuerant;

466 3021 707 3077 seniores
733 3038 992 3093 nusquam
1014 3039 1343 3090 memorans,
1366 3026 1459 3081 sed
1482 3026 1535 3080 in
1564 3024 1909 3085 accusatione
1928 3044 2057 3084 con-

468 3122 546 3166 Ira
587 3112 688 3168 hos
726 3115 985 3180 instituta,
1020 3116 1139 3171 illos
1180 3131 1394 3187 quoque
1430 3118 1705 3186 dejiciens,
1732 3119 2053 3176 ostendens-

465 3220 591 3273 que,
622 3205 823 3275 duplex
861 3221 980 3261 esse
1027 3217 1322 3276 peccatum,
1355 3208 1497 3279 quod
1527 3219 1581 3263 et
1611 3209 1720 3265 Deo
1748 3225 1858 3265 non
1899 3211 2056 3267 obse-

464 3307 781 3363 querentur,
816 3307 871 3354 et
910 3300 1051 3369 quod
1080 3311 1298 3371 prepter
1324 3300 1571 3357 homines
1600 3302 1651 3359 id
1686 3302 1946 3371 iacerent;
1991 3320 2056 3361 ac

464 3385 511 3440 si
535 3386 781 3443 diceret:
813 3389 923 3446 lloc
1000 3389 1157 3451 enim.
1184 3391 1363 3461 ipsum
1402 3406 1500 3448 vos
1528 3435 1544 3459 ,
1583 3391 1688 3446 hoc
1762 3395 2051 3464 perdidit',

461 3478 605 3547 quod
638 3481 691 3535 in
722 3481 866 3537 omni
898 3498 957 3539 re
982 3484 1285 3540 senioribus
1313 3500 1518 3541 morem
1547 3487 1779 3557 geratis;
1822 3487 1915 3543 sed
1945 3504 2052 3543 non

464 3568 566 3624 hoc
591 3568 740 3635 dicit,
770 3570 900 3626 illud
927 3582 1102 3627 autem
1128 3574 1299 3643 ipsum
1322 3575 1645 3641 subindicat,
1668 3577 1793 3632 dum
1820 3582 1898 3634 sic
1924 3574 2053 3649 ipsis

461 3660 767 3731 respondet.
802 3663 855 3717 3.
891 3664 1061 3729 Quare
1083 3668 1235 3719 etiam
1264 3683 1351 3721 vos
1391 3668 1805 3740 transgredimini
1834 3671 2054 3725 manda-

460 3758 566 3802 tum
594 3749 689 3804 Dei
718 3761 923 3823 propter
948 3755 1275 3810 traditionem
1301 3766 1518 3811 uestram
1535 3759 1561 3811 2’
1590 3757 1729 3814 Deus
1753 3763 1888 3815 enim
1913 3777 2049 3832 prte-

458 3841 641 3911 cepit:
668 3843 722 3896 4.
766 3840 982 3898 Honora
1024 3856 1221 3915 patrem
1264 3856 1310 3902 et
1354 3859 1601 3915 matrem;
1638 3860 1705 3914 et,
1759 3850 1860 3918 Qui
1894 3853 2050 3907 male-

458 3932 641 3986 dixerit
668 3935 803 4003 patri
834 3935 911 3988 uel
940 3937 1113 4004 matri,
1144 3947 1305 3993 morte
1335 3942 1582 3994 moriatur
1607 3940 1810 4013 (Exod.
1836 3940 1925 3997 20.
1958 3943 2046 3998 12.

457 4030 507 4074 et
532 4021 624 4077 εί.
651 4024 762 4093 17).
797 4025 852 4080 5.
892 4024 994 4081 Vos
1030 4038 1197 4082 autem
1235 4030 1404 4085 dicitis
1445 4046 1463 4084 :
1505 4031 1820 4102 Quicumque
1865 4032 2051 4087 dixerit

458 4118 591 4185 patri
615 4118 700 4173 uel
723 4120 893 4189 matri,
925 4121 1114 4177 Munus
1137 4127 1486 4194 quodcumque
1513 4135 1584 4179 est
1611 4141 1674 4179 ea:
1700 4142 1780 4179 me
1808 4127 1895 4180 tibi
1926 4145 2047 4195 pro-

456 4209 607 4278 derit,
652 4214 707 4268 6.
745 4224 791 4268 et
835 4230 935 4269 non
975 4216 1244 4271 honorabit
1291 4227 1483 4287 patrem
1525 4234 1674 4272 suum
1710 4217 1790 4273 uel
1832 4231 2043 4274 matrem

452 4321 638 4370 suam;
668 4315 714 4361 et
752 4307 955 4362 irritum
990 4310 1182 4380 fecistis
1219 4310 1517 4364 mandatum
1554 4310 1653 4366 Dei
1692 4322 1899 4384 propter
1944 4322 2049 4368 tra-

452 4398 695 4454 ditionem
735 4412 971 4456 vestram.

523 4490 579 4544 2.
622 4490 971 4548 Traditionem
993 4494 1267 4548 Judaicam
1291 4494 1551 4566 redarguit
1575 4493 1825 4552 Christus.
1843 4496 2047 4553 —Non

451 4582 604 4652 dicit,
644 4585 927 4641 Seuiorum
959 4587 1319 4653 traditionem,
1367 4586 1482 4654 sed,
1540 4584 1792 4657 Vestram,
1836 4599 1907 4659 et,
1945 4590 2047 4647 Vos

450 4676 659 4740 dicitis;
688 4691 792 4731 non
820 4676 974 4745 dixit,
996 4676 1273 4746 Seniores,
1297 4690 1353 4733 ut
1380 4678 1556 4735 minus
1585 4680 1841 4737 molestus
1867 4698 2045 4739 sermo

451 4769 747 4825 videretur.
776 4771 909 4838 Quia
951 4773 1092 4827 enim
1140 4771 1436 4842 discipulos
1478 4781 1897 4844 transgreSsores
1922 4791 2043 4832 esse

449 4863 583 4935 legis
609 4866 984 4921 demonstrare
1016 4866 1284 4931 volebant,
1315 4865 1507 4937 probat
1535 4867 1681 4937 ipsos
1708 4884 1834 4923 vere
1860 4877 2042 4925 trans-

449 4955 601 5027 gredi
631 4956 825 5028 legem,
855 4954 1147 5025 discipulos
1190 4968 1369 5012 autem
1412 4959 1637 5013 crimine
1664 4959 1859 5016 liberos
1897 4977 2036 5018 esse.

447 5048 632 5121 Neque
658 5050 743 5106 lex
763 5060 847 5107 est
866 5048 917 5105 id
945 5050 1086 5121 quod
1112 5051 1180 5105 ah
1207 5050 1512 5108 hominibus
1533 5055 1869 5125 prmcipitur:
1893 5055 2043 5112 ideo-

445 5156 555 5213 que
587 5141 924 5199 traditionem
954 5152 1129 5205 vocat,
1161 5159 1280 5213 «pice
1308 5152 1428 5199 erat
1458 5144 1910 5215 iniquissimorum
1938 5148 2038 5201 lm-

445 5232 672 5288 minum.
704 5232 897 5309 Verum
927 5234 1049 5304 quia
1076 5235 1250 5305 jussio
1296 5234 1509 5291 lavandi
1548 5252 1736 5293 manus
1778 5253 1883 5294 non
1923 5249 2039 5296 erat

444 5325 547 5397 legi
572 5314 839 5383 contraria
872 5345 887 5383 :
914 5329 1077 5383 aliam
1105 5328 1445 5385 traditionem
1470 5329 1520 5384 in
1551 5331 1782 5387 medimn
1813 5333 2032 5402 profert,

444 5432 567 5489 qua:
596 5418 694 5487 legi
734 5420 1001 5474 contraria
1028 5430 1191 5475 esset.
1221 5418 1375 5490 Quod
1408 5436 1536 5478 vero
1563 5422 1709 5491 dicit,
1743 5423 1846 5480 hoc
1876 5426 2037 5496 signi-

443 5510 591 5566 ﬁcat.
641 5512 947 5567 Docuerunt
985 5512 1214 5582 juvenes
1263 5523 1318 5568 ut
1367 5513 1581 5583 pietatis
1627 5518 1805 5587 specie
1853 5528 2033 5589 patres

599 5658 973 5733 Δηςητιςίμιεανςηι.
985 5731 993 5733 _
1005 5663 1165 5723 Quare
1183 5664 1340 5733 igitur
1359 5665 1431 5719 sic
1451 5669 1841 5727 manducarunt.’
1859 5687 1955 5726 non
1974 5672 2035 5728 de

445 5719 767 5786 industrium
792 5724 1008 5786 agebant.

512 5783 528 5813 ί
553 5781 669 5845 Alii,
695 5784 783 5835 hoc
803 5781 933 5836 enim
958 5801 1039 5839 vos
1058 5794 1103 5841 et
1127 5785 1241 5842 illos
1263 5792 1501 5857 perdidit.

1232 364 1290 418 S.
1331 364 1607 422 JOANNIS
1644 362 2117 422 CllRYSOS'I'OMI
2162 364 2475 425 ARCHIEP.
2517 374 3044 437 CONSTANTINOP.

3650 388 3767 449 512

2191 480 2542 550 deSpieerent.
2569 490 2847 557 Quomodo
2871 508 2923 551 et
2952 515 3057 567 qua
3089 504 3327 560 ratione?
3352 507 3406 564 Si
3438 512 3555 582 quis
3583 530 3773 584 paren-

2191 584 2298 629 tum
2327 577 2437 631 lilio
2462 578 2684 650 diceret,
2719 585 2789 639 Da
2822 588 2948 642 mihi
2988 591 3144 657 hanc,
3186 610 3342 665 quam
3369 577 3553 668 babes,
3585 577 3768 668 ovem.

2186 677 2276 722 aut
2320 671 2561 738 vitulum,
2611 686 2703 732 ant
2745 679 2885 735 aliud
2915 685 3040 752 quid
3084 687 3305 746 simile:
3348 698 3781 770 respondebant,

2188 760 2242 814 Id
2270 767 2409 833 quod
2441 782 2472 822 a
2505 784 2589 822 me
2628 771 2706 827 vis
2743 776 3009 845 accipere,
3049 780 3248 837 donum
3287 796 3370 841 est
3399 760 3508 844 Deo
3532 760 3772 862 promis-

2184 864 2324 917 sum,
2355 872 2455 912 nec
2483 870 2630 927 potes
2663 863 2789 918 illud
2818 869 3082 937 accipere,
3112 888 3176 929 ac
3201 875 3393 945 duplex
3422 879 3543 935 hinc
3566 886 3773 943 malum

2183 947 2507 1042 emergebat.
2537 950 2719 1023 Neque
2744 960 2884 1011 enim
2920 959 3027 1014 Deo
3069 963 3385 1030 olferebant.
3426 986 3488 1026 ac
3516 986 3772 1042 parentes

2182 1033 2467 1137 thationis
2514 1046 2729 1100 nomine
2774 1047 3200 1120 defraudabaut,
3250 1069 3305 1114 et
3355 1033 3772 1137 ipsos-propter

2183 1124 2585 1225 Deumoinjuria
2615 1135 2949 1206 al'liciehant;
2996 1142 3269 1216 Deumque
3308 1124 3770 1225 propter-patien-

2182 1229 2281 1274 tes.
2319 1214 2515 1277 Verum
2545 1242 2649 1281 non
2680 1229 2780 1285 hoc
2808 1235 2984 1288 statim
3010 1235 3159 1303 dicit,
3186 1214 3280 1296 sed
3308 1214 3456 1311 prius
3483 1214 3651 1314 legem
3673 1269 3768 1303 re-

2178 1310 2327 1375 citat,
2360 1330 2461 1382 qua
2489 1317 2723 1374 declarat
2765 1322 2924 1391 Deus,
2968 1326 3254 1385 admodum
3297 1310 3430 1388 velle
3468 1310 3626 1393 sentit
3666 1356 3767 1408 pa-

2178 1412 2358 1456 rentes
2402 1405 2733 1463 liouot‘entur
2771 1430 2783 1465 :
2818 1430 2938 1469 nam
2982 1418 3058 1473 ait
3090 1439 3103 1473 :
3141 1419 3352 1477 Honora
3382 1435 3576 1493 patrem
3620 1405 3765 1484 tuum

2176 1503 2222 1545 et
2250 1506 2479 1559 matrem,
2509 1511 2564 1552 ut
2581 1502 2652 1554 sis
2672 1504 2923 1575 longaevus
2942 1509 2993 1561 in
3013 1519 3181 1576 terra;
3203 1515 3468 1582 ilcm,Qui
3487 1522 3766 1577 maledize-

2177 1586 2239 1638 rit
2259 1589 2392 1656 patri
2410 1592 2484 1644 vel
2496 1594 2663 1659 matri,
2683 1607 2841 1650 morte
2856 1601 3117 1655 moriatur.
3141 1602 3386 1661 Chrisms
3400 1620 3576 1665 autem
3596 1613 3765 1667 misSo

2177 1680 2399 1748 prmmio
2422 1698 2530 1751 quo
2548 1685 2816 1741 donantur
2844 1690 2878 1744 ii
2903 1692 2991 1761 qui
3023 1706 3270 1763 parentes
3301 1696 3586 1767 honorant,
3616 1708 3760 1774 quod

2175 1772 2463 1828 terribilius
2510 1784 2594 1829 est
2631 1779 2864 1850 profert,
2911 1796 3104 1853 nempe
3139 1789 3458 1857 supplicium
3510 1772 3771 1862 [mentes

2174 1858 2613 1919 inhonorantibus
2654 1867 3010 1935 inferendum,
3054 1884 3162 1928 tum
3207 1888 3265 1931 ut
3292 1879 3439 1950 ipsos
3466 1858 3762 1953 deterreat,

2172 1956 2283 2001 tum
2311 1962 2366 2002 ut
2394 1952 2682 2018 prudentes
2704 1957 2955 2023 attrahat,
2987 1961 3214 2034 hincque
3238 1969 3472 2024 ostendit
3496 1972 3617 2029 illos
3636 1952 3762 2031 esse

2170 2051 2345 2092 morte
2373 2039 2580 2111 dignos.
2610 2043 2741 2098 Nam
2773 2048 2816 2101 si
2846 2050 2888 2102 is
2919 2090 2935 2115 ,
2968 2054 3056 2120 qui
3081 2056 3260 2111 verbis
3287 2058 3589 2129 inhonorat,
3638 2066 3759 2135 ple-

2169 2128 2348 2193 ctitur,
2373 2135 2540 2188 multo
2560 2137 2729 2215 magis
2754 2154 2849 2193 vos
2864 2143 2954 2212 qui
2978 2159 3140 2213 opere
3165 2148 3215 2200 id
3244 2148 3450 2206 facitis:
3476 2128 3763 2214 necm'odo

2168 2219 2523 2290 inhonoratis,
2563 2229 2656 2283 sed
2690 2230 2850 2285 etiam
2878 2231 3011 2288 alios
3067 2234 3120 2290 id
3164 2236 3344 2295 facere
3381 2241 3607 2301 docetis.
3649 2247 3761 2303 Vos

2167 2318 2294 2383 ergo
2319 2315 2409 2384 qui
2442 2332 2539 2371 nec
2574 2318 2627 2373 in
2676 2320 2811 2376 vivis
2850 2338 2970 2378 esse
3010 2325 3299 2397 deberetis,
3330 2347 3430 2388 cur
3467 2334 3761 2408 discipulos

2168 2403 2462 2485 iticusatis?
2490 2409 2627 2473 Quid
2656 2412 2848 2467 mirum
2876 2426 3052 2470 autem
3083 2419 3128 2471 si
3160 2419 3211 2473 in
3240 2436 3347 2489 me,
3378 2438 3534 2493 quem
3567 2403 3759 2484 hacte-

2167 2508 2267 2548 nus
2307 2496 2608 2565 ignorastis.
2657 2510 2764 2556 tam
2806 2510 3179 2563 comnmeliosi
3219 2514 3373 2580 estis,
3419 2518 3634 2584 quando
3675 2520 3761 2575 id-

2167 2584 2337 2654 ipsum
2386 2602 2512 2657 erga
2564 2602 2768 2659 patrem
2815 2592 3025 2651 facitis?
3082 2598 3288 2671 Ubique
3331 2605 3476 2660 enim
3527 2607 3660 2664 dicit
3702 2621 3759 2675 et

2164 2680 2397 2733 ostendit
2425 2679 2549 2756 hinc
2576 2694 2746 2739 ortam
2768 2690 3128 2759 arrogantiam
3159 2692 3302 2748 illam
3328 2711 3469 2753 esse.
3500 2699 3753 2759 Nonnulli

2164 2772 2320 2828 aliter
2351 2774 2770 2843 interpretantur
2798 2779 2950 2843 illud,
2977 2779 3187 2836 Donum
3214 2787 3562 2861 quodcumque
3585 2810 3648 2848 ea:
3675 2813 3757 2849 me

2164 2863 2251 2915 tibi
2279 2864 2500 2933 proderit
2530 2868 2602 2940 (α)
2626 2884 2640 2932 ;
2675 2869 2727 2923 id
2755 2879 2857 2937 est,
2885 2871 3002 2927 Non
3040 2871 3212 2928 debeo
3235 2875 3326 2932 tibi
3351 2878 3629 2950 honorem,
3655 2886 3759 2939 sed

2161 2957 2205 3010 si
2237 2966 2287 3013 te
2316 2957 2593 3025 honorem,
2626 2960 2673 3016 id
2702 2965 2869 3032 gratis
2895 2963 3052 3021 facio.
3083 2967 3189 3023 Sed
3209 2966 3455 3027 Christus
3480 2989 3586 3030 non
3614 2976 3755 3033 hanc

2160 3048 2539 3104 contumeliam
2605 3056 2941 3109 memoravit.
2996 3057 3206 3115 Marcus
3262 3077 3393 3118 vero
3446 3066 3644 3121 clarius
3676 3050 3755 3124 id

2159 3141 2412 3211 exprimit
2459 3142 2541 3199 liis
2581 3144 2758 3203 verbis
2799 3165 2812 3201 :
2845 3147 3045 3203 Corban
3072 3152 3421 3225 quodcumque
3459 3174 3523 3212 ea:
3556 3176 3638 3214 me
3662 3160 3755 3215 tibi

2161 3235 2383 3304 proderit
2411 3236 2601 3308 (Marc.
2638 3238 2689 3291 7.
2731 3239 2819 3309 Η)
2850 3257 2863 3293 :
2895 3241 2947 3295 id
2978 3241 3118 3312 quod
3154 3259 3260 3298 non
3301 3254 3383 3300 est
3427 3264 3623 3307 munus
3660 3265 3754 3309 ant

2161 3328 2385 3395 donum,
2412 3329 2509 3383 sed
2538 3330 2740 3385 oblatio
2772 3322 2986 3402 proprie
3024 3334 3239 3390 dicitur.
3275 3336 3411 3394 Cum
3454 3340 3613 3409 igitur
3650 3343 3752 3400 de-

2162 3432 2533 3489 monstrasset,
2566 3440 2671 3477 non
2707 3424 2831 3494 jure
2868 3426 3007 3491 illos,
3053 3429 3142 3499 qui
3186 3429 3358 3501 legem
3401 3431 3494 3488 Dei
3533 3436 3753 3490 concul-

2159 3526 2302 3580 ccnt,
2334 3516 2470 3571 alios
2510 3518 2927 3585 reprehendere,
2971 3520 3060 3588 qui
3104 3524 3374 3578 seniorum
3424 3539 3752 3596 praeceptum

2161 3609 2479 3677 transgressi
2506 3620 2706 3677 essent,
2739 3609 2965 3679 idipsum
2993 3613 3225 3668 ostendit
3264 3625 3318 3670 et
3350 3631 3417 3672 ex
3458 3619 3743 3689 propheta.

2158 3699 2291 3767 Quia
2312 3699 2457 3756 enim
2481 3700 2602 3756 illos
2629 3701 2976 3758 vehementer
2996 3705 3359 3776 redarguerat,
3384 3709 3604 3764 ulterius
3625 3726 3753 3781 pro-

2156 3791 2298 3847 cedit
2324 3809 2339 3846 :
2362 3791 2501 3861 quod
2529 3792 2691 3847 etiam
2719 3794 2915 3865 ubique
2931 3794 3076 3860 facit,
3105 3796 3404 3867 Scripturas
3432 3800 3486 3855 in
3513 3802 3751 3859 medium

2156 3882 2464 3945 adducens,
2498 3895 2555 3937 ut
2584 3882 2707 3939 hinc
2745 3900 2806 3941 se
2844 3887 3095 3941 ostendat
3134 3890 3242 3944 Deo
3277 3905 3571 3946 consonum
3603 3909 3749 3951 esse.

2156 3971 2290 4039 Quid
2341 3972 2500 4043 igitur
2540 3976 2616 4028 ait
2660 3975 2958 4044 preplieta?
2987 3978 3040 4033 8.
3075 3976 3311 4047 Papulas
3346 3980 3428 4033 hic
3475 3983 3621 4037 labiis
3669 4002 3752 4039 me

2156 4051 2392 4128 honorat,
2420 4080 2509 4119 cor
2528 4076 2694 4120 autem
2718 4081 2893 4121 eorum
2913 4067 3063 4139 longe
3080 4079 3154 4124 est
3177 4086 3210 4122 a
3234 4086 3313 4125 me
3336 4070 3487 4140 (Isai.
3515 4073 3607 4130 29.
3632 4074 3751 4146 15).

2156 4154 2210 4211 9.
2244 4155 2463 4211 Frustra
2486 4152 2652 4211 autem
2678 4160 2849 4213 colunt
2883 4175 2981 4223 me,
3018 4161 3254 4217 docentes
3281 4164 3559 4232 doctrinas,
3598 4183 3749 4221 man-

2158 4248 2281 4303 data
2327 4250 2606 4304 hominum.
2670 4251 2856 4307 Viden‘
2899 4254 3232 4323 prophetiam
3283 4265 3533 4312 accurate
3589 4258 3751 4316 dictis

2154 4355 2470 4407 consonam,
2503 4359 2621 4413 qtizc
2654 4343 2766 4414 jam
2805 4345 2933 4399 olim
2964 4361 3151 4401 eorum
3191 4349 3573 4419 malignitatem
3606 4368 3745 4422 pra:—

2154 4436 2405 4490 nuntiat?
2425 4436 2577 4503 Quod
2607 4437 2855 4492 Christus
2881 4455 3021 4495 nunc
3044 4441 3348 4498 accusando
3373 4443 3599 4512 profert,
3644 4444 3749 4501 hoc

2147 4528 2259 4597 jam
2291 4530 2419 4584 olim
2449 4530 2582 4585 dixit
2623 4529 2806 4599 Isaias,
2850 4533 2995 4602 quod
3025 4536 3273 4591 mandata
3302 4536 3399 4593 Dei
3430 4549 3687 4607 spernant
3726 4559 3747 4596 :

2152 4622 2371 4677 Frustra
2396 4624 2539 4679 enim
2580 4623 2752 4679 colunt
2782 4642 2881 4693 me,
2929 4627 3133 4697 inquit;
3174 4627 3244 4683 de
3282 4629 3393 4685 suis
3432 4645 3562 4687 vero
3601 4648 3747 4703 pne-

2149 4717 2318 4785 ceptis
2362 4730 2608 4787 magnam
2658 4731 2842 4772 curam
2893 4716 3144 4786 habeant,
3186 4717 3438 4792 Docentes
3479 4724 3747 4791 mandata,

2149 4810 2407 4863 doctrinas
2433 4810 2716 4864 hominum.
2747 4809 2876 4866 Jure
2920 4825 3050 4883 ergo
3080 4812 3179 4868 has
3206 4813 3454 4884 discipuli
3486 4832 3593 4871 non
3623 4832 3743 4873 ser-

2154 4910 2301 4954 vant.
2336 4901 2621 4971 Postquam
2652 4902 2814 4971 igitur
2852 4902 3066 4959 letalem
3097 4904 3234 4959 hanc
3270 4905 3478 4974 plagam
3510 4907 3619 4963 illis
3656 4908 3744 4963 in-

2148 4993 2494 5067 ﬂixit,atque
2547 5010 2616 5051 ex
2669 4995 2857 5064 factis,
2916 5006 2974 5053 et
3026 5013 3094 5053 ex
3116 5000 3329 5069 propria
3356 5000 3593 5070 ipsorum
3620 5017 3746 5057 sen-

2150 5085 2335 5150 tentia,
2363 5101 2536 5156 exque
2568 5086 2824 5155 propheta
2850 5088 3243 5143 accusationem
3274 5092 3442 5153 auxit,
3473 5091 3579 5147 illis
3617 5094 3740 5165 qui-

2144 5178 2268 5234 dem
2314 5179 2447 5233 nihil
2491 5179 2625 5232 ultra
2668 5179 2920 5248 loquitur.
2953 5189 3137 5250 utpote
3175 5182 3267 5251 qui
3308 5182 3584 5240 emendari
3632 5202 3738 5242 non

2146 5280 2414 5343 poterant,
2464 5286 2770 5328 sermonem
2815 5289 2945 5328 vero
2991 5276 3258 5330 convertit
3300 5276 3367 5331 ad
3419 5277 3632 5345 turbas,
3679 5289 3740 5336 ut

2144 5366 2335 5438 dogma
2364 5364 2582 5420 inducat
2611 5366 2862 5430 sublime,
2898 5382 3170 5438 magnum,
3200 5380 3253 5424 et
3284 5370 3447 5426 multa
3489 5372 3739 5444 philoso-

2203 5549 2277 5613 (a)
2292 5556 2464 5599 Eorum
2485 5548 2570 5614 qui
2588 5548 2660 5599 sic
2681 5550 3129 5614 interpretabantur
3140 5567 3282 5607 mens
3302 5555 3407 5607 huic
3416 5556 3611 5609 videtur
3628 5560 3738 5614 Ibis-

2137 5611 2232 5683 ετξηέ
2254 5621 2453 5683 panum
2471 5611 2653 5683 onero,
2670 5611 3067 5683 quod_etit_tm_tibi
3088 5616 3267 5680 prosit,
3293 5617 3475 5683 siquid
3498 5632 3611 5672 vero
3648 5611 3741 5673 tibi

2137 5672 2531 5747 omcﬁgrwmi}
2552 5711 2566 5735 ,
2598 5674 2666 5747 id
2685 5676 2838 5747 gratis
2882 5676 3010 5747 facio
3028 5716 3040 5738 ,
3076 5672 3187 5747 cum
3224 5672 3384 5731 oinuiti
3417 5696 3527 5747 mea

2143 5734 2426 5802 Dcooﬁ‘erre
2438 5749 2458 5799 ,'
2480 5734 2524 5788 si
2546 5734 2666 5799 Quid
2686 5734 2740 5788 in
2763 5746 2808 5788 te
2830 5734 3095 5803 conferam,
3114 5740 3167 5793 id
3187 5755 3254 5793 ex
3271 5757 3379 5795 utea
3393 5734 3569 5809 μεηάὰ
3587 5734 3731 5797 liber-

2132 5810 2251 5856 1018.
2404 5818 2405 5821 “
