  <div class='ocr_page' id='page_1' title='image "/cluster/home/n/w/nwhite01/storage/ocr_20150623/58/ien.35556001660851/058.png"; bbox 0 0 4046 6432; ppageno 0'>
   <div class='ocr_carea' id='block_1_1' title="bbox 298 416 409 478">
    <p class='ocr_par' dir='ltr' id='par_1_1' title="bbox 298 416 409 478">
     <span class='ocr_line' id='line_1_1' title="bbox 298 416 409 478; baseline 0 -1"><span class='ocrx_word' id='word_1_1' title='bbox 298 416 409 478; x_wconf 67' lang='grc'><strong>813</strong></span> 
     </span>
    </p>
   </div>
   <div class='ocr_carea' id='block_1_2' title="bbox 304 602 1916 689">
    <p class='ocr_par' dir='ltr' id='par_1_2' title="bbox 304 602 1916 689">
     <span class='ocr_line' id='line_1_2' title="bbox 304 602 1916 689; baseline -0.021 -3"><span class='ocrx_word' id='word_1_2' title='bbox 304 602 395 685; x_wconf 81' lang='lat' dir='ltr'><strong>iud</strong></span> <span class='ocrx_word' id='word_1_3' title='bbox 434 602 731 689; x_wconf 80' lang='lat' dir='ltr'><strong>contexuit,</strong></span> <span class='ocrx_word' id='word_1_4' title='bbox 779 631 835 677; x_wconf 91' lang='lat' dir='ltr'><strong>et</strong></span> <span class='ocrx_word' id='word_1_5' title='bbox 880 621 1127 674; x_wconf 87' lang='lat' dir='ltr'><strong>ciborum</strong></span> <span class='ocrx_word' id='word_1_6' title='bbox 1171 611 1607 670; x_wconf 76' lang='lat' dir='ltr'><strong>observationem</strong></span> <span class='ocrx_word' id='word_1_7' title='bbox 1654 602 1916 660; x_wconf 88' lang='lat' dir='ltr'><strong>eliminat.</strong></span> 
     </span>
    </p>
   </div>
   <div class='ocr_carea' id='block_1_3' title="bbox 296 695 1918 787">
    <p class='ocr_par' dir='ltr' id='par_1_3' title="bbox 296 695 1918 787">
     <span class='ocr_line' id='line_1_3' title="bbox 296 695 1918 787; baseline -0.018 -9"><span class='ocrx_word' id='word_1_8' title='bbox 296 720 408 777; x_wconf 82' lang='lat' dir='ltr'><strong>Sed</strong></span> <span class='ocrx_word' id='word_1_9' title='bbox 437 720 561 775; x_wconf 88' lang='lat' dir='ltr'><strong>vide</strong></span> <span class='ocrx_word' id='word_1_10' title='bbox 585 714 823 787; x_wconf 84' lang='lat' dir='ltr'><strong>quando.</strong></span> <span class='ocrx_word' id='word_1_11' title='bbox 847 712 983 769; x_wconf 89' lang='lat' dir='ltr'><strong>Cum</strong></span> <span class='ocrx_word' id='word_1_12' title='bbox 1011 711 1287 780; x_wconf 81' lang='lat' dir='ltr'><strong>leprosum</strong></span> <span class='ocrx_word' id='word_1_13' title='bbox 1312 701 1612 764; x_wconf 85' lang='lat' dir='ltr'><strong>mundavit,</strong></span> <span class='ocrx_word' id='word_1_14' title='bbox 1644 713 1767 755; x_wconf 90' lang='lat' dir='ltr'><strong>cum</strong></span> <span class='ocrx_word' id='word_1_15' title='bbox 1794 695 1918 750; x_wconf 86' lang='lat' dir='ltr'><strong>sab-</strong></span> 
     </span>
    </p>
   </div>
   <div class='ocr_carea' id='block_1_4' title="bbox 296 788 1915 881">
    <p class='ocr_par' dir='ltr' id='par_1_4' title="bbox 296 788 1915 881">
     <span class='ocr_line' id='line_1_4' title="bbox 296 788 1915 881; baseline -0.017 -12"><span class='ocrx_word' id='word_1_16' title='bbox 296 816 479 869; x_wconf 83' lang='lat' dir='ltr'><strong>batum</strong></span> <span class='ocrx_word' id='word_1_17' title='bbox 508 810 705 875; x_wconf 84' lang='lat' dir='ltr'><strong>solvit;</strong></span> <span class='ocrx_word' id='word_1_18' title='bbox 739 806 955 881; x_wconf 85' lang='lat' dir='ltr'><strong>quando</strong></span> <span class='ocrx_word' id='word_1_19' title='bbox 996 814 1154 858; x_wconf 78' lang='lat' dir='ltr'><strong>terrze</strong></span> <span class='ocrx_word' id='word_1_20' title='bbox 1201 799 1473 867; x_wconf 89' lang='lat' dir='ltr'><strong>marisque</strong></span> <span class='ocrx_word' id='word_1_21' title='bbox 1502 807 1684 864; x_wconf 84' lang='lat' dir='ltr'><strong>regem</strong></span> <span class='ocrx_word' id='word_1_22' title='bbox 1722 805 1783 846; x_wconf 89' lang='lat' dir='ltr'><strong>se</strong></span> <span class='ocrx_word' id='word_1_23' title='bbox 1821 788 1915 844; x_wconf 85' lang='lat' dir='ltr'><strong>de-</strong></span> 
     </span>
    </p>
   </div>
   <div class='ocr_carea' id='block_1_5' title="bbox 296 883 1909 974">
    <p class='ocr_par' dir='ltr' id='par_1_5' title="bbox 296 883 1909 974">
     <span class='ocr_line' id='line_1_5' title="bbox 296 883 1909 974; baseline -0.017 -13"><span class='ocrx_word' id='word_1_24' title='bbox 296 904 541 970; x_wconf 82' lang='lat' dir='ltr'><strong>claravit,</strong></span> <span class='ocrx_word' id='word_1_25' title='bbox 574 900 790 974; x_wconf 87' lang='lat' dir='ltr'><strong>quando</strong></span> <span class='ocrx_word' id='word_1_26' title='bbox 815 899 964 969; x_wconf 75' lang='lat' dir='ltr'><strong>leges</strong></span> <span class='ocrx_word' id='word_1_27' title='bbox 994 896 1163 958; x_wconf 85' lang='lat' dir='ltr'><strong>dedit.</strong></span> <span class='ocrx_word' id='word_1_28' title='bbox 1189 891 1407 964; x_wconf 86' lang='lat' dir='ltr'><strong>quando</strong></span> <span class='ocrx_word' id='word_1_29' title='bbox 1440 897 1658 960; x_wconf 87' lang='lat' dir='ltr'><strong>peccata</strong></span> <span class='ocrx_word' id='word_1_30' title='bbox 1685 883 1909 945; x_wconf 85' lang='lat' dir='ltr'><strong>dimisit,</strong></span> 
     </span>
    </p>
   </div>
   <div class='ocr_carea' id='block_1_6' title="bbox 291 978 1915 1067">
    <p class='ocr_par' dir='ltr' id='par_1_6' title="bbox 291 978 1915 1067">
     <span class='ocr_line' id='line_1_6' title="bbox 291 978 1915 1067; baseline -0.014 -14"><span class='ocrx_word' id='word_1_31' title='bbox 291 996 511 1067; x_wconf 82' lang='lat' dir='ltr'><strong>quando</strong></span> <span class='ocrx_word' id='word_1_32' title='bbox 540 1001 784 1050; x_wconf 87' lang='lat' dir='ltr'><strong>mortuos</strong></span> <span class='ocrx_word' id='word_1_33' title='bbox 823 990 1096 1055; x_wconf 80' lang='lat' dir='ltr'><strong>excitavit,</strong></span> <span class='ocrx_word' id='word_1_34' title='bbox 1129 985 1347 1056; x_wconf 88' lang='lat' dir='ltr'><strong>quando</strong></span> <span class='ocrx_word' id='word_1_35' title='bbox 1385 990 1704 1053; x_wconf 80' lang='lat' dir='ltr'><strong>argumenta</strong></span> <span class='ocrx_word' id='word_1_36' title='bbox 1745 978 1915 1031; x_wconf 86' lang='lat' dir='ltr'><strong>multa</strong></span> 
     </span>
    </p>
   </div>
   <div class='ocr_carea' id='block_1_7' title="bbox 292 1069 1913 1156">
    <p class='ocr_par' dir='ltr' id='par_1_7' title="bbox 292 1069 1913 1156">
     <span class='ocr_line' id='line_1_7' title="bbox 292 1069 1913 1156; baseline -0.013 -13"><span class='ocrx_word' id='word_1_37' title='bbox 292 1086 593 1144; x_wconf 87' lang='lat' dir='ltr'><strong>divinitatis</strong></span> <span class='ocrx_word' id='word_1_38' title='bbox 635 1101 749 1141; x_wconf 65' lang='lat' dir='ltr'><strong>sua:</strong></span> <span class='ocrx_word' id='word_1_39' title='bbox 794 1084 927 1156; x_wconf 82' lang='lat' dir='ltr'><strong>ipsis</strong></span> <span class='ocrx_word' id='word_1_40' title='bbox 968 1079 1219 1153; x_wconf 80' lang='lat' dir='ltr'><strong>praebuit,</strong></span> <span class='ocrx_word' id='word_1_41' title='bbox 1269 1087 1397 1131; x_wconf 88' lang='lat' dir='ltr'><strong>tunc</strong></span> <span class='ocrx_word' id='word_1_42' title='bbox 1439 1074 1509 1130; x_wconf 90' lang='lat' dir='ltr'><strong>de</strong></span> <span class='ocrx_word' id='word_1_43' title='bbox 1551 1071 1690 1128; x_wconf 83' lang='lat' dir='ltr'><strong>cibis</strong></span> <span class='ocrx_word' id='word_1_44' title='bbox 1734 1069 1913 1140; x_wconf 85' lang='lat' dir='ltr'><strong>loqui-</strong></span> 
     </span>
    </p>
   </div>
   <div class='ocr_carea' id='block_1_8' title="bbox 291 1192 402 1238">
    <p class='ocr_par' dir='ltr' id='par_1_8' title="bbox 291 1192 402 1238">
     <span class='ocr_line' id='line_1_8' title="bbox 291 1192 402 1238; baseline -0.027 0"><span class='ocrx_word' id='word_1_45' title='bbox 291 1192 402 1238; x_wconf 89' lang='lat' dir='ltr'><strong>tur.</strong></span> 
     </span>
    </p>
   </div>
   <div class='ocr_carea' id='block_1_9' title="bbox 365 1258 1912 1345">
    <p class='ocr_par' dir='ltr' id='par_1_9' title="bbox 365 1258 1912 1345">
     <span class='ocr_line' id='line_1_9' title="bbox 365 1258 1912 1345; baseline -0.012 -14"><span class='ocrx_word' id='word_1_46' title='bbox 365 1276 421 1331; x_wconf 75' lang='lat'><strong>5.</strong></span> <span class='ocrx_word' id='word_1_47' title='bbox 467 1271 795 1345; x_wconf 69' lang='lat' dir='ltr'><strong>Abrogandat</strong></span> <span class='ocrx_word' id='word_1_48' title='bbox 846 1266 1250 1325; x_wconf 76' lang='lat' dir='ltr'><strong>circumcisionis</strong></span> <span class='ocrx_word' id='word_1_49' title='bbox 1302 1260 1594 1336; x_wconf 75' lang='lat' dir='ltr'><strong>diﬁieultas.</strong></span> <span class='ocrx_word' id='word_1_50' title='bbox 1630 1290 1703 1301; x_wconf 89' lang='lat'><strong>—</strong></span> <span class='ocrx_word' id='word_1_51' title='bbox 1742 1258 1912 1313; x_wconf 88' lang='lat' dir='ltr'><strong>Totus</strong></span> 
     </span>
    </p>
   </div>
   <div class='ocr_carea' id='block_1_10' title="bbox 290 1351 1912 1421">
    <p class='ocr_par' dir='ltr' id='par_1_10' title="bbox 290 1351 1912 1421">
     <span class='ocr_line' id='line_1_10' title="bbox 290 1351 1912 1421; baseline -0.01 0"><span class='ocrx_word' id='word_1_52' title='bbox 290 1366 437 1421; x_wconf 88' lang='lat' dir='ltr'><strong>enim</strong></span> <span class='ocrx_word' id='word_1_53' title='bbox 473 1364 785 1421; x_wconf 84' lang='lat' dir='ltr'><strong>Judaismus</strong></span> <span class='ocrx_word' id='word_1_54' title='bbox 825 1362 928 1417; x_wconf 87' lang='lat' dir='ltr'><strong>bac</strong></span> <span class='ocrx_word' id='word_1_55' title='bbox 957 1361 1009 1416; x_wconf 82' lang='lat' dir='ltr'><strong>in</strong></span> <span class='ocrx_word' id='word_1_56' title='bbox 1040 1375 1101 1416; x_wconf 89' lang='lat' dir='ltr'><strong>re</strong></span> <span class='ocrx_word' id='word_1_57' title='bbox 1126 1359 1478 1414; x_wconf 87' lang='lat' dir='ltr'><strong>continetur:</strong></span> <span class='ocrx_word' id='word_1_58' title='bbox 1510 1355 1556 1410; x_wconf 92' lang='lat' dir='ltr'><strong>si</strong></span> <span class='ocrx_word' id='word_1_59' title='bbox 1598 1354 1701 1409; x_wconf 89' lang='lat' dir='ltr'><strong>hoc</strong></span> <span class='ocrx_word' id='word_1_60' title='bbox 1726 1351 1912 1408; x_wconf 83' lang='lat' dir='ltr'><strong>abstu-</strong></span> 
     </span>
    </p>
   </div>
   <div class='ocr_carea' id='block_1_11' title="bbox 292 1449 1907 1528">
    <p class='ocr_par' dir='ltr' id='par_1_11' title="bbox 292 1449 1907 1528">
     <span class='ocr_line' id='line_1_11' title="bbox 292 1449 1907 1528; baseline -0.008 -14"><span class='ocrx_word' id='word_1_61' title='bbox 292 1460 457 1528; x_wconf 84' lang='lat' dir='ltr'><strong>leris,</strong></span> <span class='ocrx_word' id='word_1_62' title='bbox 507 1468 679 1514; x_wconf 91' lang='lat' dir='ltr'><strong>totum</strong></span> <span class='ocrx_word' id='word_1_63' title='bbox 740 1454 1028 1512; x_wconf 83' lang='lat' dir='ltr'><strong>abstulisti.</strong></span> <span class='ocrx_word' id='word_1_64' title='bbox 1098 1452 1233 1510; x_wconf 84' lang='lat' dir='ltr'><strong>Nam</strong></span> <span class='ocrx_word' id='word_1_65' title='bbox 1298 1449 1423 1507; x_wconf 88' lang='lat' dir='ltr'><strong>inde</strong></span> <span class='ocrx_word' id='word_1_66' title='bbox 1475 1454 1907 1513; x_wconf 84' lang='lat' dir='ltr'><strong>commonstrat,</strong></span> 
     </span>
    </p>
   </div>
   <div class='ocr_carea' id='block_1_12' title="bbox 288 1539 1911 1618">
    <p class='ocr_par' dir='ltr' id='par_1_12' title="bbox 288 1539 1911 1618">
     <span class='ocr_line' id='line_1_12' title="bbox 288 1539 1911 1618; baseline -0.009 -8"><span class='ocrx_word' id='word_1_67' title='bbox 288 1555 454 1609; x_wconf 88' lang='lat' dir='ltr'><strong>etiam</strong></span> <span class='ocrx_word' id='word_1_68' title='bbox 502 1551 972 1610; x_wconf 90' lang='lat' dir='ltr'><strong>circumcisionem</strong></span> <span class='ocrx_word' id='word_1_69' title='bbox 1015 1546 1265 1618; x_wconf 89' lang='lat' dir='ltr'><strong>abrogari</strong></span> <span class='ocrx_word' id='word_1_70' title='bbox 1312 1552 1609 1617; x_wconf 82' lang='lat' dir='ltr'><strong>oportere:</strong></span> <span class='ocrx_word' id='word_1_71' title='bbox 1642 1541 1737 1597; x_wconf 83' lang='lat' dir='ltr'><strong>sed</strong></span> <span class='ocrx_word' id='word_1_72' title='bbox 1778 1539 1911 1595; x_wconf 89' lang='lat' dir='ltr'><strong>illud</strong></span> 
     </span>
    </p>
   </div>
   <div class='ocr_carea' id='block_1_13' title="bbox 291 1635 1909 1721">
    <p class='ocr_par' dir='ltr' id='par_1_13' title="bbox 291 1635 1909 1721">
     <span class='ocr_line' id='line_1_13' title="bbox 291 1635 1909 1721; baseline -0.012 -17"><span class='ocrx_word' id='word_1_73' title='bbox 291 1665 401 1704; x_wconf 87' lang='lat' dir='ltr'><strong>non</strong></span> <span class='ocrx_word' id='word_1_74' title='bbox 458 1646 729 1718; x_wconf 62' lang='lat' dir='ltr'><strong>praecipue</strong></span> <span class='ocrx_word' id='word_1_75' title='bbox 795 1641 1037 1721; x_wconf 81' lang='lat' dir='ltr'><strong>induxit,</strong></span> <span class='ocrx_word' id='word_1_76' title='bbox 1091 1639 1346 1711; x_wconf 90' lang='lat' dir='ltr'><strong>quoniam</strong></span> <span class='ocrx_word' id='word_1_77' title='bbox 1412 1635 1515 1692; x_wconf 88' lang='lat' dir='ltr'><strong>hoc</strong></span> <span class='ocrx_word' id='word_1_78' title='bbox 1582 1642 1909 1705; x_wconf 71' lang='lat' dir='ltr'><strong>prameptum</strong></span> 
     </span>
    </p>
   </div>
   <div class='ocr_carea' id='block_1_14' title="bbox 291 1722 1910 1804">
    <p class='ocr_par' dir='ltr' id='par_1_14' title="bbox 291 1722 1910 1804">
     <span class='ocr_line' id='line_1_14' title="bbox 291 1722 1910 1804; baseline -0.01 -12"><span class='ocrx_word' id='word_1_79' title='bbox 291 1739 416 1793; x_wconf 84' lang='lat' dir='ltr'><strong>aliis</strong></span> <span class='ocrx_word' id='word_1_80' title='bbox 464 1746 584 1793; x_wconf 88' lang='lat' dir='ltr'><strong>erat</strong></span> <span class='ocrx_word' id='word_1_81' title='bbox 632 1734 941 1804; x_wconf 82' lang='lat' dir='ltr'><strong>antiquius,</strong></span> <span class='ocrx_word' id='word_1_82' title='bbox 989 1741 1047 1787; x_wconf 89' lang='lat' dir='ltr'><strong>et</strong></span> <span class='ocrx_word' id='word_1_83' title='bbox 1094 1730 1302 1799; x_wconf 84' lang='lat' dir='ltr'><strong>majore</strong></span> <span class='ocrx_word' id='word_1_84' title='bbox 1345 1726 1739 1785; x_wconf 85' lang='lat' dir='ltr'><strong>observabatur</strong></span> <span class='ocrx_word' id='word_1_85' title='bbox 1780 1722 1910 1777; x_wconf 86' lang='lat' dir='ltr'><strong>reli-</strong></span> 
     </span>
    </p>
   </div>
   <div class='ocr_carea' id='block_1_15' title="bbox 290 1819 1912 1897">
    <p class='ocr_par' dir='ltr' id='par_1_15' title="bbox 290 1819 1912 1897">
     <span class='ocr_line' id='line_1_15' title="bbox 290 1819 1912 1897; baseline -0.006 -18"><span class='ocrx_word' id='word_1_86' title='bbox 290 1832 482 1897; x_wconf 84' lang='lat' dir='ltr'><strong>gione;</strong></span> <span class='ocrx_word' id='word_1_87' title='bbox 511 1828 607 1883; x_wconf 91' lang='lat' dir='ltr'><strong>sed</strong></span> <span class='ocrx_word' id='word_1_88' title='bbox 654 1842 749 1897; x_wconf 86' lang='lat' dir='ltr'><strong>per</strong></span> <span class='ocrx_word' id='word_1_89' title='bbox 768 1824 1067 1895; x_wconf 83' lang='lat' dir='ltr'><strong>discipulos</strong></span> <span class='ocrx_word' id='word_1_90' title='bbox 1098 1822 1230 1878; x_wconf 90' lang='lat' dir='ltr'><strong>illud</strong></span> <span class='ocrx_word' id='word_1_91' title='bbox 1255 1822 1459 1875; x_wconf 80' lang='lat' dir='ltr'><strong>statuit.</strong></span> <span class='ocrx_word' id='word_1_92' title='bbox 1492 1819 1567 1874; x_wconf 87' lang='lat' dir='ltr'><strong>ita</strong></span> <span class='ocrx_word' id='word_1_93' title='bbox 1596 1832 1790 1887; x_wconf 88' lang='lat' dir='ltr'><strong>magna</strong></span> <span class='ocrx_word' id='word_1_94' title='bbox 1822 1830 1912 1871; x_wconf 87' lang='lat' dir='ltr'><strong>res</strong></span> 
     </span>
    </p>
   </div>
   <div class='ocr_carea' id='block_1_16' title="bbox 288 1894 1911 1990">
    <p class='ocr_par' dir='ltr' id='par_1_16' title="bbox 288 1894 1911 1990">
     <span class='ocr_line' id='line_1_16' title="bbox 288 1894 1911 1990; baseline -0.009 -12"><span class='ocrx_word' id='word_1_95' title='bbox 288 1894 445 1988; x_wconf 46' lang='lat' dir='ltr'><strong>erae,</strong></span> <span class='ocrx_word' id='word_1_96' title='bbox 477 1932 534 1977; x_wconf 92' lang='lat' dir='ltr'><strong>ut</strong></span> <span class='ocrx_word' id='word_1_97' title='bbox 581 1894 703 1977; x_wconf 74' lang='lat' dir='ltr'><strong>cuin</strong></span> <span class='ocrx_word' id='word_1_98' title='bbox 745 1919 995 1990; x_wconf 85' lang='lat' dir='ltr'><strong>discipuli</strong></span> <span class='ocrx_word' id='word_1_99' title='bbox 1047 1924 1169 1989; x_wconf 89' lang='lat' dir='ltr'><strong>post</strong></span> <span class='ocrx_word' id='word_1_100' title='bbox 1208 1924 1416 1971; x_wconf 89' lang='lat' dir='ltr'><strong>tantum</strong></span> <span class='ocrx_word' id='word_1_101' title='bbox 1450 1924 1664 1983; x_wconf 82' lang='lat' dir='ltr'><strong>tempus</strong></span> <span class='ocrx_word' id='word_1_102' title='bbox 1708 1910 1911 1966; x_wconf 87' lang='lat' dir='ltr'><strong>vellent</strong></span> 
     </span>
    </p>
   </div>
   <div class='ocr_carea' id='block_1_17' title="bbox 289 2005 1911 2089">
    <p class='ocr_par' dir='ltr' id='par_1_17' title="bbox 289 2005 1911 2089">
     <span class='ocr_line' id='line_1_17' title="bbox 289 2005 1911 2089; baseline -0.006 -20"><span class='ocrx_word' id='word_1_103' title='bbox 289 2016 438 2072; x_wconf 80' lang='lat' dir='ltr'><strong>illam</strong></span> <span class='ocrx_word' id='word_1_104' title='bbox 491 2016 786 2089; x_wconf 87' lang='lat' dir='ltr'><strong>abrogare,</strong></span> <span class='ocrx_word' id='word_1_105' title='bbox 848 2015 1021 2082; x_wconf 89' lang='lat' dir='ltr'><strong>primo</strong></span> <span class='ocrx_word' id='word_1_106' title='bbox 1067 2013 1213 2068; x_wconf 79' lang='lat' dir='ltr'><strong>illaut</strong></span> <span class='ocrx_word' id='word_1_107' title='bbox 1268 2009 1651 2074; x_wconf 88' lang='lat' dir='ltr'><strong>adhibuerint,</strong></span> <span class='ocrx_word' id='word_1_108' title='bbox 1711 2005 1911 2062; x_wconf 87' lang='lat' dir='ltr'><strong>deinde</strong></span> 
     </span>
    </p>
   </div>
   <div class='ocr_carea' id='block_1_18' title="bbox 289 2100 1907 2177">
    <p class='ocr_par' dir='ltr' id='par_1_18' title="bbox 289 2100 1907 2177">
     <span class='ocr_line' id='line_1_18' title="bbox 289 2100 1907 2177; baseline -0.005 -13"><span class='ocrx_word' id='word_1_109' title='bbox 289 2112 624 2177; x_wconf 75' lang='lat' dir='ltr'><strong>abrogarint.</strong></span> <span class='ocrx_word' id='word_1_110' title='bbox 681 2108 816 2164; x_wconf 85' lang='lat' dir='ltr'><strong>Vide</strong></span> <span class='ocrx_word' id='word_1_111' title='bbox 868 2115 1048 2162; x_wconf 84' lang='lat' dir='ltr'><strong>autem</strong></span> <span class='ocrx_word' id='word_1_112' title='bbox 1103 2104 1377 2177; x_wconf 87' lang='lat' dir='ltr'><strong>quomodo</strong></span> <span class='ocrx_word' id='word_1_113' title='bbox 1431 2103 1605 2173; x_wconf 88' lang='lat' dir='ltr'><strong>legem</strong></span> <span class='ocrx_word' id='word_1_114' title='bbox 1666 2100 1907 2156; x_wconf 85' lang='lat' dir='ltr'><strong>inducat.</strong></span> 
     </span>
    </p>
   </div>
   <div class='ocr_carea' id='block_1_19' title="bbox 291 2193 1905 2273">
    <p class='ocr_par' dir='ltr' id='par_1_19' title="bbox 291 2193 1905 2273">
     <span class='ocr_line' id='line_1_19' title="bbox 291 2193 1905 2273; baseline -0.008 -13"><span class='ocrx_word' id='word_1_115' title='bbox 291 2205 382 2260; x_wconf 83' lang='grc'><strong>10.</strong></span> <span class='ocrx_word' id='word_1_116' title='bbox 424 2201 553 2259; x_wconf 83' lang='lat' dir='ltr'><strong>Cum</strong></span> <span class='ocrx_word' id='word_1_117' title='bbox 610 2201 905 2255; x_wconf 76' lang='lat' dir='ltr'><strong>advocasset</strong></span> <span class='ocrx_word' id='word_1_118' title='bbox 952 2200 1085 2253; x_wconf 83' lang='lat' dir='ltr'><strong>enim</strong></span> <span class='ocrx_word' id='word_1_119' title='bbox 1131 2196 1341 2261; x_wconf 82' lang='lat' dir='ltr'><strong>turbas,</strong></span> <span class='ocrx_word' id='word_1_120' title='bbox 1386 2193 1593 2264; x_wconf 85' lang='lat' dir='ltr'><strong>inquit,</strong></span> <span class='ocrx_word' id='word_1_121' title='bbox 1626 2194 1757 2248; x_wconf 52' lang='lat' dir='ltr'><strong>diu?</strong></span> <span class='ocrx_word' id='word_1_122' title='bbox 1791 2193 1905 2273; x_wconf 78' lang='lat' dir='ltr'><strong>eis,</strong></span> 
     </span>
    </p>
   </div>
   <div class='ocr_carea' id='block_1_20' title="bbox 290 2284 1908 2363">
    <p class='ocr_par' dir='ltr' id='par_1_20' title="bbox 290 2284 1908 2363">
     <span class='ocr_line' id='line_1_20' title="bbox 290 2284 1908 2363; baseline -0.006 -14"><span class='ocrx_word' id='word_1_123' title='bbox 290 2294 480 2349; x_wconf 78' lang='lat' dir='ltr'><strong>Audite</strong></span> <span class='ocrx_word' id='word_1_124' title='bbox 503 2303 549 2348; x_wconf 88' lang='lat' dir='ltr'><strong>et</strong></span> <span class='ocrx_word' id='word_1_125' title='bbox 576 2293 862 2363; x_wconf 83' lang='lat' dir='ltr'><strong>intelligite.</strong></span> <span class='ocrx_word' id='word_1_126' title='bbox 896 2289 1085 2362; x_wconf 81' lang='lat' dir='ltr'><strong>Neque</strong></span> <span class='ocrx_word' id='word_1_127' title='bbox 1116 2290 1259 2343; x_wconf 91' lang='lat' dir='ltr'><strong>enim</strong></span> <span class='ocrx_word' id='word_1_128' title='bbox 1287 2286 1605 2356; x_wconf 86' lang='lat' dir='ltr'><strong>simpliciter</strong></span> <span class='ocrx_word' id='word_1_129' title='bbox 1646 2286 1779 2355; x_wconf 84' lang='lat' dir='ltr'><strong>ipsis</strong></span> <span class='ocrx_word' id='word_1_130' title='bbox 1804 2284 1908 2339; x_wconf 88' lang='lat' dir='ltr'><strong>hoc</strong></span> 
     </span>
    </p>
   </div>
   <div class='ocr_carea' id='block_1_21' title="bbox 289 2376 1908 2455">
    <p class='ocr_par' dir='ltr' id='par_1_21' title="bbox 289 2376 1908 2455">
     <span class='ocr_line' id='line_1_21' title="bbox 289 2376 1908 2455; baseline -0.006 -16"><span class='ocrx_word' id='word_1_131' title='bbox 289 2387 605 2452; x_wconf 83' lang='lat' dir='ltr'><strong>annuntiat,</strong></span> <span class='ocrx_word' id='word_1_132' title='bbox 658 2384 753 2440; x_wconf 89' lang='lat' dir='ltr'><strong>sed</strong></span> <span class='ocrx_word' id='word_1_133' title='bbox 800 2383 951 2455; x_wconf 89' lang='lat' dir='ltr'><strong>prius</strong></span> <span class='ocrx_word' id='word_1_134' title='bbox 982 2382 1188 2436; x_wconf 87' lang='lat' dir='ltr'><strong>honore</strong></span> <span class='ocrx_word' id='word_1_135' title='bbox 1228 2390 1389 2450; x_wconf 87' lang='lat' dir='ltr'><strong>atque</strong></span> <span class='ocrx_word' id='word_1_136' title='bbox 1431 2376 1693 2447; x_wconf 91' lang='lat' dir='ltr'><strong>obsequio</strong></span> <span class='ocrx_word' id='word_1_137' title='bbox 1728 2384 1908 2430; x_wconf 86' lang='lat' dir='ltr'><strong>atten-</strong></span> 
     </span>
    </p>
   </div>
   <div class='ocr_carea' id='block_1_22' title="bbox 291 2469 1909 2543">
    <p class='ocr_par' dir='ltr' id='par_1_22' title="bbox 291 2469 1909 2543">
     <span class='ocr_line' id='line_1_22' title="bbox 291 2469 1909 2543; baseline -0.007 -8"><span class='ocrx_word' id='word_1_138' title='bbox 291 2480 491 2535; x_wconf 84' lang='lat' dir='ltr'><strong>tionem</strong></span> <span class='ocrx_word' id='word_1_139' title='bbox 536 2477 777 2534; x_wconf 83' lang='lat' dir='ltr'><strong>sermoni</strong></span> <span class='ocrx_word' id='word_1_140' title='bbox 816 2490 920 2531; x_wconf 91' lang='lat' dir='ltr'><strong>suo</strong></span> <span class='ocrx_word' id='word_1_141' title='bbox 960 2473 1214 2531; x_wconf 87' lang='lat' dir='ltr'><strong>conciliat</strong></span> <span class='ocrx_word' id='word_1_142' title='bbox 1259 2472 1387 2543; x_wconf 90' lang='lat' dir='ltr'><strong>(hoc</strong></span> <span class='ocrx_word' id='word_1_143' title='bbox 1410 2470 1555 2527; x_wconf 87' lang='lat' dir='ltr'><strong>enim</strong></span> <span class='ocrx_word' id='word_1_144' title='bbox 1583 2469 1909 2540; x_wconf 80' lang='lat' dir='ltr'><strong>signiﬁcavit</strong></span> 
     </span>
    </p>
   </div>
   <div class='ocr_carea' id='block_1_23' title="bbox 289 2564 1907 2644">
    <p class='ocr_par' dir='ltr' id='par_1_23' title="bbox 289 2564 1907 2644">
     <span class='ocr_line' id='line_1_23' title="bbox 289 2564 1907 2644; baseline -0.006 -15"><span class='ocrx_word' id='word_1_145' title='bbox 289 2573 617 2644; x_wconf 76' lang='lat' dir='ltr'><strong>evangelista</strong></span> <span class='ocrx_word' id='word_1_146' title='bbox 648 2588 771 2626; x_wconf 89' lang='lat' dir='ltr'><strong>cmn</strong></span> <span class='ocrx_word' id='word_1_147' title='bbox 803 2570 975 2636; x_wconf 90' lang='lat' dir='ltr'><strong>dixit,</strong></span> <span class='ocrx_word' id='word_1_148' title='bbox 1008 2567 1139 2624; x_wconf 86' lang='lat' dir='ltr'><strong>Cum</strong></span> <span class='ocrx_word' id='word_1_149' title='bbox 1164 2566 1459 2621; x_wconf 76' lang='lat' dir='ltr'><strong>advocasset</strong></span> <span class='ocrx_word' id='word_1_150' title='bbox 1486 2564 1732 2635; x_wconf 77' lang='lat' dir='ltr'><strong>deinde),</strong></span> <span class='ocrx_word' id='word_1_151' title='bbox 1776 2578 1907 2619; x_wconf 85' lang='lat' dir='ltr'><strong>nec-</strong></span> 
     </span>
    </p>
   </div>
   <div class='ocr_carea' id='block_1_24' title="bbox 290 2654 1906 2734">
    <p class='ocr_par' dir='ltr' id='par_1_24' title="bbox 290 2654 1906 2734">
     <span class='ocr_line' id='line_1_24' title="bbox 290 2654 1906 2734; baseline -0.006 -15"><span class='ocrx_word' id='word_1_152' title='bbox 290 2666 396 2719; x_wconf 88' lang='lat' dir='ltr'><strong>non</strong></span> <span class='ocrx_word' id='word_1_153' title='bbox 424 2680 491 2719; x_wconf 89' lang='lat' dir='ltr'><strong>ex</strong></span> <span class='ocrx_word' id='word_1_154' title='bbox 523 2663 783 2734; x_wconf 88' lang='lat' dir='ltr'><strong>temporis</strong></span> <span class='ocrx_word' id='word_1_155' title='bbox 808 2659 1232 2731; x_wconf 83' lang='lat' dir='ltr'><strong>Opportunitate.</strong></span> <span class='ocrx_word' id='word_1_156' title='bbox 1280 2657 1572 2727; x_wconf 88' lang='lat' dir='ltr'><strong>Postquam</strong></span> <span class='ocrx_word' id='word_1_157' title='bbox 1612 2656 1754 2709; x_wconf 88' lang='lat' dir='ltr'><strong>enim</strong></span> <span class='ocrx_word' id='word_1_158' title='bbox 1783 2654 1906 2709; x_wconf 73' lang='lat' dir='ltr'><strong>ilios</strong></span> 
     </span>
    </p>
   </div>
   <div class='ocr_carea' id='block_1_25' title="bbox 287 2748 1906 2824">
    <p class='ocr_par' dir='ltr' id='par_1_25' title="bbox 287 2748 1906 2824">
     <span class='ocr_line' id='line_1_25' title="bbox 287 2748 1906 2824; baseline -0.009 -9"><span class='ocrx_word' id='word_1_159' title='bbox 287 2760 657 2817; x_wconf 83' lang='lat' dir='ltr'><strong>coofutaverat</strong></span> <span class='ocrx_word' id='word_1_160' title='bbox 697 2768 751 2812; x_wconf 92' lang='lat' dir='ltr'><strong>et</strong></span> <span class='ocrx_word' id='word_1_161' title='bbox 798 2757 1033 2818; x_wconf 85' lang='lat' dir='ltr'><strong>vicerat,</strong></span> <span class='ocrx_word' id='word_1_162' title='bbox 1073 2761 1353 2824; x_wconf 85' lang='lat' dir='ltr'><strong>postquam</strong></span> <span class='ocrx_word' id='word_1_163' title='bbox 1383 2766 1448 2805; x_wconf 88' lang='lat' dir='ltr'><strong>ex</strong></span> <span class='ocrx_word' id='word_1_164' title='bbox 1480 2748 1741 2820; x_wconf 89' lang='lat' dir='ltr'><strong>propheta</strong></span> <span class='ocrx_word' id='word_1_165' title='bbox 1785 2748 1906 2801; x_wconf 76' lang='lat' dir='ltr'><strong>red-</strong></span> 
     </span>
    </p>
   </div>
   <div class='ocr_carea' id='block_1_26' title="bbox 285 2840 1904 2923">
    <p class='ocr_par' dir='ltr' id='par_1_26' title="bbox 285 2840 1904 2923">
     <span class='ocr_line' id='line_1_26' title="bbox 285 2840 1904 2923; baseline -0.009 -16"><span class='ocrx_word' id='word_1_166' title='bbox 285 2859 570 2923; x_wconf 89' lang='lat' dir='ltr'><strong>arguerat,</strong></span> <span class='ocrx_word' id='word_1_167' title='bbox 618 2858 745 2905; x_wconf 87' lang='lat' dir='ltr'><strong>tunc</strong></span> <span class='ocrx_word' id='word_1_168' title='bbox 796 2847 967 2918; x_wconf 81' lang='lat' dir='ltr'><strong>legem</strong></span> <span class='ocrx_word' id='word_1_169' title='bbox 1016 2845 1162 2901; x_wconf 84' lang='lat' dir='ltr'><strong>ferre</strong></span> <span class='ocrx_word' id='word_1_170' title='bbox 1228 2844 1451 2915; x_wconf 88' lang='lat' dir='ltr'><strong>incipit,</strong></span> <span class='ocrx_word' id='word_1_171' title='bbox 1519 2856 1640 2895; x_wconf 89' lang='lat' dir='ltr'><strong>cum</strong></span> <span class='ocrx_word' id='word_1_172' title='bbox 1696 2840 1904 2895; x_wconf 84' lang='lat' dir='ltr'><strong>facilius</strong></span> 
     </span>
    </p>
   </div>
   <div class='ocr_carea' id='block_1_27' title="bbox 288 2936 1902 3015">
    <p class='ocr_par' dir='ltr' id='par_1_27' title="bbox 288 2936 1902 3015">
     <span class='ocr_line' id='line_1_27' title="bbox 288 2936 1902 3015; baseline -0.006 -15"><span class='ocrx_word' id='word_1_173' title='bbox 288 2954 535 3015; x_wconf 73' lang='lat' dir='ltr'><strong>poterant</strong></span> <span class='ocrx_word' id='word_1_174' title='bbox 577 2942 718 2999; x_wconf 89' lang='lat' dir='ltr'><strong>dicta</strong></span> <span class='ocrx_word' id='word_1_175' title='bbox 769 2942 1058 3010; x_wconf 83' lang='lat' dir='ltr'><strong>excipere;</strong></span> <span class='ocrx_word' id='word_1_176' title='bbox 1119 2954 1223 2994; x_wconf 89' lang='lat' dir='ltr'><strong>nec</strong></span> <span class='ocrx_word' id='word_1_177' title='bbox 1268 2939 1430 2993; x_wconf 90' lang='lat' dir='ltr'><strong>modo</strong></span> <span class='ocrx_word' id='word_1_178' title='bbox 1480 2937 1744 3002; x_wconf 80' lang='lat' dir='ltr'><strong>advocat,</strong></span> <span class='ocrx_word' id='word_1_179' title='bbox 1804 2936 1902 2991; x_wconf 87' lang='lat' dir='ltr'><strong>sed</strong></span> 
     </span>
    </p>
   </div>
   <div class='ocr_carea' id='block_1_28' title="bbox 284 3029 1902 3107">
    <p class='ocr_par' dir='ltr' id='par_1_28' title="bbox 284 3029 1902 3107">
     <span class='ocr_line' id='line_1_28' title="bbox 284 3029 1902 3107; baseline -0.007 -12"><span class='ocrx_word' id='word_1_180' title='bbox 284 3041 603 3095; x_wconf 88' lang='lat' dir='ltr'><strong>atlentiores</strong></span> <span class='ocrx_word' id='word_1_181' title='bbox 650 3037 846 3093; x_wconf 88' lang='lat' dir='ltr'><strong>reddit.</strong></span> <span class='ocrx_word' id='word_1_182' title='bbox 885 3036 1195 3107; x_wconf 82' lang='lat' dir='ltr'><strong>lnteltigite,</strong></span> <span class='ocrx_word' id='word_1_183' title='bbox 1240 3034 1447 3104; x_wconf 86' lang='lat' dir='ltr'><strong>inquit;</strong></span> <span class='ocrx_word' id='word_1_184' title='bbox 1494 3032 1597 3086; x_wconf 90' lang='lat' dir='ltr'><strong>hoc</strong></span> <span class='ocrx_word' id='word_1_185' title='bbox 1635 3042 1751 3096; x_wconf 86' lang='lat' dir='ltr'><strong>est,</strong></span> <span class='ocrx_word' id='word_1_186' title='bbox 1797 3029 1902 3083; x_wconf 86' lang='lat' dir='ltr'><strong>Co-</strong></span> 
     </span>
    </p>
   </div>
   <div class='ocr_carea' id='block_1_29' title="bbox 282 3124 1900 3205">
    <p class='ocr_par' dir='ltr' id='par_1_29' title="bbox 282 3124 1900 3205">
     <span class='ocr_line' id='line_1_29' title="bbox 282 3124 1900 3205; baseline -0.006 -16"><span class='ocrx_word' id='word_1_187' title='bbox 282 3135 448 3205; x_wconf 87' lang='lat' dir='ltr'><strong>gitate</strong></span> <span class='ocrx_word' id='word_1_188' title='bbox 467 3176 481 3197; x_wconf 91' lang='lat'><strong>,</strong></span> <span class='ocrx_word' id='word_1_189' title='bbox 506 3134 745 3187; x_wconf 88' lang='lat' dir='ltr'><strong>animum</strong></span> <span class='ocrx_word' id='word_1_190' title='bbox 776 3131 1005 3201; x_wconf 89' lang='lat' dir='ltr'><strong>erigite,</strong></span> <span class='ocrx_word' id='word_1_191' title='bbox 1028 3128 1329 3183; x_wconf 87' lang='lat' dir='ltr'><strong>attentione</strong></span> <span class='ocrx_word' id='word_1_192' title='bbox 1363 3126 1523 3196; x_wconf 83' lang='lat' dir='ltr'><strong>digna</strong></span> <span class='ocrx_word' id='word_1_193' title='bbox 1547 3134 1631 3180; x_wconf 89' lang='lat' dir='ltr'><strong>est</strong></span> <span class='ocrx_word' id='word_1_194' title='bbox 1653 3124 1738 3179; x_wconf 91' lang='lat' dir='ltr'><strong>lex</strong></span> <span class='ocrx_word' id='word_1_195' title='bbox 1776 3140 1900 3179; x_wconf 85' lang='lat' dir='ltr'><strong>mox</strong></span> 
     </span>
    </p>
   </div>
   <div class='ocr_carea' id='block_1_30' title="bbox 282 3214 1901 3288">
    <p class='ocr_par' dir='ltr' id='par_1_30' title="bbox 282 3214 1901 3288">
     <span class='ocr_line' id='line_1_30' title="bbox 282 3214 1901 3288; baseline -0.006 -8"><span class='ocrx_word' id='word_1_196' title='bbox 282 3224 590 3280; x_wconf 85' lang='lat' dir='ltr'><strong>scribenda.</strong></span> <span class='ocrx_word' id='word_1_197' title='bbox 640 3223 773 3278; x_wconf 84' lang='lat' dir='ltr'><strong>Nam</strong></span> <span class='ocrx_word' id='word_1_198' title='bbox 804 3224 849 3277; x_wconf 89' lang='lat' dir='ltr'><strong>si</strong></span> <span class='ocrx_word' id='word_1_199' title='bbox 891 3221 968 3276; x_wconf 92' lang='lat' dir='ltr'><strong>illi</strong></span> <span class='ocrx_word' id='word_1_200' title='bbox 1011 3230 1253 3288; x_wconf 86' lang='lat' dir='ltr'><strong>tempore</strong></span> <span class='ocrx_word' id='word_1_201' title='bbox 1290 3233 1397 3272; x_wconf 93' lang='lat' dir='ltr'><strong>non</strong></span> <span class='ocrx_word' id='word_1_202' title='bbox 1430 3225 1796 3271; x_wconf 81' lang='lat' dir='ltr'><strong>consentanea</strong></span> <span class='ocrx_word' id='word_1_203' title='bbox 1824 3214 1901 3271; x_wconf 76' lang='lat' dir='ltr'><strong>le-</strong></span> 
     </span>
    </p>
   </div>
   <div class='ocr_carea' id='block_1_31' title="bbox 281 3310 1900 3388">
    <p class='ocr_par' dir='ltr' id='par_1_31' title="bbox 281 3310 1900 3388">
     <span class='ocr_line' id='line_1_31' title="bbox 281 3310 1900 3388; baseline -0.005 -17"><span class='ocrx_word' id='word_1_204' title='bbox 281 3332 403 3388; x_wconf 85' lang='lat' dir='ltr'><strong>gem</strong></span> <span class='ocrx_word' id='word_1_205' title='bbox 456 3316 738 3370; x_wconf 89' lang='lat' dir='ltr'><strong>solvcrunt</strong></span> <span class='ocrx_word' id='word_1_206' title='bbox 796 3323 1015 3383; x_wconf 88' lang='lat' dir='ltr'><strong>propter</strong></span> <span class='ocrx_word' id='word_1_207' title='bbox 1060 3310 1404 3365; x_wconf 88' lang='lat' dir='ltr'><strong>traditionem</strong></span> <span class='ocrx_word' id='word_1_208' title='bbox 1456 3323 1644 3373; x_wconf 87' lang='lat' dir='ltr'><strong>suam,</strong></span> <span class='ocrx_word' id='word_1_209' title='bbox 1694 3317 1749 3362; x_wconf 90' lang='lat' dir='ltr'><strong>et</strong></span> <span class='ocrx_word' id='word_1_210' title='bbox 1801 3321 1900 3363; x_wconf 75' lang='lat' dir='ltr'><strong>vos</strong></span> 
     </span>
    </p>
   </div>
   <div class='ocr_carea' id='block_1_32' title="bbox 282 3401 1895 3474">
    <p class='ocr_par' dir='ltr' id='par_1_32' title="bbox 282 3401 1895 3474">
     <span class='ocr_line' id='line_1_32' title="bbox 282 3401 1895 3474; baseline -0.004 -12"><span class='ocrx_word' id='word_1_211' title='bbox 282 3408 509 3462; x_wconf 80' lang='lat' dir='ltr'><strong>audistis</strong></span> <span class='ocrx_word' id='word_1_212' title='bbox 546 3407 668 3463; x_wconf 88' lang='lat' dir='ltr'><strong>illos</strong></span> <span class='ocrx_word' id='word_1_213' title='bbox 706 3423 720 3460; x_wconf 90' lang='lat'><strong>:</strong></span> <span class='ocrx_word' id='word_1_214' title='bbox 765 3406 938 3460; x_wconf 90' lang='lat' dir='ltr'><strong>multo</strong></span> <span class='ocrx_word' id='word_1_215' title='bbox 965 3404 1135 3474; x_wconf 88' lang='lat' dir='ltr'><strong>tnagis</strong></span> <span class='ocrx_word' id='word_1_216' title='bbox 1179 3418 1265 3458; x_wconf 92' lang='lat' dir='ltr'><strong>me</strong></span> <span class='ocrx_word' id='word_1_217' title='bbox 1306 3402 1491 3458; x_wconf 89' lang='lat' dir='ltr'><strong>audire</strong></span> <span class='ocrx_word' id='word_1_218' title='bbox 1517 3411 1767 3470; x_wconf 88' lang='lat' dir='ltr'><strong>oportet,</strong></span> <span class='ocrx_word' id='word_1_219' title='bbox 1805 3401 1895 3470; x_wconf 83' lang='lat' dir='ltr'><strong>qni</strong></span> 
     </span>
    </p>
   </div>
   <div class='ocr_carea' id='block_1_33' title="bbox 283 3492 1895 3571">
    <p class='ocr_par' dir='ltr' id='par_1_33' title="bbox 283 3492 1895 3571">
     <span class='ocr_line' id='line_1_33' title="bbox 283 3492 1895 3571; baseline -0.007 -14"><span class='ocrx_word' id='word_1_220' title='bbox 283 3510 529 3571; x_wconf 86' lang='lat' dir='ltr'><strong>tempore</strong></span> <span class='ocrx_word' id='word_1_221' title='bbox 575 3509 880 3569; x_wconf 85' lang='lat' dir='ltr'><strong>opportuno</strong></span> <span class='ocrx_word' id='word_1_222' title='bbox 927 3497 995 3551; x_wconf 90' lang='lat' dir='ltr'><strong>ad</strong></span> <span class='ocrx_word' id='word_1_223' title='bbox 1037 3496 1297 3565; x_wconf 88' lang='lat' dir='ltr'><strong>majorem</strong></span> <span class='ocrx_word' id='word_1_224' title='bbox 1351 3510 1446 3549; x_wconf 84' lang='lat' dir='ltr'><strong>vos</strong></span> <span class='ocrx_word' id='word_1_225' title='bbox 1495 3492 1895 3566; x_wconf 82' lang='lat' dir='ltr'><strong>philosOphiam</strong></span> 
     </span>
    </p>
   </div>
   <div class='ocr_carea' id='block_1_34' title="bbox 286 3585 1893 3654">
    <p class='ocr_par' dir='ltr' id='par_1_34' title="bbox 286 3585 1893 3654">
     <span class='ocr_line' id='line_1_34' title="bbox 286 3585 1893 3654; baseline -0.006 -6"><span class='ocrx_word' id='word_1_226' title='bbox 286 3593 505 3649; x_wconf 88' lang='lat' dir='ltr'><strong>induco.</strong></span> <span class='ocrx_word' id='word_1_227' title='bbox 561 3590 672 3647; x_wconf 87' lang='lat' dir='ltr'><strong>Nec</strong></span> <span class='ocrx_word' id='word_1_228' title='bbox 710 3591 885 3654; x_wconf 86' lang='lat' dir='ltr'><strong>dixit,</strong></span> <span class='ocrx_word' id='word_1_229' title='bbox 935 3588 1078 3644; x_wconf 83' lang='lat' dir='ltr'><strong>Nihil</strong></span> <span class='ocrx_word' id='word_1_230' title='bbox 1126 3598 1211 3643; x_wconf 88' lang='lat' dir='ltr'><strong>est</strong></span> <span class='ocrx_word' id='word_1_231' title='bbox 1257 3588 1501 3642; x_wconf 91' lang='lat' dir='ltr'><strong>ciborum</strong></span> <span class='ocrx_word' id='word_1_232' title='bbox 1547 3585 1893 3651; x_wconf 85' lang='lat' dir='ltr'><strong>observatio,</strong></span> 
     </span>
    </p>
   </div>
   <div class='ocr_carea' id='block_1_35' title="bbox 282 3678 1894 3755">
    <p class='ocr_par' dir='ltr' id='par_1_35' title="bbox 282 3678 1894 3755">
     <span class='ocr_line' id='line_1_35' title="bbox 282 3678 1894 3755; baseline -0.004 -17"><span class='ocrx_word' id='word_1_233' title='bbox 282 3685 398 3749; x_wconf 90' lang='lat' dir='ltr'><strong>vel,</strong></span> <span class='ocrx_word' id='word_1_234' title='bbox 428 3684 640 3755; x_wconf 78' lang='lat' dir='ltr'><strong>Moyses</strong></span> <span class='ocrx_word' id='word_1_235' title='bbox 666 3682 717 3737; x_wconf 91' lang='lat' dir='ltr'><strong>id</strong></span> <span class='ocrx_word' id='word_1_236' title='bbox 746 3682 887 3736; x_wconf 91' lang='lat' dir='ltr'><strong>male</strong></span> <span class='ocrx_word' id='word_1_237' title='bbox 916 3681 1174 3750; x_wconf 67' lang='lat' dir='ltr'><strong>prtecepit</strong></span> <span class='ocrx_word' id='word_1_238' title='bbox 1194 3721 1207 3739; x_wconf 85' lang='lat'><strong>,</strong></span> <span class='ocrx_word' id='word_1_239' title='bbox 1239 3678 1323 3733; x_wconf 87' lang='lat' dir='ltr'><strong>vel</strong></span> <span class='ocrx_word' id='word_1_240' title='bbox 1357 3694 1479 3733; x_wconf 89' lang='lat' dir='ltr'><strong>sese</strong></span> <span class='ocrx_word' id='word_1_241' title='bbox 1505 3678 1659 3732; x_wconf 86' lang='lat' dir='ltr'><strong>vobis</strong></span> <span class='ocrx_word' id='word_1_242' title='bbox 1696 3687 1894 3732; x_wconf 85' lang='lat' dir='ltr'><strong>attem-</strong></span> 
     </span>
    </p>
   </div>
   <div class='ocr_carea' id='block_1_36' title="bbox 281 3768 1893 3848">
    <p class='ocr_par' dir='ltr' id='par_1_36' title="bbox 281 3768 1893 3848">
     <span class='ocr_line' id='line_1_36' title="bbox 281 3768 1893 3848; baseline -0.006 -17"><span class='ocrx_word' id='word_1_243' title='bbox 281 3777 524 3848; x_wconf 86' lang='lat' dir='ltr'><strong>peravit;</strong></span> <span class='ocrx_word' id='word_1_244' title='bbox 568 3774 664 3829; x_wconf 89' lang='lat' dir='ltr'><strong>sed</strong></span> <span class='ocrx_word' id='word_1_245' title='bbox 704 3774 855 3843; x_wconf 88' lang='lat' dir='ltr'><strong>quasi</strong></span> <span class='ocrx_word' id='word_1_246' title='bbox 897 3770 1241 3825; x_wconf 89' lang='lat' dir='ltr'><strong>admonendo</strong></span> <span class='ocrx_word' id='word_1_247' title='bbox 1283 3780 1338 3824; x_wconf 91' lang='lat' dir='ltr'><strong>et</strong></span> <span class='ocrx_word' id='word_1_248' title='bbox 1374 3768 1738 3834; x_wconf 82' lang='lat' dir='ltr'><strong>consulendo,</strong></span> <span class='ocrx_word' id='word_1_249' title='bbox 1780 3779 1833 3823; x_wconf 91' lang='lat' dir='ltr'><strong>et</strong></span> <span class='ocrx_word' id='word_1_250' title='bbox 1862 3784 1893 3823; x_wconf 89' lang='lat' dir='ltr'><strong>a</strong></span> 
     </span>
    </p>
   </div>
   <div class='ocr_carea' id='block_1_37' title="bbox 281 3859 1892 3933">
    <p class='ocr_par' dir='ltr' id='par_1_37' title="bbox 281 3859 1892 3933">
     <span class='ocr_line' id='line_1_37' title="bbox 281 3859 1892 3933; baseline -0.006 -9"><span class='ocrx_word' id='word_1_251' title='bbox 281 3883 464 3924; x_wconf 87' lang='lat' dir='ltr'><strong>rerum</strong></span> <span class='ocrx_word' id='word_1_252' title='bbox 511 3875 697 3920; x_wconf 85' lang='lat' dir='ltr'><strong>natura</strong></span> <span class='ocrx_word' id='word_1_253' title='bbox 729 3865 1096 3919; x_wconf 89' lang='lat' dir='ltr'><strong>testimonium</strong></span> <span class='ocrx_word' id='word_1_254' title='bbox 1138 3862 1410 3933; x_wconf 88' lang='lat' dir='ltr'><strong>accipiens</strong></span> <span class='ocrx_word' id='word_1_255' title='bbox 1439 3860 1571 3917; x_wconf 88' lang='lat' dir='ltr'><strong>dicit</strong></span> <span class='ocrx_word' id='word_1_256' title='bbox 1600 3879 1612 3917; x_wconf 92' lang='lat'><strong>:</strong></span> <span class='ocrx_word' id='word_1_257' title='bbox 1647 3863 1736 3917; x_wconf 91' lang='grc'><strong>11.</strong></span> <span class='ocrx_word' id='word_1_258' title='bbox 1770 3859 1892 3915; x_wconf 85' lang='lat' dir='ltr'><strong>Non</strong></span> 
     </span>
    </p>
   </div>
   <div class='ocr_carea' id='block_1_38' title="bbox 279 3954 1895 4030">
    <p class='ocr_par' dir='ltr' id='par_1_38' title="bbox 279 3954 1895 4030">
     <span class='ocr_line' id='line_1_38' title="bbox 279 3954 1895 4030; baseline -0.003 -16"><span class='ocrx_word' id='word_1_259' title='bbox 279 3976 392 4030; x_wconf 71' lang='lat' dir='ltr'><strong>qua!</strong></span> <span class='ocrx_word' id='word_1_260' title='bbox 421 3960 614 4013; x_wconf 88' lang='lat' dir='ltr'><strong>intrant</strong></span> <span class='ocrx_word' id='word_1_261' title='bbox 650 3959 704 4011; x_wconf 87' lang='lat' dir='ltr'><strong>in</strong></span> <span class='ocrx_word' id='word_1_262' title='bbox 739 3975 823 4021; x_wconf 92' lang='lat' dir='ltr'><strong>os,</strong></span> <span class='ocrx_word' id='word_1_263' title='bbox 857 3958 1191 4029; x_wconf 77' lang='lat' dir='ltr'><strong>coinquinant</strong></span> <span class='ocrx_word' id='word_1_264' title='bbox 1231 3958 1487 4009; x_wconf 81' lang='lat' dir='ltr'><strong>hominem</strong></span> <span class='ocrx_word' id='word_1_265' title='bbox 1510 3998 1524 4021; x_wconf 90' lang='lat'><strong>,</strong></span> <span class='ocrx_word' id='word_1_266' title='bbox 1556 3954 1645 4009; x_wconf 85' lang='lat' dir='ltr'><strong>sed</strong></span> <span class='ocrx_word' id='word_1_267' title='bbox 1679 3971 1795 4023; x_wconf 79' lang='lat' dir='ltr'><strong>qute</strong></span> <span class='ocrx_word' id='word_1_268' title='bbox 1831 3971 1895 4009; x_wconf 78' lang='lat' dir='ltr'><strong>ea:</strong></span> 
     </span>
    </p>
   </div>
   <div class='ocr_carea' id='block_1_39' title="bbox 280 4049 1890 4121">
    <p class='ocr_par' dir='ltr' id='par_1_39' title="bbox 280 4049 1890 4121">
     <span class='ocr_line' id='line_1_39' title="bbox 280 4049 1890 4121; baseline -0.002 -15"><span class='ocrx_word' id='word_1_269' title='bbox 280 4069 366 4107; x_wconf 66' lang='lat' dir='ltr'><strong>ore</strong></span> <span class='ocrx_word' id='word_1_270' title='bbox 396 4053 674 4121; x_wconf 76' lang='lat' dir='ltr'><strong>procedunt</strong></span> <span class='ocrx_word' id='word_1_271' title='bbox 703 4067 723 4107; x_wconf 90' lang='lat'><strong><em>:</em></strong></span> <span class='ocrx_word' id='word_1_272' title='bbox 754 4051 1049 4105; x_wconf 87' lang='lat' dir='ltr'><strong>secundum</strong></span> <span class='ocrx_word' id='word_1_273' title='bbox 1088 4050 1259 4119; x_wconf 89' lang='lat' dir='ltr'><strong>ipsam</strong></span> <span class='ocrx_word' id='word_1_274' title='bbox 1307 4060 1552 4103; x_wconf 87' lang='lat' dir='ltr'><strong>naturam</strong></span> <span class='ocrx_word' id='word_1_275' title='bbox 1575 4091 1591 4115; x_wconf 91' lang='lat'><strong>,</strong></span> <span class='ocrx_word' id='word_1_276' title='bbox 1632 4057 1688 4104; x_wconf 92' lang='lat' dir='ltr'><strong>et</strong></span> <span class='ocrx_word' id='word_1_277' title='bbox 1717 4049 1890 4120; x_wconf 89' lang='lat' dir='ltr'><strong>legem</strong></span> 
     </span>
    </p>
   </div>
   <div class='ocr_carea' id='block_1_40' title="bbox 280 4142 1890 4214">
    <p class='ocr_par' dir='ltr' id='par_1_40' title="bbox 280 4142 1890 4214">
     <span class='ocr_line' id='line_1_40' title="bbox 280 4142 1890 4214; baseline -0.001 -17"><span class='ocrx_word' id='word_1_278' title='bbox 280 4145 485 4214; x_wconf 88' lang='lat' dir='ltr'><strong>profert</strong></span> <span class='ocrx_word' id='word_1_279' title='bbox 532 4154 586 4198; x_wconf 90' lang='lat' dir='ltr'><strong>et</strong></span> <span class='ocrx_word' id='word_1_280' title='bbox 631 4145 954 4199; x_wconf 85' lang='lat' dir='ltr'><strong>sententiam</strong></span> <span class='ocrx_word' id='word_1_281' title='bbox 983 4143 1134 4199; x_wconf 89' lang='lat' dir='ltr'><strong>dicit.</strong></span> <span class='ocrx_word' id='word_1_282' title='bbox 1187 4142 1310 4197; x_wconf 67' lang='lat' dir='ltr'><strong>llaec</strong></span> <span class='ocrx_word' id='word_1_283' title='bbox 1342 4142 1416 4197; x_wconf 88' lang='lat' dir='ltr'><strong>illi</strong></span> <span class='ocrx_word' id='word_1_284' title='bbox 1457 4142 1740 4197; x_wconf 86' lang='lat' dir='ltr'><strong>audientes</strong></span> <span class='ocrx_word' id='word_1_285' title='bbox 1781 4157 1890 4196; x_wconf 92' lang='lat' dir='ltr'><strong>non</strong></span> 
     </span>
    </p>
   </div>
   <div class='ocr_carea' id='block_1_41' title="bbox 277 4235 1889 4308">
    <p class='ocr_par' dir='ltr' id='par_1_41' title="bbox 277 4235 1889 4308">
     <span class='ocr_line' id='line_1_41' title="bbox 277 4235 1889 4308; baseline -0.001 -17"><span class='ocrx_word' id='word_1_286' title='bbox 277 4236 754 4297; x_wconf 88' lang='lat' dir='ltr'><strong>contradixerunt,</strong></span> <span class='ocrx_word' id='word_1_287' title='bbox 803 4253 977 4308; x_wconf 88' lang='lat' dir='ltr'><strong>neque</strong></span> <span class='ocrx_word' id='word_1_288' title='bbox 1025 4237 1318 4304; x_wconf 88' lang='lat' dir='ltr'><strong>dixerunt,</strong></span> <span class='ocrx_word' id='word_1_289' title='bbox 1346 4235 1485 4304; x_wconf 86' lang='lat' dir='ltr'><strong>Quid</strong></span> <span class='ocrx_word' id='word_1_290' title='bbox 1530 4245 1586 4290; x_wconf 89' lang='lat' dir='ltr'><strong>tu</strong></span> <span class='ocrx_word' id='word_1_291' title='bbox 1614 4235 1729 4291; x_wconf 78' lang='lat' dir='ltr'><strong>ais?</strong></span> <span class='ocrx_word' id='word_1_292' title='bbox 1766 4252 1889 4290; x_wconf 89' lang='lat' dir='ltr'><strong>cum</strong></span> 
     </span>
    </p>
   </div>
   <div class='ocr_carea' id='block_1_42' title="bbox 277 4332 1891 4402">
    <p class='ocr_par' dir='ltr' id='par_1_42' title="bbox 277 4332 1891 4402">
     <span class='ocr_line' id='line_1_42' title="bbox 277 4332 1891 4402; baseline 0 -15"><span class='ocrx_word' id='word_1_293' title='bbox 277 4333 421 4387; x_wconf 88' lang='lat' dir='ltr'><strong>Dens</strong></span> <span class='ocrx_word' id='word_1_294' title='bbox 463 4332 532 4387; x_wconf 92' lang='lat' dir='ltr'><strong>de</strong></span> <span class='ocrx_word' id='word_1_295' title='bbox 576 4333 819 4388; x_wconf 89' lang='lat' dir='ltr'><strong>ciborum</strong></span> <span class='ocrx_word' id='word_1_296' title='bbox 862 4332 1239 4388; x_wconf 88' lang='lat' dir='ltr'><strong>observatione</strong></span> <span class='ocrx_word' id='word_1_297' title='bbox 1283 4332 1566 4388; x_wconf 89' lang='lat' dir='ltr'><strong>innumera</strong></span> <span class='ocrx_word' id='word_1_298' title='bbox 1614 4346 1891 4402; x_wconf 62' lang='lat' dir='ltr'><strong>princeps-</strong></span> 
     </span>
    </p>
   </div>
   <div class='ocr_carea' id='block_1_43' title="bbox 277 4422 1888 4494">
    <p class='ocr_par' dir='ltr' id='par_1_43' title="bbox 277 4422 1888 4494">
     <span class='ocr_line' id='line_1_43' title="bbox 277 4422 1888 4494; baseline -0.002 -14"><span class='ocrx_word' id='word_1_299' title='bbox 277 4426 378 4488; x_wconf 88' lang='lat' dir='ltr'><strong>rit,</strong></span> <span class='ocrx_word' id='word_1_300' title='bbox 411 4433 466 4478; x_wconf 91' lang='lat' dir='ltr'><strong>tu</strong></span> <span class='ocrx_word' id='word_1_301' title='bbox 501 4423 808 4494; x_wconf 85' lang='lat' dir='ltr'><strong>bujusmodi</strong></span> <span class='ocrx_word' id='word_1_302' title='bbox 841 4424 987 4493; x_wconf 80' lang='lat' dir='ltr'><strong>leges</strong></span> <span class='ocrx_word' id='word_1_303' title='bbox 1019 4422 1223 4479; x_wconf 87' lang='lat' dir='ltr'><strong>tradis?</strong></span> <span class='ocrx_word' id='word_1_304' title='bbox 1250 4423 1344 4478; x_wconf 90' lang='lat' dir='ltr'><strong>sed</strong></span> <span class='ocrx_word' id='word_1_305' title='bbox 1383 4425 1507 4493; x_wconf 87' lang='lat' dir='ltr'><strong>quia</strong></span> <span class='ocrx_word' id='word_1_306' title='bbox 1537 4422 1888 4478; x_wconf 82' lang='lat' dir='ltr'><strong>vehementer</strong></span> 
     </span>
    </p>
   </div>
   <div class='ocr_carea' id='block_1_44' title="bbox 276 4518 1886 4588">
    <p class='ocr_par' dir='ltr' id='par_1_44' title="bbox 276 4518 1886 4588">
     <span class='ocr_line' id='line_1_44' title="bbox 276 4518 1886 4588; baseline -0.001 -15"><span class='ocrx_word' id='word_1_307' title='bbox 276 4519 399 4573; x_wconf 91' lang='lat' dir='ltr'><strong>illos</strong></span> <span class='ocrx_word' id='word_1_308' title='bbox 426 4530 754 4588; x_wconf 85' lang='lat' dir='ltr'><strong>represserat</strong></span> <span class='ocrx_word' id='word_1_309' title='bbox 776 4560 790 4582; x_wconf 91' lang='lat'><strong>,</strong></span> <span class='ocrx_word' id='word_1_310' title='bbox 821 4536 925 4571; x_wconf 84' lang='lat' dir='ltr'><strong>non</strong></span> <span class='ocrx_word' id='word_1_311' title='bbox 973 4518 1299 4573; x_wconf 87' lang='lat' dir='ltr'><strong>eonftttando</strong></span> <span class='ocrx_word' id='word_1_312' title='bbox 1339 4518 1547 4581; x_wconf 79' lang='lat' dir='ltr'><strong>Solum,</strong></span> <span class='ocrx_word' id='word_1_313' title='bbox 1580 4519 1673 4572; x_wconf 88' lang='lat' dir='ltr'><strong>sed</strong></span> <span class='ocrx_word' id='word_1_314' title='bbox 1707 4518 1886 4572; x_wconf 86' lang='lat' dir='ltr'><strong>dolum</strong></span> 
     </span>
    </p>
   </div>
   <div class='ocr_carea' id='block_1_45' title="bbox 277 4612 1885 4682">
    <p class='ocr_par' dir='ltr' id='par_1_45' title="bbox 277 4612 1885 4682">
     <span class='ocr_line' id='line_1_45' title="bbox 277 4612 1885 4682; baseline -0.001 -15"><span class='ocrx_word' id='word_1_315' title='bbox 277 4614 517 4680; x_wconf 88' lang='lat' dir='ltr'><strong>ipsorum</strong></span> <span class='ocrx_word' id='word_1_316' title='bbox 578 4614 630 4667; x_wconf 92' lang='lat' dir='ltr'><strong>in</strong></span> <span class='ocrx_word' id='word_1_317' title='bbox 691 4612 926 4667; x_wconf 89' lang='lat' dir='ltr'><strong>medium</strong></span> <span class='ocrx_word' id='word_1_318' title='bbox 972 4612 1285 4679; x_wconf 74' lang='lat' dir='ltr'><strong>afferenda,</strong></span> <span class='ocrx_word' id='word_1_319' title='bbox 1344 4629 1408 4668; x_wconf 89' lang='lat' dir='ltr'><strong>ac</strong></span> <span class='ocrx_word' id='word_1_320' title='bbox 1465 4628 1583 4682; x_wconf 80' lang='lat' dir='ltr'><strong>qn:e</strong></span> <span class='ocrx_word' id='word_1_321' title='bbox 1622 4614 1759 4667; x_wconf 90' lang='lat' dir='ltr'><strong>clam</strong></span> <span class='ocrx_word' id='word_1_322' title='bbox 1816 4612 1885 4665; x_wconf 91' lang='lat' dir='ltr'><strong>illi</strong></span> 
     </span>
    </p>
   </div>
   <div class='ocr_carea' id='block_1_46' title="bbox 278 4709 1885 4779">
    <p class='ocr_par' dir='ltr' id='par_1_46' title="bbox 278 4709 1885 4779">
     <span class='ocr_line' id='line_1_46' title="bbox 278 4709 1885 4779; baseline -0.001 -15"><span class='ocrx_word' id='word_1_323' title='bbox 278 4719 620 4774; x_wconf 83' lang='lat' dir='ltr'><strong>struxerant,</strong></span> <span class='ocrx_word' id='word_1_324' title='bbox 688 4726 991 4779; x_wconf 83' lang='lat' dir='ltr'><strong>arcanaque</strong></span> <span class='ocrx_word' id='word_1_325' title='bbox 1054 4711 1249 4764; x_wconf 86' lang='lat' dir='ltr'><strong>mentis</strong></span> <span class='ocrx_word' id='word_1_326' title='bbox 1301 4725 1488 4765; x_wconf 86' lang='lat' dir='ltr'><strong>eorum</strong></span> <span class='ocrx_word' id='word_1_327' title='bbox 1555 4709 1885 4773; x_wconf 72' lang='lat' dir='ltr'><strong>revelando,</strong></span> 
     </span>
    </p>
   </div>
   <div class='ocr_carea' id='block_1_47' title="bbox 278 4801 1883 4872">
    <p class='ocr_par' dir='ltr' id='par_1_47' title="bbox 278 4801 1883 4872">
     <span class='ocr_line' id='line_1_47' title="bbox 278 4801 1883 4872; baseline -0.001 -15"><span class='ocrx_word' id='word_1_328' title='bbox 278 4819 398 4857; x_wconf 90' lang='lat' dir='ltr'><strong>cum</strong></span> <span class='ocrx_word' id='word_1_329' title='bbox 440 4803 657 4858; x_wconf 88' lang='lat' dir='ltr'><strong>silentio</strong></span> <span class='ocrx_word' id='word_1_330' title='bbox 699 4815 1061 4857; x_wconf 78' lang='lat' dir='ltr'><strong>recesserunt.</strong></span> <span class='ocrx_word' id='word_1_331' title='bbox 1106 4803 1187 4857; x_wconf 85' lang='lat' dir='ltr'><strong>Tu</strong></span> <span class='ocrx_word' id='word_1_332' title='bbox 1230 4819 1360 4856; x_wconf 84' lang='lat' dir='ltr'><strong>vero</strong></span> <span class='ocrx_word' id='word_1_333' title='bbox 1400 4801 1529 4856; x_wconf 84' lang='lat' dir='ltr'><strong>mihi</strong></span> <span class='ocrx_word' id='word_1_334' title='bbox 1567 4801 1844 4872; x_wconf 81' lang='lat' dir='ltr'><strong>perpende</strong></span> <span class='ocrx_word' id='word_1_335' title='bbox 1869 4844 1883 4867; x_wconf 96' lang='lat'><strong>,</strong></span> 
     </span>
    </p>
   </div>
   <div class='ocr_carea' id='block_1_48' title="bbox 277 4892 1889 4966">
    <p class='ocr_par' dir='ltr' id='par_1_48' title="bbox 277 4892 1889 4966">
     <span class='ocr_line' id='line_1_48' title="bbox 277 4892 1889 4966; baseline -0.001 -17"><span class='ocrx_word' id='word_1_336' title='bbox 277 4894 547 4966; x_wconf 88' lang='lat' dir='ltr'><strong>quomodo</strong></span> <span class='ocrx_word' id='word_1_337' title='bbox 601 4911 701 4950; x_wconf 88' lang='lat' dir='ltr'><strong>nec</strong></span> <span class='ocrx_word' id='word_1_338' title='bbox 750 4894 1035 4950; x_wconf 84' lang='lat' dir='ltr'><strong>manifeste</strong></span> <span class='ocrx_word' id='word_1_339' title='bbox 1084 4911 1183 4949; x_wconf 87' lang='lat' dir='ltr'><strong>nec</strong></span> <span class='ocrx_word' id='word_1_340' title='bbox 1246 4895 1420 4963; x_wconf 90' lang='lat' dir='ltr'><strong>palam</strong></span> <span class='ocrx_word' id='word_1_341' title='bbox 1462 4894 1530 4948; x_wconf 92' lang='lat' dir='ltr'><strong>de</strong></span> <span class='ocrx_word' id='word_1_342' title='bbox 1566 4894 1700 4948; x_wconf 90' lang='lat' dir='ltr'><strong>cibis</strong></span> <span class='ocrx_word' id='word_1_343' title='bbox 1744 4892 1889 4947; x_wconf 86' lang='lat' dir='ltr'><strong>edis—</strong></span> 
     </span>
    </p>
   </div>
   <div class='ocr_carea' id='block_1_49' title="bbox 274 4986 1884 5059">
    <p class='ocr_par' dir='ltr' id='par_1_49' title="bbox 274 4986 1884 5059">
     <span class='ocr_line' id='line_1_49' title="bbox 274 4986 1884 5059; baseline -0.003 -14"><span class='ocrx_word' id='word_1_344' title='bbox 274 5000 441 5045; x_wconf 86' lang='lat' dir='ltr'><strong>serat.</strong></span> <span class='ocrx_word' id='word_1_345' title='bbox 473 4986 705 5059; x_wconf 87' lang='lat' dir='ltr'><strong>Ideoque</strong></span> <span class='ocrx_word' id='word_1_346' title='bbox 737 5004 842 5043; x_wconf 91' lang='lat' dir='ltr'><strong>non</strong></span> <span class='ocrx_word' id='word_1_347' title='bbox 870 4988 1035 5055; x_wconf 87' lang='lat' dir='ltr'><strong>dixit,</strong></span> <span class='ocrx_word' id='word_1_348' title='bbox 1078 4988 1222 5051; x_wconf 86' lang='lat' dir='ltr'><strong>Cibi,</strong></span> <span class='ocrx_word' id='word_1_349' title='bbox 1254 4988 1347 5043; x_wconf 89' lang='lat' dir='ltr'><strong>sed</strong></span> <span class='ocrx_word' id='word_1_350' title='bbox 1374 5031 1388 5053; x_wconf 92' lang='lat'><strong>,</strong></span> <span class='ocrx_word' id='word_1_351' title='bbox 1426 4987 1535 5053; x_wconf 87' lang='lat' dir='ltr'><strong>Ea,</strong></span> <span class='ocrx_word' id='word_1_352' title='bbox 1579 4988 1884 5057; x_wconf 62' lang='lat' dir='ltr'><strong>quaeingre-</strong></span> 
     </span>
    </p>
   </div>
   <div class='ocr_carea' id='block_1_50' title="bbox 275 5081 1888 5151">
    <p class='ocr_par' dir='ltr' id='par_1_50' title="bbox 275 5081 1888 5151">
     <span class='ocr_line' id='line_1_50' title="bbox 275 5081 1888 5151; baseline -0.004 -16"><span class='ocrx_word' id='word_1_353' title='bbox 275 5082 519 5147; x_wconf 79' lang='lat' dir='ltr'><strong>dismtur,</strong></span> <span class='ocrx_word' id='word_1_354' title='bbox 554 5099 656 5135; x_wconf 91' lang='lat' dir='ltr'><strong>non</strong></span> <span class='ocrx_word' id='word_1_355' title='bbox 702 5082 1033 5151; x_wconf 78' lang='lat' dir='ltr'><strong>coinquinant</strong></span> <span class='ocrx_word' id='word_1_356' title='bbox 1078 5083 1367 5144; x_wconf 82' lang='lat' dir='ltr'><strong>hominem;</strong></span> <span class='ocrx_word' id='word_1_357' title='bbox 1411 5081 1552 5151; x_wconf 87' lang='lat' dir='ltr'><strong>quod</strong></span> <span class='ocrx_word' id='word_1_358' title='bbox 1585 5082 1746 5135; x_wconf 90' lang='lat' dir='ltr'><strong>etiam</strong></span> <span class='ocrx_word' id='word_1_359' title='bbox 1793 5097 1888 5149; x_wconf 85' lang='lat' dir='ltr'><strong>po-</strong></span> 
     </span>
    </p>
   </div>
   <div class='ocr_carea' id='block_1_51' title="bbox 276 5173 1885 5244">
    <p class='ocr_par' dir='ltr' id='par_1_51' title="bbox 276 5173 1885 5244">
     <span class='ocr_line' id='line_1_51' title="bbox 276 5173 1885 5244; baseline 0 -17"><span class='ocrx_word' id='word_1_360' title='bbox 276 5182 454 5229; x_wconf 87' lang='lat' dir='ltr'><strong>terant</strong></span> <span class='ocrx_word' id='word_1_361' title='bbox 507 5173 575 5228; x_wconf 87' lang='lat' dir='ltr'><strong>de</strong></span> <span class='ocrx_word' id='word_1_362' title='bbox 612 5173 775 5227; x_wconf 76' lang='lat' dir='ltr'><strong>illatis</strong></span> <span class='ocrx_word' id='word_1_363' title='bbox 836 5174 1081 5230; x_wconf 89' lang='lat' dir='ltr'><strong>manibus</strong></span> <span class='ocrx_word' id='word_1_364' title='bbox 1122 5175 1405 5244; x_wconf 87' lang='lat' dir='ltr'><strong>suspicari.</strong></span> <span class='ocrx_word' id='word_1_365' title='bbox 1470 5174 1588 5243; x_wconf 89' lang='lat' dir='ltr'><strong>Ipse</strong></span> <span class='ocrx_word' id='word_1_366' title='bbox 1651 5189 1885 5242; x_wconf 86' lang='lat' dir='ltr'><strong>namque</strong></span> 
     </span>
    </p>
   </div>
   <div class='ocr_carea' id='block_1_52' title="bbox 272 5265 1886 5337">
    <p class='ocr_par' dir='ltr' id='par_1_52' title="bbox 272 5265 1886 5337">
     <span class='ocr_line' id='line_1_52' title="bbox 272 5265 1886 5337; baseline 0.002 -18"><span class='ocrx_word' id='word_1_367' title='bbox 272 5265 339 5321; x_wconf 90' lang='lat' dir='ltr'><strong>de</strong></span> <span class='ocrx_word' id='word_1_368' title='bbox 397 5266 537 5321; x_wconf 86' lang='lat' dir='ltr'><strong>cibis</strong></span> <span class='ocrx_word' id='word_1_369' title='bbox 575 5266 933 5337; x_wconf 86' lang='lat' dir='ltr'><strong>loquebatur;</strong></span> <span class='ocrx_word' id='word_1_370' title='bbox 977 5277 1294 5337; x_wconf 86' lang='lat' dir='ltr'><strong>poteratque</strong></span> <span class='ocrx_word' id='word_1_371' title='bbox 1336 5278 1512 5322; x_wconf 89' lang='lat' dir='ltr'><strong>tamen</strong></span> <span class='ocrx_word' id='word_1_372' title='bbox 1555 5268 1776 5335; x_wconf 89' lang='lat' dir='ltr'><strong>intelligi</strong></span> <span class='ocrx_word' id='word_1_373' title='bbox 1818 5267 1886 5322; x_wconf 88' lang='lat' dir='ltr'><strong>de</strong></span> 
     </span>
    </p>
   </div>
   <div class='ocr_carea' id='block_1_53' title="bbox 272 5356 1887 5414">
    <p class='ocr_par' dir='ltr' id='par_1_53' title="bbox 272 5356 1887 5414">
     <span class='ocr_line' id='line_1_53' title="bbox 272 5356 1887 5414; baseline 0.001 -3"><span class='ocrx_word' id='word_1_374' title='bbox 272 5356 436 5412; x_wconf 88' lang='lat' dir='ltr'><strong>illotis</strong></span> <span class='ocrx_word' id='word_1_375' title='bbox 468 5357 735 5413; x_wconf 87' lang='lat' dir='ltr'><strong>manibus.</strong></span> <span class='ocrx_word' id='word_1_376' title='bbox 779 5357 949 5412; x_wconf 84' lang='lat' dir='ltr'><strong>Tanta</strong></span> <span class='ocrx_word' id='word_1_377' title='bbox 994 5362 1136 5413; x_wconf 89' lang='lat' dir='ltr'><strong>enim</strong></span> <span class='ocrx_word' id='word_1_378' title='bbox 1173 5370 1288 5413; x_wconf 82' lang='lat' dir='ltr'><strong>erat</strong></span> <span class='ocrx_word' id='word_1_379' title='bbox 1335 5359 1576 5413; x_wconf 89' lang='lat' dir='ltr'><strong>ciborum</strong></span> <span class='ocrx_word' id='word_1_380' title='bbox 1624 5360 1887 5414; x_wconf 87' lang='lat' dir='ltr'><strong>observa-</strong></span> 
     </span>
    </p>
   </div>
   <div class='ocr_carea' id='block_1_54' title="bbox 272 5448 1882 5519">
    <p class='ocr_par' dir='ltr' id='par_1_54' title="bbox 272 5448 1882 5519">
     <span class='ocr_line' id='line_1_54' title="bbox 272 5448 1882 5519; baseline 0.002 -19"><span class='ocrx_word' id='word_1_381' title='bbox 272 5448 381 5513; x_wconf 91' lang='lat' dir='ltr'><strong>tio,</strong></span> <span class='ocrx_word' id='word_1_382' title='bbox 426 5458 483 5501; x_wconf 91' lang='lat' dir='ltr'><strong>ttt</strong></span> <span class='ocrx_word' id='word_1_383' title='bbox 526 5451 687 5503; x_wconf 89' lang='lat' dir='ltr'><strong>etiam</strong></span> <span class='ocrx_word' id='word_1_384' title='bbox 732 5458 852 5519; x_wconf 90' lang='lat' dir='ltr'><strong>post</strong></span> <span class='ocrx_word' id='word_1_385' title='bbox 892 5450 1346 5505; x_wconf 85' lang='lat' dir='ltr'><strong>resurrectionem</strong></span> <span class='ocrx_word' id='word_1_386' title='bbox 1390 5450 1583 5505; x_wconf 86' lang='lat' dir='ltr'><strong>Petrus</strong></span> <span class='ocrx_word' id='word_1_387' title='bbox 1622 5450 1828 5505; x_wconf 79' lang='lat' dir='ltr'><strong>diceret</strong></span> <span class='ocrx_word' id='word_1_388' title='bbox 1868 5467 1882 5503; x_wconf 89' lang='lat'><strong>:</strong></span> 
     </span>
    </p>
   </div>
   <div class='ocr_carea' id='block_1_55' title="bbox 275 5538 1886 5615">
    <p class='ocr_par' dir='ltr' id='par_1_55' title="bbox 275 5538 1886 5615">
     <span class='ocr_line' id='line_1_55' title="bbox 275 5538 1886 5615; baseline 0.002 -22"><span class='ocrx_word' id='word_1_389' title='bbox 275 5538 434 5607; x_wconf 83' lang='lat' dir='ltr'><strong>Non,</strong></span> <span class='ocrx_word' id='word_1_390' title='bbox 488 5539 739 5608; x_wconf 88' lang='lat' dir='ltr'><strong>Domine,</strong></span> <span class='ocrx_word' id='word_1_391' title='bbox 780 5543 899 5612; x_wconf 81' lang='lat' dir='ltr'><strong>quia</strong></span> <span class='ocrx_word' id='word_1_392' title='bbox 959 5560 1235 5615; x_wconf 83' lang='lat' dir='ltr'><strong>numquam</strong></span> <span class='ocrx_word' id='word_1_393' title='bbox 1283 5560 1585 5609; x_wconf 84' lang='lat' dir='ltr'><strong>commune,</strong></span> <span class='ocrx_word' id='word_1_394' title='bbox 1642 5555 1730 5596; x_wconf 86' lang='lat' dir='ltr'><strong>aut</strong></span> <span class='ocrx_word' id='word_1_395' title='bbox 1785 5546 1886 5597; x_wconf 86' lang='lat' dir='ltr'><strong>im-</strong></span> 
     </span>
    </p>
   </div>
   <div class='ocr_carea' id='block_1_56' title="bbox 274 5635 1884 5708">
    <p class='ocr_par' dir='ltr' id='par_1_56' title="bbox 274 5635 1884 5708">
     <span class='ocr_line' id='line_1_56' title="bbox 274 5635 1884 5708; baseline 0.006 -24"><span class='ocrx_word' id='word_1_396' title='bbox 274 5635 521 5687; x_wconf 85' lang='lat' dir='ltr'><strong>mundum</strong></span> <span class='ocrx_word' id='word_1_397' title='bbox 567 5638 688 5705; x_wconf 81' lang='lat' dir='ltr'><strong>quid</strong></span> <span class='ocrx_word' id='word_1_398' title='bbox 730 5637 925 5690; x_wconf 70' lang='lat' dir='ltr'><strong>comedi</strong></span> <span class='ocrx_word' id='word_1_399' title='bbox 984 5638 1120 5705; x_wconf 81' lang='lat' dir='ltr'><strong>(Act.</strong></span> <span class='ocrx_word' id='word_1_400' title='bbox 1170 5638 1257 5692; x_wconf 86' lang='grc'><strong>10.</strong></span> <span class='ocrx_word' id='word_1_401' title='bbox 1304 5639 1417 5708; x_wconf 68' lang='grc'><strong>14).</strong></span> <span class='ocrx_word' id='word_1_402' title='bbox 1470 5637 1691 5692; x_wconf 79' lang='lat' dir='ltr'><strong>Etiamsi</strong></span> <span class='ocrx_word' id='word_1_403' title='bbox 1740 5640 1884 5693; x_wconf 86' lang='lat' dir='ltr'><strong>enim</strong></span> 
     </span>
    </p>
   </div>
   <div class='ocr_carea' id='block_1_57' title="bbox 274 5727 1884 5798">
    <p class='ocr_par' dir='ltr' id='par_1_57' title="bbox 274 5727 1884 5798">
     <span class='ocr_line' id='line_1_57' title="bbox 274 5727 1884 5798; baseline 0.005 -19"><span class='ocrx_word' id='word_1_404' title='bbox 274 5727 505 5783; x_wconf 84' lang='lat' dir='ltr'><strong>aliorum</strong></span> <span class='ocrx_word' id='word_1_405' title='bbox 543 5744 703 5783; x_wconf 87' lang='lat' dir='ltr'><strong>causa</strong></span> <span class='ocrx_word' id='word_1_406' title='bbox 752 5730 866 5784; x_wconf 82' lang='lat' dir='ltr'><strong>haec</strong></span> <span class='ocrx_word' id='word_1_407' title='bbox 897 5730 1135 5798; x_wconf 87' lang='lat' dir='ltr'><strong>diceret,</strong></span> <span class='ocrx_word' id='word_1_408' title='bbox 1172 5742 1226 5785; x_wconf 92' lang='lat' dir='ltr'><strong>ut</strong></span> <span class='ocrx_word' id='word_1_409' title='bbox 1267 5732 1367 5785; x_wconf 87' lang='lat' dir='ltr'><strong>sibi</strong></span> <span class='ocrx_word' id='word_1_410' title='bbox 1418 5730 1679 5786; x_wconf 87' lang='lat' dir='ltr'><strong>adversus</strong></span> <span class='ocrx_word' id='word_1_411' title='bbox 1722 5748 1884 5787; x_wconf 83' lang='lat' dir='ltr'><strong>aecu-</strong></span> 
     </span>
    </p>
   </div>
   <div class='ocr_carea' id='block_1_58' title="bbox 275 5820 1886 5895">
    <p class='ocr_par' dir='ltr' id='par_1_58' title="bbox 275 5820 1886 5895">
     <span class='ocr_line' id='line_1_58' title="bbox 275 5820 1886 5895; baseline 0.004 -21"><span class='ocrx_word' id='word_1_412' title='bbox 275 5830 484 5875; x_wconf 85' lang='lat' dir='ltr'><strong>satnres</strong></span> <span class='ocrx_word' id='word_1_413' title='bbox 521 5820 895 5878; x_wconf 73' lang='lat' dir='ltr'><strong>defensionem</strong></span> <span class='ocrx_word' id='word_1_414' title='bbox 946 5834 1189 5891; x_wconf 81' lang='lat' dir='ltr'><strong>pararet,</strong></span> <span class='ocrx_word' id='word_1_415' title='bbox 1243 5824 1663 5895; x_wconf 80' lang='lat' dir='ltr'><strong>ostenderetque</strong></span> <span class='ocrx_word' id='word_1_416' title='bbox 1708 5840 1768 5880; x_wconf 93' lang='lat' dir='ltr'><strong>se</strong></span> <span class='ocrx_word' id='word_1_417' title='bbox 1795 5842 1886 5880; x_wconf 87' lang='lat' dir='ltr'><strong>re-</strong></span> 
     </span>
    </p>
   </div>
   <div class='ocr_carea' id='block_1_59' title="bbox 275 5914 1883 5988">
    <p class='ocr_par' dir='ltr' id='par_1_59' title="bbox 275 5914 1883 5988">
     <span class='ocr_line' id='line_1_59' title="bbox 275 5914 1883 5988; baseline 0.003 -18"><span class='ocrx_word' id='word_1_418' title='bbox 275 5914 478 5971; x_wconf 87' lang='lat' dir='ltr'><strong>stitisse</strong></span> <span class='ocrx_word' id='word_1_419' title='bbox 498 5958 513 5982; x_wconf 93' lang='lat'><strong>,</strong></span> <span class='ocrx_word' id='word_1_420' title='bbox 542 5931 713 5987; x_wconf 69' lang='lat' dir='ltr'><strong>neque</strong></span> <span class='ocrx_word' id='word_1_421' title='bbox 738 5920 814 5970; x_wconf 72' lang='lat' dir='ltr'><strong>sic</strong></span> <span class='ocrx_word' id='word_1_422' title='bbox 854 5915 903 5969; x_wconf 77' lang='lat' dir='ltr'><strong>id</strong></span> <span class='ocrx_word' id='word_1_423' title='bbox 933 5918 1029 5971; x_wconf 82' lang='lat' dir='ltr'><strong>sibi</strong></span> <span class='ocrx_word' id='word_1_424' title='bbox 1062 5934 1383 5975; x_wconf 79' lang='lat' dir='ltr'><strong>concessum</strong></span> <span class='ocrx_word' id='word_1_425' title='bbox 1412 5917 1579 5975; x_wconf 81' lang='lat' dir='ltr'><strong>fuisse</strong></span> <span class='ocrx_word' id='word_1_426' title='bbox 1600 5960 1615 5988; x_wconf 91' lang='lat'><strong>,</strong></span> <span class='ocrx_word' id='word_1_427' title='bbox 1647 5930 1883 5977; x_wconf 88' lang='lat' dir='ltr'><strong>attamen</strong></span> 
     </span>
    </p>
   </div>
   <div class='ocr_carea' id='block_1_60' title="bbox 349 6164 379 6193">
    <p class='ocr_par' dir='ltr' id='par_1_60' title="bbox 349 6164 379 6193">
     <span class='ocr_line' id='line_1_60' title="bbox 349 6164 379 6193; baseline 0 -8"><span class='ocrx_word' id='word_1_428' title='bbox 349 6164 379 6193; x_wconf 68' lang='grc' dir='ltr'><strong>ιν</strong></span> 
     </span>
    </p>
   </div>
   <div class='ocr_carea' id='block_1_61' title="bbox 1360 385 3584 463">
    <p class='ocr_par' dir='ltr' id='par_1_61' title="bbox 1360 385 3584 463">
     <span class='ocr_line' id='line_1_61' title="bbox 1360 385 3584 463; baseline -0.003 -8"><span class='ocrx_word' id='word_1_429' title='bbox 1360 397 1425 456; x_wconf 83' lang='lat' dir='ltr'><strong>IN</strong></span> <span class='ocrx_word' id='word_1_430' title='bbox 1464 385 1883 453; x_wconf 66' lang='lat' dir='ltr'><strong>intumum</strong></span> <span class='ocrx_word' id='word_1_431' title='bbox 1922 386 2158 447; x_wconf 63' lang='lat' dir='ltr'><strong>nosne.</strong></span> <span class='ocrx_word' id='word_1_432' title='bbox 2198 389 2287 447; x_wconf 84' lang='lat' dir='ltr'><strong>LI.</strong></span> <span class='ocrx_word' id='word_1_433' title='bbox 2331 393 2404 448; x_wconf 89' lang='lat' dir='ltr'><strong>al.</strong></span> <span class='ocrx_word' id='word_1_434' title='bbox 2447 390 2558 450; x_wconf 74' lang='grc' dir='ltr'><strong>ιη.</strong></span> <span class='ocrx_word' id='word_1_435' title='bbox 3550 391 3584 463; x_wconf 71' lang='lat' dir='ltr'><strong>ts</strong></span> 
     </span>
    </p>
   </div>
   <div class='ocr_carea' id='block_1_62' title="bbox 300 506 3660 607">
    <p class='ocr_par' dir='ltr' id='par_1_62' title="bbox 300 506 3660 607">
     <span class='ocr_line' id='line_1_62' title="bbox 300 506 3660 607; baseline -0.004 -31"><span class='ocrx_word' id='word_1_436' title='bbox 300 536 423 607; x_wconf 57' lang='grc' dir='ltr'><strong>μήθ</strong></span> <span class='ocrx_word' id='word_1_437' title='bbox 454 530 707 605; x_wconf 63' lang='lat' dir='ltr'><strong>plenum;</strong></span> <span class='ocrx_word' id='word_1_438' title='bbox 738 522 1065 597; x_wconf 70' lang='lat' dir='ltr'><strong>sinoptaqne</strong></span> <span class='ocrx_word' id='word_1_439' title='bbox 1090 537 1156 578; x_wconf 88' lang='lat' dir='ltr'><strong>ex</strong></span> <span class='ocrx_word' id='word_1_440' title='bbox 1186 520 1279 576; x_wconf 93' lang='lat' dir='ltr'><strong>illo</strong></span> <span class='ocrx_word' id='word_1_441' title='bbox 1308 517 1617 579; x_wconf 85' lang='lat' dir='ltr'><strong>occasione,</strong></span> <span class='ocrx_word' id='word_1_442' title='bbox 1647 507 1825 581; x_wconf 82' lang='lat' dir='ltr'><strong>majus</strong></span> <span class='ocrx_word' id='word_1_443' title='bbox 1854 506 1920 561; x_wconf 86' lang='lat' dir='ltr'><strong>il-</strong></span> <span class='ocrx_word' id='word_1_444' title='bbox 2028 506 2263 562; x_wconf 86' lang='lat' dir='ltr'><strong>ostendit</strong></span> <span class='ocrx_word' id='word_1_445' title='bbox 2286 524 2534 578; x_wconf 84' lang='lat' dir='ltr'><strong>magnam</strong></span> <span class='ocrx_word' id='word_1_446' title='bbox 2565 508 2727 580; x_wconf 86' lang='lat' dir='ltr'><strong>hujus</strong></span> <span class='ocrx_word' id='word_1_447' title='bbox 2758 509 2835 564; x_wconf 83' lang='lat' dir='ltr'><strong>rei</strong></span> <span class='ocrx_word' id='word_1_448' title='bbox 2861 522 3047 564; x_wconf 87' lang='lat' dir='ltr'><strong>curam</strong></span> <span class='ocrx_word' id='word_1_449' title='bbox 3079 518 3135 564; x_wconf 89' lang='lat' dir='ltr'><strong>et</strong></span> <span class='ocrx_word' id='word_1_450' title='bbox 3167 509 3503 579; x_wconf 84' lang='lat' dir='ltr'><strong>opinionem.</strong></span> <span class='ocrx_word' id='word_1_451' title='bbox 3532 508 3660 564; x_wconf 81' lang='lat' dir='ltr'><strong>ideo</strong></span> 
     </span>
    </p>
   </div>
   <div class='ocr_carea' id='block_1_63' title="bbox 3550 390 3663 449">
    <p class='ocr_par' dir='ltr' id='par_1_63' title="bbox 3550 390 3663 449">
     <span class='ocr_line' id='line_1_63' title="bbox 3550 390 3663 449; baseline -0.009 0"><span class='ocrx_word' id='word_1_452' title='bbox 3550 390 3663 449; x_wconf 66' lang='grc' dir='ltr'><strong>δη</strong></span> 
     </span>
    </p>
   </div>
   <div class='ocr_carea' id='block_1_64' title="bbox 2023 597 3658 675">
    <p class='ocr_par' dir='ltr' id='par_1_64' title="bbox 2023 597 3658 675">
     <span class='ocr_line' id='line_1_64' title="bbox 2023 597 3658 675; baseline 0.002 -21"><span class='ocrx_word' id='word_1_453' title='bbox 2023 597 2273 655; x_wconf 81' lang='lat' dir='ltr'><strong>Christus</strong></span> <span class='ocrx_word' id='word_1_454' title='bbox 2294 601 2346 655; x_wconf 91' lang='lat' dir='ltr'><strong>in</strong></span> <span class='ocrx_word' id='word_1_455' title='bbox 2371 601 2640 674; x_wconf 89' lang='lat' dir='ltr'><strong>principio</strong></span> <span class='ocrx_word' id='word_1_456' title='bbox 2675 618 2786 659; x_wconf 90' lang='lat' dir='ltr'><strong>non</strong></span> <span class='ocrx_word' id='word_1_457' title='bbox 2821 603 2892 658; x_wconf 88' lang='lat' dir='ltr'><strong>ita</strong></span> <span class='ocrx_word' id='word_1_458' title='bbox 2922 614 3111 674; x_wconf 87' lang='lat' dir='ltr'><strong>aperte</strong></span> <span class='ocrx_word' id='word_1_459' title='bbox 3136 603 3206 659; x_wconf 89' lang='lat' dir='ltr'><strong>de</strong></span> <span class='ocrx_word' id='word_1_460' title='bbox 3232 604 3370 659; x_wconf 86' lang='lat' dir='ltr'><strong>cibis</strong></span> <span class='ocrx_word' id='word_1_461' title='bbox 3397 603 3658 675; x_wconf 84' lang='lat' dir='ltr'><strong>loquutus</strong></span> 
     </span>
    </p>
   </div>
   <div class='ocr_carea' id='block_1_65' title="bbox 2021 692 3757 767">
    <p class='ocr_par' dir='ltr' id='par_1_65' title="bbox 2021 692 3757 767">
     <span class='ocr_line' id='line_1_65' title="bbox 2021 692 3757 767; baseline 0.002 -21"><span class='ocrx_word' id='word_1_462' title='bbox 2021 700 2134 758; x_wconf 88' lang='lat' dir='ltr'><strong>est,</strong></span> <span class='ocrx_word' id='word_1_463' title='bbox 2164 692 2259 747; x_wconf 89' lang='lat' dir='ltr'><strong>sed</strong></span> <span class='ocrx_word' id='word_1_464' title='bbox 2299 692 2465 759; x_wconf 82' lang='lat' dir='ltr'><strong>dixit,</strong></span> <span class='ocrx_word' id='word_1_465' title='bbox 2500 692 2629 759; x_wconf 74' lang='lat' dir='ltr'><strong>Qua:</strong></span> <span class='ocrx_word' id='word_1_466' title='bbox 2668 710 2762 766; x_wconf 83' lang='lat' dir='ltr'><strong>per</strong></span> <span class='ocrx_word' id='word_1_467' title='bbox 2785 712 2842 750; x_wconf 87' lang='lat' dir='ltr'><strong>os</strong></span> <span class='ocrx_word' id='word_1_468' title='bbox 2875 694 3239 767; x_wconf 82' lang='lat' dir='ltr'><strong>ingrediuntur</strong></span> <span class='ocrx_word' id='word_1_469' title='bbox 3275 712 3296 752; x_wconf 90' lang='lat'><strong><em>:</em></strong></span> <span class='ocrx_word' id='word_1_470' title='bbox 3332 711 3397 751; x_wconf 88' lang='lat' dir='ltr'><strong>ac</strong></span> <span class='ocrx_word' id='word_1_471' title='bbox 3425 709 3617 751; x_wconf 88' lang='lat' dir='ltr'><strong>rursus</strong></span> <span class='ocrx_word' id='word_1_472' title='bbox 3638 735 3657 763; x_wconf 93' lang='lat'><strong>,</strong></span> <span class='ocrx_word' id='word_1_473' title='bbox 3750 714 3757 720; x_wconf 95' lang='grc'><strong>·</strong></span> 
     </span>
    </p>
   </div>
   <div class='ocr_carea' id='block_1_66' title="bbox 2021 787 3659 860">
    <p class='ocr_par' dir='ltr' id='par_1_66' title="bbox 2021 787 3659 860">
     <span class='ocr_line' id='line_1_66' title="bbox 2021 787 3659 860; baseline 0.003 -21"><span class='ocrx_word' id='word_1_474' title='bbox 2021 801 2145 840; x_wconf 89' lang='lat' dir='ltr'><strong>cum</strong></span> <span class='ocrx_word' id='word_1_475' title='bbox 2188 787 2527 842; x_wconf 82' lang='lat' dir='ltr'><strong>manifestius</strong></span> <span class='ocrx_word' id='word_1_476' title='bbox 2558 787 2660 843; x_wconf 89' lang='lat' dir='ltr'><strong>hac</strong></span> <span class='ocrx_word' id='word_1_477' title='bbox 2695 787 2764 844; x_wconf 91' lang='lat' dir='ltr'><strong>de</strong></span> <span class='ocrx_word' id='word_1_478' title='bbox 2811 805 2871 845; x_wconf 90' lang='lat' dir='ltr'><strong>re</strong></span> <span class='ocrx_word' id='word_1_479' title='bbox 2916 798 3103 860; x_wconf 87' lang='lat' dir='ltr'><strong>postea</strong></span> <span class='ocrx_word' id='word_1_480' title='bbox 3148 789 3407 859; x_wconf 89' lang='lat' dir='ltr'><strong>loquutus</strong></span> <span class='ocrx_word' id='word_1_481' title='bbox 3435 788 3659 845; x_wconf 87' lang='lat' dir='ltr'><strong>videre-</strong></span> 
     </span>
    </p>
   </div>
   <div class='ocr_carea' id='block_1_67' title="bbox 2025 880 3661 947">
    <p class='ocr_par' dir='ltr' id='par_1_67' title="bbox 2025 880 3661 947">
     <span class='ocr_line' id='line_1_67' title="bbox 2025 880 3661 947; baseline 0.002 -13"><span class='ocrx_word' id='word_1_482' title='bbox 2025 887 2112 935; x_wconf 91' lang='lat' dir='ltr'><strong>tur</strong></span> <span class='ocrx_word' id='word_1_483' title='bbox 2135 922 2151 947; x_wconf 93' lang='lat'><strong>,</strong></span> <span class='ocrx_word' id='word_1_484' title='bbox 2184 896 2213 935; x_wconf 89' lang='lat' dir='ltr'><strong>a</strong></span> <span class='ocrx_word' id='word_1_485' title='bbox 2247 880 2358 937; x_wconf 76' lang='lat' dir='ltr'><strong>ﬁne</strong></span> <span class='ocrx_word' id='word_1_486' title='bbox 2386 883 2475 937; x_wconf 93' lang='lat' dir='ltr'><strong>illa</strong></span> <span class='ocrx_word' id='word_1_487' title='bbox 2499 881 2845 939; x_wconf 88' lang='lat' dir='ltr'><strong>obumbravit</strong></span> <span class='ocrx_word' id='word_1_488' title='bbox 2872 883 3062 940; x_wconf 86' lang='lat' dir='ltr'><strong>dicens</strong></span> <span class='ocrx_word' id='word_1_489' title='bbox 3090 902 3106 945; x_wconf 85' lang='lat'><strong>:</strong></span> <span class='ocrx_word' id='word_1_490' title='bbox 3140 882 3313 940; x_wconf 80' lang='lat' dir='ltr'><strong>litatis</strong></span> <span class='ocrx_word' id='word_1_491' title='bbox 3338 894 3510 940; x_wconf 85' lang='lat' dir='ltr'><strong>autem</strong></span> <span class='ocrx_word' id='word_1_492' title='bbox 3545 900 3661 937; x_wconf 89' lang='lat' dir='ltr'><strong>ma-</strong></span> 
     </span>
    </p>
   </div>
   <div class='ocr_carea' id='block_1_68' title="bbox 2020 972 3659 1048">
    <p class='ocr_par' dir='ltr' id='par_1_68' title="bbox 2020 972 3659 1048">
     <span class='ocr_line' id='line_1_68' title="bbox 2020 972 3659 1048; baseline 0.003 -21"><span class='ocrx_word' id='word_1_493' title='bbox 2020 972 2170 1029; x_wconf 82' lang='lat' dir='ltr'><strong>nibus</strong></span> <span class='ocrx_word' id='word_1_494' title='bbox 2213 974 2530 1030; x_wconf 84' lang='lat' dir='ltr'><strong>manducare</strong></span> <span class='ocrx_word' id='word_1_495' title='bbox 2573 984 2676 1031; x_wconf 85' lang='lat' dir='ltr'><strong>non</strong></span> <span class='ocrx_word' id='word_1_496' title='bbox 2721 978 3019 1048; x_wconf 77' lang='lat' dir='ltr'><strong>coinquinat</strong></span> <span class='ocrx_word' id='word_1_497' title='bbox 3065 977 3367 1033; x_wconf 72' lang='lat' dir='ltr'><strong>hominem:</strong></span> <span class='ocrx_word' id='word_1_498' title='bbox 3413 985 3472 1032; x_wconf 90' lang='lat' dir='ltr'><strong>ut</strong></span> <span class='ocrx_word' id='word_1_499' title='bbox 3531 977 3659 1032; x_wconf 90' lang='lat' dir='ltr'><strong>hine</strong></span> 
     </span>
    </p>
   </div>
   <div class='ocr_carea' id='block_1_69' title="bbox 2022 1067 3661 1145">
    <p class='ocr_par' dir='ltr' id='par_1_69' title="bbox 2022 1067 3661 1145">
     <span class='ocr_line' id='line_1_69' title="bbox 2022 1067 3661 1145; baseline 0.003 -24"><span class='ocrx_word' id='word_1_500' title='bbox 2022 1067 2299 1125; x_wconf 91' lang='lat' dir='ltr'><strong>videretur</strong></span> <span class='ocrx_word' id='word_1_501' title='bbox 2330 1070 2540 1127; x_wconf 91' lang='lat' dir='ltr'><strong>initium</strong></span> <span class='ocrx_word' id='word_1_502' title='bbox 2583 1071 2817 1137; x_wconf 90' lang='lat' dir='ltr'><strong>ducere,</strong></span> <span class='ocrx_word' id='word_1_503' title='bbox 2864 1072 3191 1145; x_wconf 88' lang='lat' dir='ltr'><strong>interimque</strong></span> <span class='ocrx_word' id='word_1_504' title='bbox 3232 1072 3323 1128; x_wconf 89' lang='lat' dir='ltr'><strong>illa</strong></span> <span class='ocrx_word' id='word_1_505' title='bbox 3352 1072 3423 1129; x_wconf 91' lang='lat' dir='ltr'><strong>de</strong></span> <span class='ocrx_word' id='word_1_506' title='bbox 3457 1088 3517 1129; x_wconf 89' lang='lat' dir='ltr'><strong>re</strong></span> <span class='ocrx_word' id='word_1_507' title='bbox 3544 1072 3661 1128; x_wconf 86' lang='lat' dir='ltr'><strong>dis-</strong></span> 
     </span>
    </p>
   </div>
   <div class='ocr_carea' id='block_1_70' title="bbox 2021 1162 3655 1234">
    <p class='ocr_par' dir='ltr' id='par_1_70' title="bbox 2021 1162 3655 1234">
     <span class='ocr_line' id='line_1_70' title="bbox 2021 1162 3655 1234; baseline 0.004 -18"><span class='ocrx_word' id='word_1_508' title='bbox 2021 1162 2279 1219; x_wconf 87' lang='lat' dir='ltr'><strong>seruisse.</strong></span> <span class='ocrx_word' id='word_1_509' title='bbox 2322 1162 2536 1222; x_wconf 90' lang='lat' dir='ltr'><strong>ldcirco</strong></span> <span class='ocrx_word' id='word_1_510' title='bbox 2560 1181 2670 1221; x_wconf 91' lang='lat' dir='ltr'><strong>non</strong></span> <span class='ocrx_word' id='word_1_511' title='bbox 2715 1166 2881 1234; x_wconf 89' lang='lat' dir='ltr'><strong>dixit,</strong></span> <span class='ocrx_word' id='word_1_512' title='bbox 2913 1165 3172 1222; x_wconf 89' lang='lat' dir='ltr'><strong>Ciborum</strong></span> <span class='ocrx_word' id='word_1_513' title='bbox 3195 1181 3325 1223; x_wconf 89' lang='lat' dir='ltr'><strong>esus</strong></span> <span class='ocrx_word' id='word_1_514' title='bbox 3358 1182 3468 1222; x_wconf 88' lang='lat' dir='ltr'><strong>non</strong></span> <span class='ocrx_word' id='word_1_515' title='bbox 3497 1168 3655 1223; x_wconf 88' lang='lat' dir='ltr'><strong>coin-</strong></span> 
     </span>
    </p>
   </div>
   <div class='ocr_carea' id='block_1_71' title="bbox 2018 1256 3656 1331">
    <p class='ocr_par' dir='ltr' id='par_1_71' title="bbox 2018 1256 3656 1331">
     <span class='ocr_line' id='line_1_71' title="bbox 2018 1256 3656 1331; baseline 0.004 -22"><span class='ocrx_word' id='word_1_516' title='bbox 2018 1256 2207 1325; x_wconf 85' lang='lat' dir='ltr'><strong>quinat</strong></span> <span class='ocrx_word' id='word_1_517' title='bbox 2226 1256 2537 1324; x_wconf 82' lang='lat' dir='ltr'><strong>hominem;</strong></span> <span class='ocrx_word' id='word_1_518' title='bbox 2571 1259 2667 1315; x_wconf 83' lang='lat' dir='ltr'><strong>sed</strong></span> <span class='ocrx_word' id='word_1_519' title='bbox 2694 1261 2846 1331; x_wconf 89' lang='lat' dir='ltr'><strong>quasi</strong></span> <span class='ocrx_word' id='word_1_520' title='bbox 2882 1259 2955 1316; x_wconf 89' lang='lat' dir='ltr'><strong>de</strong></span> <span class='ocrx_word' id='word_1_521' title='bbox 2989 1260 3096 1316; x_wconf 89' lang='lat' dir='ltr'><strong>alia</strong></span> <span class='ocrx_word' id='word_1_522' title='bbox 3136 1276 3197 1317; x_wconf 90' lang='lat' dir='ltr'><strong>re</strong></span> <span class='ocrx_word' id='word_1_523' title='bbox 3238 1259 3524 1331; x_wconf 87' lang='lat' dir='ltr'><strong>disputans</strong></span> <span class='ocrx_word' id='word_1_524' title='bbox 3546 1303 3562 1330; x_wconf 91' lang='lat'><strong>,</strong></span> <span class='ocrx_word' id='word_1_525' title='bbox 3593 1270 3656 1315; x_wconf 91' lang='lat' dir='ltr'><strong>ut</strong></span> 
     </span>
    </p>
   </div>
   <div class='ocr_carea' id='block_1_72' title="bbox 2022 1348 3652 1424">
    <p class='ocr_par' dir='ltr' id='par_1_72' title="bbox 2022 1348 3652 1424">
     <span class='ocr_line' id='line_1_72' title="bbox 2022 1348 3652 1424; baseline 0.004 -21"><span class='ocrx_word' id='word_1_526' title='bbox 2022 1348 2159 1405; x_wconf 90' lang='lat' dir='ltr'><strong>nihil</strong></span> <span class='ocrx_word' id='word_1_527' title='bbox 2200 1360 2425 1421; x_wconf 85' lang='lat' dir='ltr'><strong>possent</strong></span> <span class='ocrx_word' id='word_1_528' title='bbox 2466 1352 2541 1407; x_wconf 92' lang='lat' dir='ltr'><strong>illi</strong></span> <span class='ocrx_word' id='word_1_529' title='bbox 2570 1352 2832 1424; x_wconf 89' lang='lat' dir='ltr'><strong>objicere.</strong></span> <span class='ocrx_word' id='word_1_530' title='bbox 2876 1353 3005 1410; x_wconf 62' lang='lat' dir='ltr'><strong>Haec</strong></span> <span class='ocrx_word' id='word_1_531' title='bbox 3043 1369 3168 1410; x_wconf 88' lang='lat' dir='ltr'><strong>cum</strong></span> <span class='ocrx_word' id='word_1_532' title='bbox 3207 1354 3529 1420; x_wconf 86' lang='lat' dir='ltr'><strong>audissent,</strong></span> <span class='ocrx_word' id='word_1_533' title='bbox 3566 1353 3652 1409; x_wconf 87' lang='lat' dir='ltr'><strong>in—</strong></span> 
     </span>
    </p>
   </div>
   <div class='ocr_carea' id='block_1_73' title="bbox 2017 1445 3647 1519">
    <p class='ocr_par' dir='ltr' id='par_1_73' title="bbox 2017 1445 3647 1519">
     <span class='ocr_line' id='line_1_73' title="bbox 2017 1445 3647 1519; baseline 0.005 -22"><span class='ocrx_word' id='word_1_534' title='bbox 2017 1445 2166 1513; x_wconf 88' lang='lat' dir='ltr'><strong>quit,</strong></span> <span class='ocrx_word' id='word_1_535' title='bbox 2194 1445 2548 1502; x_wconf 80' lang='lat' dir='ltr'><strong>seandalizati</strong></span> <span class='ocrx_word' id='word_1_536' title='bbox 2580 1457 2741 1514; x_wconf 88' lang='lat' dir='ltr'><strong>sunt,</strong></span> <span class='ocrx_word' id='word_1_537' title='bbox 2779 1447 3037 1504; x_wconf 80' lang='lat' dir='ltr'><strong>Pharisaei</strong></span> <span class='ocrx_word' id='word_1_538' title='bbox 3065 1464 3286 1519; x_wconf 90' lang='lat' dir='ltr'><strong>nempe,</strong></span> <span class='ocrx_word' id='word_1_539' title='bbox 3321 1465 3429 1505; x_wconf 88' lang='lat' dir='ltr'><strong>non</strong></span> <span class='ocrx_word' id='word_1_540' title='bbox 3454 1450 3647 1506; x_wconf 64' lang='lat' dir='ltr'><strong>turtur.</strong></span> 
     </span>
    </p>
   </div>
   <div class='ocr_carea' id='block_1_74' title="bbox 2020 1535 3652 1613">
    <p class='ocr_par' dir='ltr' id='par_1_74' title="bbox 2020 1535 3652 1613">
     <span class='ocr_line' id='line_1_74' title="bbox 2020 1535 3652 1613; baseline 0.002 -20"><span class='ocrx_word' id='word_1_541' title='bbox 2020 1535 2111 1593; x_wconf 77' lang='grc'><strong>12.</strong></span> <span class='ocrx_word' id='word_1_542' title='bbox 2153 1536 2469 1595; x_wconf 79' lang='lat' dir='ltr'><strong>Accedentes</strong></span> <span class='ocrx_word' id='word_1_543' title='bbox 2515 1540 2693 1606; x_wconf 89' lang='lat' dir='ltr'><strong>enim,</strong></span> <span class='ocrx_word' id='word_1_544' title='bbox 2746 1540 2946 1612; x_wconf 85' lang='lat' dir='ltr'><strong>inquit,</strong></span> <span class='ocrx_word' id='word_1_545' title='bbox 2981 1542 3229 1613; x_wconf 79' lang='lat' dir='ltr'><strong>discipuli</strong></span> <span class='ocrx_word' id='word_1_546' title='bbox 3271 1543 3383 1613; x_wconf 78' lang='lat' dir='ltr'><strong>ejus</strong></span> <span class='ocrx_word' id='word_1_547' title='bbox 3410 1543 3652 1599; x_wconf 69' lang='lat' dir='ltr'><strong>dixerunt</strong></span> 
     </span>
    </p>
   </div>
   <div class='ocr_carea' id='block_1_75' title="bbox 2019 1628 3651 1702">
    <p class='ocr_par' dir='ltr' id='par_1_75' title="bbox 2019 1628 3651 1702">
     <span class='ocr_line' id='line_1_75' title="bbox 2019 1628 3651 1702; baseline 0.005 -19"><span class='ocrx_word' id='word_1_548' title='bbox 2019 1629 2065 1683; x_wconf 80' lang='lat' dir='ltr'><strong>ei</strong></span> <span class='ocrx_word' id='word_1_549' title='bbox 2091 1646 2112 1683; x_wconf 89' lang='lat'><strong><em>:</em></strong></span> <span class='ocrx_word' id='word_1_550' title='bbox 2143 1628 2260 1685; x_wconf 86' lang='lat' dir='ltr'><strong>Scis</strong></span> <span class='ocrx_word' id='word_1_551' title='bbox 2301 1632 2424 1701; x_wconf 81' lang='lat' dir='ltr'><strong>quia</strong></span> <span class='ocrx_word' id='word_1_552' title='bbox 2471 1629 2764 1697; x_wconf 70' lang='lat' dir='ltr'><strong>Pharisaei,</strong></span> <span class='ocrx_word' id='word_1_553' title='bbox 2797 1633 2976 1689; x_wconf 76' lang='lat' dir='ltr'><strong>audito</strong></span> <span class='ocrx_word' id='word_1_554' title='bbox 3010 1634 3109 1689; x_wconf 84' lang='lat' dir='ltr'><strong>hoc</strong></span> <span class='ocrx_word' id='word_1_555' title='bbox 3154 1635 3307 1691; x_wconf 77' lang='lat' dir='ltr'><strong>verba</strong></span> <span class='ocrx_word' id='word_1_556' title='bbox 3328 1676 3345 1702; x_wconf 90' lang='lat'><strong>,</strong></span> <span class='ocrx_word' id='word_1_557' title='bbox 3385 1634 3651 1691; x_wconf 83' lang='lat' dir='ltr'><strong>scandali-</strong></span> 
     </span>
    </p>
   </div>
   <div class='ocr_carea' id='block_1_76' title="bbox 2017 1724 3648 1785">
    <p class='ocr_par' dir='ltr' id='par_1_76' title="bbox 2017 1724 3648 1785">
     <span class='ocr_line' id='line_1_76' title="bbox 2017 1724 3648 1785; baseline 0.005 -9"><span class='ocrx_word' id='word_1_558' title='bbox 2017 1724 2122 1777; x_wconf 76' lang='lat' dir='ltr'><strong>zati</strong></span> <span class='ocrx_word' id='word_1_559' title='bbox 2148 1725 2315 1778; x_wconf 73' lang='lat' dir='ltr'><strong>sunt?</strong></span> <span class='ocrx_word' id='word_1_560' title='bbox 2347 1725 2411 1780; x_wconf 87' lang='lat' dir='ltr'><strong>Et</strong></span> <span class='ocrx_word' id='word_1_561' title='bbox 2440 1735 2619 1783; x_wconf 85' lang='lat' dir='ltr'><strong>tamen</strong></span> <span class='ocrx_word' id='word_1_562' title='bbox 2652 1726 2785 1782; x_wconf 85' lang='lat' dir='ltr'><strong>nihil</strong></span> <span class='ocrx_word' id='word_1_563' title='bbox 2804 1727 3067 1784; x_wconf 88' lang='lat' dir='ltr'><strong>adversus</strong></span> <span class='ocrx_word' id='word_1_564' title='bbox 3095 1743 3192 1784; x_wconf 90' lang='lat' dir='ltr'><strong>eos</strong></span> <span class='ocrx_word' id='word_1_565' title='bbox 3218 1728 3423 1785; x_wconf 89' lang='lat' dir='ltr'><strong>dictum</strong></span> <span class='ocrx_word' id='word_1_566' title='bbox 3452 1728 3648 1784; x_wconf 88' lang='lat' dir='ltr'><strong>fuerat.</strong></span> 
     </span>
    </p>
   </div>
   <div class='ocr_carea' id='block_1_77' title="bbox 2018 1814 3647 1899">
    <p class='ocr_par' dir='ltr' id='par_1_77' title="bbox 2018 1814 3647 1899">
     <span class='ocr_line' id='line_1_77' title="bbox 2018 1814 3647 1899; baseline 0.006 -31"><span class='ocrx_word' id='word_1_567' title='bbox 2018 1814 2157 1883; x_wconf 87' lang='lat' dir='ltr'><strong>Quid</strong></span> <span class='ocrx_word' id='word_1_568' title='bbox 2192 1816 2353 1887; x_wconf 88' lang='lat' dir='ltr'><strong>igitur</strong></span> <span class='ocrx_word' id='word_1_569' title='bbox 2389 1814 2675 1874; x_wconf 77' lang='lat' dir='ltr'><strong>Christus?</strong></span> <span class='ocrx_word' id='word_1_570' title='bbox 2710 1819 2826 1875; x_wconf 84' lang='lat' dir='ltr'><strong>Non</strong></span> <span class='ocrx_word' id='word_1_571' title='bbox 2860 1821 3022 1877; x_wconf 86' lang='lat' dir='ltr'><strong>solvit</strong></span> <span class='ocrx_word' id='word_1_572' title='bbox 3063 1820 3386 1899; x_wconf 74' lang='lat' dir='ltr'><strong>scandalum</strong></span> <span class='ocrx_word' id='word_1_573' title='bbox 3415 1838 3605 1878; x_wconf 90' lang='lat' dir='ltr'><strong>eorum</strong></span> <span class='ocrx_word' id='word_1_574' title='bbox 3630 1864 3647 1886; x_wconf 87' lang='lat'><strong>,</strong></span> 
     </span>
    </p>
   </div>
   <div class='ocr_carea' id='block_1_78' title="bbox 2018 1907 3648 1987">
    <p class='ocr_par' dir='ltr' id='par_1_78' title="bbox 2018 1907 3648 1987">
     <span class='ocr_line' id='line_1_78' title="bbox 2018 1907 3648 1987; baseline 0.005 -24"><span class='ocrx_word' id='word_1_575' title='bbox 2018 1907 2113 1964; x_wconf 87' lang='lat' dir='ltr'><strong>sed</strong></span> <span class='ocrx_word' id='word_1_576' title='bbox 2144 1909 2480 1981; x_wconf 80' lang='lat' dir='ltr'><strong>increpavit,</strong></span> <span class='ocrx_word' id='word_1_577' title='bbox 2525 1914 2717 1970; x_wconf 86' lang='lat' dir='ltr'><strong>dicens</strong></span> <span class='ocrx_word' id='word_1_578' title='bbox 2748 1933 2763 1970; x_wconf 85' lang='lat'><strong>:</strong></span> <span class='ocrx_word' id='word_1_579' title='bbox 2797 1916 2888 1971; x_wconf 75' lang='lat' dir='ltr'><strong>i3.</strong></span> <span class='ocrx_word' id='word_1_580' title='bbox 2922 1915 3105 1971; x_wconf 79' lang='lat' dir='ltr'><strong>Omnis</strong></span> <span class='ocrx_word' id='word_1_581' title='bbox 3156 1916 3447 1987; x_wconf 82' lang='lat' dir='ltr'><strong>plautatio,</strong></span> <span class='ocrx_word' id='word_1_582' title='bbox 3490 1933 3648 1987; x_wconf 77' lang='lat' dir='ltr'><strong>quam</strong></span> 
     </span>
    </p>
   </div>
   <div class='ocr_carea' id='block_1_79' title="bbox 2017 2002 3647 2077">
    <p class='ocr_par' dir='ltr' id='par_1_79' title="bbox 2017 2002 3647 2077">
     <span class='ocr_line' id='line_1_79' title="bbox 2017 2002 3647 2077; baseline 0.008 -23"><span class='ocrx_word' id='word_1_583' title='bbox 2017 2016 2121 2055; x_wconf 88' lang='lat' dir='ltr'><strong>non</strong></span> <span class='ocrx_word' id='word_1_584' title='bbox 2150 2002 2401 2073; x_wconf 81' lang='lat' dir='ltr'><strong>plantavit</strong></span> <span class='ocrx_word' id='word_1_585' title='bbox 2441 2003 2598 2060; x_wconf 83' lang='lat' dir='ltr'><strong>Pater</strong></span> <span class='ocrx_word' id='word_1_586' title='bbox 2639 2024 2785 2062; x_wconf 81' lang='lat' dir='ltr'><strong>meus</strong></span> <span class='ocrx_word' id='word_1_587' title='bbox 2818 2008 3035 2065; x_wconf 70' lang='lat' dir='ltr'><strong>cwlestis</strong></span> <span class='ocrx_word' id='word_1_588' title='bbox 3056 2050 3072 2077; x_wconf 94' lang='lat'><strong>,</strong></span> <span class='ocrx_word' id='word_1_589' title='bbox 3119 2009 3487 2066; x_wconf 79' lang='lat' dir='ltr'><strong>eradicabitur.</strong></span> <span class='ocrx_word' id='word_1_590' title='bbox 3530 2008 3647 2066; x_wconf 79' lang='lat' dir='ltr'><strong>No-</strong></span> 
     </span>
    </p>
   </div>
   <div class='ocr_carea' id='block_1_80' title="bbox 2016 2098 3647 2169">
    <p class='ocr_par' dir='ltr' id='par_1_80' title="bbox 2016 2098 3647 2169">
     <span class='ocr_line' id='line_1_80' title="bbox 2016 2098 3647 2169; baseline 0.009 -23"><span class='ocrx_word' id='word_1_591' title='bbox 2016 2103 2171 2150; x_wconf 86' lang='lat' dir='ltr'><strong>verat</strong></span> <span class='ocrx_word' id='word_1_592' title='bbox 2216 2098 2364 2152; x_wconf 89' lang='lat' dir='ltr'><strong>enim</strong></span> <span class='ocrx_word' id='word_1_593' title='bbox 2404 2099 2749 2169; x_wconf 89' lang='lat' dir='ltr'><strong>quandonam</strong></span> <span class='ocrx_word' id='word_1_594' title='bbox 2805 2101 3061 2157; x_wconf 86' lang='lat' dir='ltr'><strong>scandala</strong></span> <span class='ocrx_word' id='word_1_595' title='bbox 3103 2103 3542 2169; x_wconf 89' lang='lat' dir='ltr'><strong>contemnenda,</strong></span> <span class='ocrx_word' id='word_1_596' title='bbox 3591 2111 3647 2161; x_wconf 80' lang='lat' dir='ltr'><strong>et</strong></span> 
     </span>
    </p>
   </div>
   <div class='ocr_carea' id='block_1_81' title="bbox 2015 2190 3640 2270">
    <p class='ocr_par' dir='ltr' id='par_1_81' title="bbox 2015 2190 3640 2270">
     <span class='ocr_line' id='line_1_81' title="bbox 2015 2190 3640 2270; baseline 0.007 -27"><span class='ocrx_word' id='word_1_597' title='bbox 2015 2190 2232 2261; x_wconf 85' lang='lat' dir='ltr'><strong>quando</strong></span> <span class='ocrx_word' id='word_1_598' title='bbox 2284 2207 2392 2247; x_wconf 89' lang='lat' dir='ltr'><strong>non</strong></span> <span class='ocrx_word' id='word_1_599' title='bbox 2445 2193 2794 2265; x_wconf 89' lang='lat' dir='ltr'><strong>despicienda</strong></span> <span class='ocrx_word' id='word_1_600' title='bbox 2841 2207 3019 2253; x_wconf 86' lang='lat' dir='ltr'><strong>erant.</strong></span> <span class='ocrx_word' id='word_1_601' title='bbox 3064 2198 3205 2254; x_wconf 84' lang='lat' dir='ltr'><strong>Alibi</strong></span> <span class='ocrx_word' id='word_1_602' title='bbox 3256 2200 3457 2270; x_wconf 86' lang='lat' dir='ltr'><strong>quippe</strong></span> <span class='ocrx_word' id='word_1_603' title='bbox 3500 2200 3576 2254; x_wconf 81' lang='lat' dir='ltr'><strong>ait</strong></span> <span class='ocrx_word' id='word_1_604' title='bbox 3626 2216 3640 2255; x_wconf 89' lang='lat'><strong>:</strong></span> 
     </span>
    </p>
   </div>
   <div class='ocr_carea' id='block_1_82' title="bbox 2018 2281 3641 2362">
    <p class='ocr_par' dir='ltr' id='par_1_82' title="bbox 2018 2281 3641 2362">
     <span class='ocr_line' id='line_1_82' title="bbox 2018 2281 3641 2362; baseline 0.007 -24"><span class='ocrx_word' id='word_1_605' title='bbox 2018 2281 2103 2339; x_wconf 84' lang='lat' dir='ltr'><strong>Ne</strong></span> <span class='ocrx_word' id='word_1_606' title='bbox 2128 2285 2538 2342; x_wconf 77' lang='lat' dir='ltr'><strong>scandalizemus</strong></span> <span class='ocrx_word' id='word_1_607' title='bbox 2562 2305 2678 2353; x_wconf 87' lang='lat' dir='ltr'><strong>eos,</strong></span> <span class='ocrx_word' id='word_1_608' title='bbox 2723 2290 2867 2346; x_wconf 83' lang='lat' dir='ltr'><strong>mitte</strong></span> <span class='ocrx_word' id='word_1_609' title='bbox 2909 2287 3121 2345; x_wconf 76' lang='lat' dir='ltr'><strong>[tantum</strong></span> <span class='ocrx_word' id='word_1_610' title='bbox 3146 2291 3201 2346; x_wconf 90' lang='lat' dir='ltr'><strong>in</strong></span> <span class='ocrx_word' id='word_1_611' title='bbox 3240 2308 3385 2345; x_wconf 84' lang='lat' dir='ltr'><strong>mare</strong></span> <span class='ocrx_word' id='word_1_612' title='bbox 3423 2291 3641 2362; x_wconf 65' lang='lat' dir='ltr'><strong>(Matth.</strong></span> 
     </span>
    </p>
   </div>
   <div class='ocr_carea' id='block_1_83' title="bbox 2020 2378 3640 2450">
    <p class='ocr_par' dir='ltr' id='par_1_83' title="bbox 2020 2378 3640 2450">
     <span class='ocr_line' id='line_1_83' title="bbox 2020 2378 3640 2450; baseline 0.006 -19"><span class='ocrx_word' id='word_1_613' title='bbox 2020 2378 2109 2432; x_wconf 88' lang='grc'><strong>17.</strong></span> <span class='ocrx_word' id='word_1_614' title='bbox 2138 2378 2273 2450; x_wconf 75' lang='lat'><strong>26);</strong></span> <span class='ocrx_word' id='word_1_615' title='bbox 2311 2379 2400 2435; x_wconf 89' lang='lat' dir='ltr'><strong>hic</strong></span> <span class='ocrx_word' id='word_1_616' title='bbox 2440 2397 2572 2437; x_wconf 85' lang='lat' dir='ltr'><strong>vero</strong></span> <span class='ocrx_word' id='word_1_617' title='bbox 2600 2382 2733 2438; x_wconf 91' lang='lat' dir='ltr'><strong>dicit</strong></span> <span class='ocrx_word' id='word_1_618' title='bbox 2765 2401 2778 2436; x_wconf 87' lang='lat'><strong>:</strong></span> <span class='ocrx_word' id='word_1_619' title='bbox 2815 2384 2903 2441; x_wconf 77' lang='grc'><strong>14.</strong></span> <span class='ocrx_word' id='word_1_620' title='bbox 2948 2383 3118 2441; x_wconf 71' lang='lat' dir='ltr'><strong>Sinite</strong></span> <span class='ocrx_word' id='word_1_621' title='bbox 3146 2384 3299 2449; x_wconf 80' lang='lat' dir='ltr'><strong>illos,</strong></span> <span class='ocrx_word' id='word_1_622' title='bbox 3328 2385 3451 2440; x_wconf 67' lang='lat' dir='ltr'><strong>casei</strong></span> <span class='ocrx_word' id='word_1_623' title='bbox 3487 2396 3640 2450; x_wconf 79' lang='lat' dir='ltr'><strong>sunt,</strong></span> 
     </span>
    </p>
   </div>
   <div class='ocr_carea' id='block_1_84' title="bbox 2014 2472 3642 2533">
    <p class='ocr_par' dir='ltr' id='par_1_84' title="bbox 2014 2472 3642 2533">
     <span class='ocr_line' id='line_1_84' title="bbox 2014 2472 3642 2533; baseline 0.005 -8"><span class='ocrx_word' id='word_1_624' title='bbox 2014 2481 2063 2525; x_wconf 83' lang='lat' dir='ltr'><strong>et</strong></span> <span class='ocrx_word' id='word_1_625' title='bbox 2106 2472 2259 2527; x_wconf 79' lang='lat' dir='ltr'><strong>duces</strong></span> <span class='ocrx_word' id='word_1_626' title='bbox 2308 2489 2583 2529; x_wconf 68' lang='lat' dir='ltr'><strong>caecorum.</strong></span> <span class='ocrx_word' id='word_1_627' title='bbox 2649 2474 2827 2531; x_wconf 71' lang='lat' dir='ltr'><strong>Caecus</strong></span> <span class='ocrx_word' id='word_1_628' title='bbox 2877 2488 3047 2533; x_wconf 78' lang='lat' dir='ltr'><strong>autem</strong></span> <span class='ocrx_word' id='word_1_629' title='bbox 3108 2478 3155 2531; x_wconf 80' lang='lat' dir='ltr'><strong>si</strong></span> <span class='ocrx_word' id='word_1_630' title='bbox 3200 2492 3335 2531; x_wconf 67' lang='lat' dir='ltr'><strong>ceco</strong></span> <span class='ocrx_word' id='word_1_631' title='bbox 3398 2476 3642 2533; x_wconf 73' lang='lat' dir='ltr'><strong>ducatum</strong></span> 
     </span>
    </p>
   </div>
   <div class='ocr_carea' id='block_1_85' title="bbox 2015 2567 3640 2639">
    <p class='ocr_par' dir='ltr' id='par_1_85' title="bbox 2015 2567 3640 2639">
     <span class='ocr_line' id='line_1_85' title="bbox 2015 2567 3640 2639; baseline 0.004 -20"><span class='ocrx_word' id='word_1_632' title='bbox 2015 2575 2250 2634; x_wconf 71' lang='lat' dir='ltr'><strong>prmstet,</strong></span> <span class='ocrx_word' id='word_1_633' title='bbox 2279 2567 2430 2621; x_wconf 79' lang='lat' dir='ltr'><strong>ambo</strong></span> <span class='ocrx_word' id='word_1_634' title='bbox 2464 2568 2519 2623; x_wconf 88' lang='lat' dir='ltr'><strong>in</strong></span> <span class='ocrx_word' id='word_1_635' title='bbox 2548 2571 2751 2639; x_wconf 76' lang='lat' dir='ltr'><strong>foveam</strong></span> <span class='ocrx_word' id='word_1_636' title='bbox 2777 2568 2981 2624; x_wconf 81' lang='lat' dir='ltr'><strong>cadent.</strong></span> <span class='ocrx_word' id='word_1_637' title='bbox 3014 2569 3144 2625; x_wconf 71' lang='lat' dir='ltr'><strong>Ha&#39;c</strong></span> <span class='ocrx_word' id='word_1_638' title='bbox 3173 2580 3357 2625; x_wconf 86' lang='lat' dir='ltr'><strong>autem</strong></span> <span class='ocrx_word' id='word_1_639' title='bbox 3386 2569 3640 2627; x_wconf 88' lang='lat' dir='ltr'><strong>dicebant</strong></span> 
     </span>
    </p>
   </div>
   <div class='ocr_carea' id='block_1_86' title="bbox 2013 2656 3640 2734">
    <p class='ocr_par' dir='ltr' id='par_1_86' title="bbox 2013 2656 3640 2734">
     <span class='ocr_line' id='line_1_86' title="bbox 2013 2656 3640 2734; baseline 0.007 -25"><span class='ocrx_word' id='word_1_640' title='bbox 2013 2656 2300 2729; x_wconf 87' lang='lat' dir='ltr'><strong>discipuli,</strong></span> <span class='ocrx_word' id='word_1_641' title='bbox 2349 2675 2456 2715; x_wconf 89' lang='lat' dir='ltr'><strong>non</strong></span> <span class='ocrx_word' id='word_1_642' title='bbox 2488 2669 2595 2716; x_wconf 90' lang='lat' dir='ltr'><strong>tam</strong></span> <span class='ocrx_word' id='word_1_643' title='bbox 2626 2660 2770 2732; x_wconf 89' lang='lat' dir='ltr'><strong>quod</strong></span> <span class='ocrx_word' id='word_1_644' title='bbox 2813 2660 2883 2717; x_wconf 89' lang='lat' dir='ltr'><strong>de</strong></span> <span class='ocrx_word' id='word_1_645' title='bbox 2913 2661 3019 2716; x_wconf 92' lang='lat' dir='ltr'><strong>illis</strong></span> <span class='ocrx_word' id='word_1_646' title='bbox 3043 2662 3324 2727; x_wconf 89' lang='lat' dir='ltr'><strong>dolerent,</strong></span> <span class='ocrx_word' id='word_1_647' title='bbox 3354 2662 3452 2720; x_wconf 90' lang='lat' dir='ltr'><strong>sed</strong></span> <span class='ocrx_word' id='word_1_648' title='bbox 3494 2663 3640 2734; x_wconf 85' lang='lat' dir='ltr'><strong>quod</strong></span> 
     </span>
    </p>
   </div>
   <div class='ocr_carea' id='block_1_87' title="bbox 2015 2755 3636 2828">
    <p class='ocr_par' dir='ltr' id='par_1_87' title="bbox 2015 2755 3636 2828">
     <span class='ocr_line' id='line_1_87' title="bbox 2015 2755 3636 2828; baseline 0.002 -18"><span class='ocrx_word' id='word_1_649' title='bbox 2015 2764 2069 2810; x_wconf 90' lang='lat' dir='ltr'><strong>et</strong></span> <span class='ocrx_word' id='word_1_650' title='bbox 2098 2755 2199 2827; x_wconf 85' lang='lat' dir='ltr'><strong>ipsi</strong></span> <span class='ocrx_word' id='word_1_651' title='bbox 2245 2757 2582 2828; x_wconf 77' lang='lat' dir='ltr'><strong>aliquantum</strong></span> <span class='ocrx_word' id='word_1_652' title='bbox 2633 2758 3000 2813; x_wconf 86' lang='lat' dir='ltr'><strong>turbarentur.</strong></span> <span class='ocrx_word' id='word_1_653' title='bbox 3034 2757 3171 2826; x_wconf 87' lang='lat' dir='ltr'><strong>Quia</strong></span> <span class='ocrx_word' id='word_1_654' title='bbox 3202 2774 3332 2814; x_wconf 86' lang='lat' dir='ltr'><strong>vero</strong></span> <span class='ocrx_word' id='word_1_655' title='bbox 3380 2775 3489 2814; x_wconf 86' lang='lat' dir='ltr'><strong>non</strong></span> <span class='ocrx_word' id='word_1_656' title='bbox 3534 2775 3636 2814; x_wconf 86' lang='lat' dir='ltr'><strong>au-</strong></span> 
     </span>
    </p>
   </div>
   <div class='ocr_carea' id='block_1_88' title="bbox 2013 2848 3631 2922">
    <p class='ocr_par' dir='ltr' id='par_1_88' title="bbox 2013 2848 3631 2922">
     <span class='ocr_line' id='line_1_88' title="bbox 2013 2848 3631 2922; baseline 0.002 -19"><span class='ocrx_word' id='word_1_657' title='bbox 2013 2848 2215 2905; x_wconf 90' lang='lat' dir='ltr'><strong>debant</strong></span> <span class='ocrx_word' id='word_1_658' title='bbox 2264 2849 2394 2905; x_wconf 90' lang='lat' dir='ltr'><strong>illud</strong></span> <span class='ocrx_word' id='word_1_659' title='bbox 2438 2866 2504 2906; x_wconf 86' lang='lat' dir='ltr'><strong>ex</strong></span> <span class='ocrx_word' id='word_1_660' title='bbox 2539 2850 2757 2922; x_wconf 88' lang='lat' dir='ltr'><strong>propria</strong></span> <span class='ocrx_word' id='word_1_661' title='bbox 2792 2866 3023 2921; x_wconf 86' lang='lat' dir='ltr'><strong>persona</strong></span> <span class='ocrx_word' id='word_1_662' title='bbox 3068 2850 3285 2916; x_wconf 89' lang='lat' dir='ltr'><strong>dicere,</strong></span> <span class='ocrx_word' id='word_1_663' title='bbox 3333 2852 3386 2906; x_wconf 87' lang='lat' dir='ltr'><strong>in</strong></span> <span class='ocrx_word' id='word_1_664' title='bbox 3437 2868 3631 2907; x_wconf 82' lang='lat' dir='ltr'><strong>narra-</strong></span> 
     </span>
    </p>
   </div>
   <div class='ocr_carea' id='block_1_89' title="bbox 2015 2943 3636 3002">
    <p class='ocr_par' dir='ltr' id='par_1_89' title="bbox 2015 2943 3636 3002">
     <span class='ocr_line' id='line_1_89' title="bbox 2015 2943 3636 3002; baseline 0.002 -4"><span class='ocrx_word' id='word_1_665' title='bbox 2015 2945 2160 2998; x_wconf 92' lang='lat' dir='ltr'><strong>tione</strong></span> <span class='ocrx_word' id='word_1_666' title='bbox 2194 2943 2264 2999; x_wconf 88' lang='lat' dir='ltr'><strong>de</strong></span> <span class='ocrx_word' id='word_1_667' title='bbox 2316 2945 2436 2999; x_wconf 89' lang='lat' dir='ltr'><strong>aliis</strong></span> <span class='ocrx_word' id='word_1_668' title='bbox 2471 2944 2715 3000; x_wconf 88' lang='lat' dir='ltr'><strong>instituta</strong></span> <span class='ocrx_word' id='word_1_669' title='bbox 2768 2944 2821 3000; x_wconf 92' lang='lat' dir='ltr'><strong>id</strong></span> <span class='ocrx_word' id='word_1_670' title='bbox 2872 2944 3119 3001; x_wconf 80' lang='lat' dir='ltr'><strong>ediscere</strong></span> <span class='ocrx_word' id='word_1_671' title='bbox 3165 2944 3442 3001; x_wconf 88' lang='lat' dir='ltr'><strong>volebant.</strong></span> <span class='ocrx_word' id='word_1_672' title='bbox 3500 2946 3636 3002; x_wconf 82' lang='lat' dir='ltr'><strong>Nam</strong></span> 
     </span>
    </p>
   </div>
   <div class='ocr_carea' id='block_1_90' title="bbox 2009 3037 3635 3110">
    <p class='ocr_par' dir='ltr' id='par_1_90' title="bbox 2009 3037 3635 3110">
     <span class='ocr_line' id='line_1_90' title="bbox 2009 3037 3635 3110; baseline 0.001 -17"><span class='ocrx_word' id='word_1_673' title='bbox 2009 3038 2154 3109; x_wconf 88' lang='lat' dir='ltr'><strong>quod</strong></span> <span class='ocrx_word' id='word_1_674' title='bbox 2184 3052 2273 3093; x_wconf 86' lang='lat' dir='ltr'><strong>res</strong></span> <span class='ocrx_word' id='word_1_675' title='bbox 2308 3039 2377 3092; x_wconf 88' lang='lat' dir='ltr'><strong>ita</strong></span> <span class='ocrx_word' id='word_1_676' title='bbox 2414 3052 2475 3097; x_wconf 85' lang='lat' dir='ltr'><strong>se</strong></span> <span class='ocrx_word' id='word_1_677' title='bbox 2502 3038 2699 3095; x_wconf 87' lang='lat' dir='ltr'><strong>habeat</strong></span> <span class='ocrx_word' id='word_1_678' title='bbox 2718 3080 2734 3101; x_wconf 89' lang='lat'><strong>.</strong></span> <span class='ocrx_word' id='word_1_679' title='bbox 2762 3038 2888 3094; x_wconf 88' lang='lat' dir='ltr'><strong>audi</strong></span> <span class='ocrx_word' id='word_1_680' title='bbox 2926 3037 3198 3109; x_wconf 89' lang='lat' dir='ltr'><strong>quomodo</strong></span> <span class='ocrx_word' id='word_1_681' title='bbox 3226 3050 3412 3110; x_wconf 85' lang='lat' dir='ltr'><strong>postea</strong></span> <span class='ocrx_word' id='word_1_682' title='bbox 3443 3040 3635 3095; x_wconf 72' lang='lat' dir='ltr'><strong>Petrus</strong></span> 
     </span>
    </p>
   </div>
   <div class='ocr_carea' id='block_1_91' title="bbox 2010 3131 3635 3203">
    <p class='ocr_par' dir='ltr' id='par_1_91' title="bbox 2010 3131 3635 3203">
     <span class='ocr_line' id='line_1_91' title="bbox 2010 3131 3635 3203; baseline 0.001 -17"><span class='ocrx_word' id='word_1_683' title='bbox 2010 3131 2231 3188; x_wconf 77' lang='lat' dir='ltr'><strong>fervens</strong></span> <span class='ocrx_word' id='word_1_684' title='bbox 2261 3133 2382 3199; x_wconf 92' lang='lat' dir='ltr'><strong>ille,</strong></span> <span class='ocrx_word' id='word_1_685' title='bbox 2412 3135 2502 3202; x_wconf 88' lang='lat' dir='ltr'><strong>qtti</strong></span> <span class='ocrx_word' id='word_1_686' title='bbox 2548 3148 2769 3203; x_wconf 86' lang='lat' dir='ltr'><strong>semper</strong></span> <span class='ocrx_word' id='word_1_687' title='bbox 2797 3134 2947 3203; x_wconf 92' lang='lat' dir='ltr'><strong>prior</strong></span> <span class='ocrx_word' id='word_1_688' title='bbox 2974 3132 3218 3199; x_wconf 87' lang='lat' dir='ltr'><strong>accedit,</strong></span> <span class='ocrx_word' id='word_1_689' title='bbox 3248 3133 3395 3188; x_wconf 82' lang='lat' dir='ltr'><strong>dicat</strong></span> <span class='ocrx_word' id='word_1_690' title='bbox 3427 3152 3440 3188; x_wconf 89' lang='lat'><strong>:</strong></span> <span class='ocrx_word' id='word_1_691' title='bbox 3478 3132 3635 3187; x_wconf 79' lang='lat' dir='ltr'><strong>Edis-</strong></span> 
     </span>
    </p>
   </div>
   <div class='ocr_carea' id='block_1_92' title="bbox 2006 3223 3632 3297">
    <p class='ocr_par' dir='ltr' id='par_1_92' title="bbox 2006 3223 3632 3297">
     <span class='ocr_line' id='line_1_92' title="bbox 2006 3223 3632 3297; baseline 0.002 -18"><span class='ocrx_word' id='word_1_692' title='bbox 2006 3241 2113 3279; x_wconf 79' lang='lat' dir='ltr'><strong>sere</strong></span> <span class='ocrx_word' id='word_1_693' title='bbox 2142 3224 2285 3279; x_wconf 80' lang='lat' dir='ltr'><strong>nobis</strong></span> <span class='ocrx_word' id='word_1_694' title='bbox 2326 3227 2628 3297; x_wconf 85' lang='lat' dir='ltr'><strong>parabotam</strong></span> <span class='ocrx_word' id='word_1_695' title='bbox 2648 3227 2781 3279; x_wconf 82' lang='lat' dir='ltr'><strong>hanc</strong></span> <span class='ocrx_word' id='word_1_696' title='bbox 2815 3223 3030 3294; x_wconf 79' lang='lat' dir='ltr'><strong>(Matth.</strong></span> <span class='ocrx_word' id='word_1_697' title='bbox 3066 3225 3153 3282; x_wconf 78' lang='grc'><strong>15.</strong></span> <span class='ocrx_word' id='word_1_698' title='bbox 3185 3224 3314 3297; x_wconf 84' lang='grc'><strong>15);</strong></span> <span class='ocrx_word' id='word_1_699' title='bbox 3356 3228 3521 3282; x_wconf 89' lang='lat' dir='ltr'><strong>animi</strong></span> <span class='ocrx_word' id='word_1_700' title='bbox 3547 3229 3632 3283; x_wconf 86' lang='lat' dir='ltr'><strong>sui</strong></span> 
     </span>
    </p>
   </div>
   <div class='ocr_carea' id='block_1_93' title="bbox 2007 3310 3631 3389">
    <p class='ocr_par' dir='ltr' id='par_1_93' title="bbox 2007 3310 3631 3389">
     <span class='ocr_line' id='line_1_93' title="bbox 2007 3310 3631 3389; baseline 0.001 -16"><span class='ocrx_word' id='word_1_701' title='bbox 2007 3318 2468 3388; x_wconf 81' lang='lat' dir='ltr'><strong>perturbationem</strong></span> <span class='ocrx_word' id='word_1_702' title='bbox 2528 3318 2847 3382; x_wconf 83' lang='lat' dir='ltr'><strong>declarans,</strong></span> <span class='ocrx_word' id='word_1_703' title='bbox 2896 3333 2997 3373; x_wconf 85' lang='lat' dir='ltr'><strong>nec</strong></span> <span class='ocrx_word' id='word_1_704' title='bbox 3045 3318 3255 3373; x_wconf 89' lang='lat' dir='ltr'><strong>audens</strong></span> <span class='ocrx_word' id='word_1_705' title='bbox 3303 3319 3477 3389; x_wconf 87' lang='lat' dir='ltr'><strong>palam</strong></span> <span class='ocrx_word' id='word_1_706' title='bbox 3546 3310 3631 3374; x_wconf 85' lang='lat' dir='ltr'><strong>di-</strong></span> 
     </span>
    </p>
   </div>
   <div class='ocr_carea' id='block_1_94' title="bbox 2005 3409 3633 3482">
    <p class='ocr_par' dir='ltr' id='par_1_94' title="bbox 2005 3409 3633 3482">
     <span class='ocr_line' id='line_1_94' title="bbox 2005 3409 3633 3482; baseline 0.002 -18"><span class='ocrx_word' id='word_1_707' title='bbox 2005 3425 2164 3476; x_wconf 89' lang='lat' dir='ltr'><strong>cere,</strong></span> <span class='ocrx_word' id='word_1_708' title='bbox 2218 3410 2321 3465; x_wconf 91' lang='lat' dir='ltr'><strong>hoc</strong></span> <span class='ocrx_word' id='word_1_709' title='bbox 2370 3410 2471 3465; x_wconf 89' lang='lat' dir='ltr'><strong>sibi</strong></span> <span class='ocrx_word' id='word_1_710' title='bbox 2531 3409 2858 3464; x_wconf 79' lang='lat' dir='ltr'><strong>oﬂ&#39;endiculo</strong></span> <span class='ocrx_word' id='word_1_711' title='bbox 2926 3424 3082 3472; x_wconf 86' lang='lat' dir='ltr'><strong>esse,</strong></span> <span class='ocrx_word' id='word_1_712' title='bbox 3136 3411 3234 3466; x_wconf 88' lang='lat' dir='ltr'><strong>sed</strong></span> <span class='ocrx_word' id='word_1_713' title='bbox 3282 3427 3513 3482; x_wconf 89' lang='lat' dir='ltr'><strong>rogans,</strong></span> <span class='ocrx_word' id='word_1_714' title='bbox 3572 3429 3633 3468; x_wconf 87' lang='lat' dir='ltr'><strong>se</strong></span> 
     </span>
    </p>
   </div>
   <div class='ocr_carea' id='block_1_95' title="bbox 2004 3502 3632 3576">
    <p class='ocr_par' dir='ltr' id='par_1_95' title="bbox 2004 3502 3632 3576">
     <span class='ocr_line' id='line_1_95' title="bbox 2004 3502 3632 3576; baseline 0.002 -19"><span class='ocrx_word' id='word_1_715' title='bbox 2004 3511 2373 3569; x_wconf 87' lang='lat' dir='ltr'><strong>commotum,</strong></span> <span class='ocrx_word' id='word_1_716' title='bbox 2469 3502 2917 3572; x_wconf 87' lang='lat' dir='ltr'><strong>interpretatione</strong></span> <span class='ocrx_word' id='word_1_717' title='bbox 3006 3502 3217 3569; x_wconf 89' lang='lat' dir='ltr'><strong>sedari;</strong></span> <span class='ocrx_word' id='word_1_718' title='bbox 3299 3518 3632 3576; x_wconf 84' lang='lat' dir='ltr'><strong>quapropter</strong></span> 
     </span>
    </p>
   </div>
   <div class='ocr_carea' id='block_1_96' title="bbox 2003 3593 3631 3665">
    <p class='ocr_par' dir='ltr' id='par_1_96' title="bbox 2003 3593 3631 3665">
     <span class='ocr_line' id='line_1_96' title="bbox 2003 3593 3631 3665; baseline 0.003 -15"><span class='ocrx_word' id='word_1_719' title='bbox 2003 3593 2168 3650; x_wconf 89' lang='lat' dir='ltr'><strong>etiam</strong></span> <span class='ocrx_word' id='word_1_720' title='bbox 2229 3597 2539 3664; x_wconf 87' lang='lat' dir='ltr'><strong>increpatus</strong></span> <span class='ocrx_word' id='word_1_721' title='bbox 2593 3593 2712 3649; x_wconf 89' lang='lat' dir='ltr'><strong>fuit.</strong></span> <span class='ocrx_word' id='word_1_722' title='bbox 2782 3593 2920 3662; x_wconf 88' lang='lat' dir='ltr'><strong>Quid</strong></span> <span class='ocrx_word' id='word_1_723' title='bbox 2972 3594 3136 3665; x_wconf 83' lang='lat' dir='ltr'><strong>igitur</strong></span> <span class='ocrx_word' id='word_1_724' title='bbox 3196 3596 3272 3651; x_wconf 89' lang='lat' dir='ltr'><strong>ait</strong></span> <span class='ocrx_word' id='word_1_725' title='bbox 3335 3596 3631 3655; x_wconf 82' lang='lat' dir='ltr'><strong>Christus?</strong></span> 
     </span>
    </p>
   </div>
   <div class='ocr_carea' id='block_1_97' title="bbox 2005 3678 3633 3758">
    <p class='ocr_par' dir='ltr' id='par_1_97' title="bbox 2005 3678 3633 3758">
     <span class='ocr_line' id='line_1_97' title="bbox 2005 3678 3633 3758; baseline 0.003 -16"><span class='ocrx_word' id='word_1_726' title='bbox 2005 3686 2187 3743; x_wconf 82' lang='lat' dir='ltr'><strong>Omnis</strong></span> <span class='ocrx_word' id='word_1_727' title='bbox 2231 3687 2485 3757; x_wconf 81' lang='lat' dir='ltr'><strong>plantatio</strong></span> <span class='ocrx_word' id='word_1_728' title='bbox 2508 3730 2524 3754; x_wconf 91' lang='lat'><strong>,</strong></span> <span class='ocrx_word' id='word_1_729' title='bbox 2581 3703 2737 3758; x_wconf 86' lang='lat' dir='ltr'><strong>quam</strong></span> <span class='ocrx_word' id='word_1_730' title='bbox 2791 3704 2895 3742; x_wconf 89' lang='lat' dir='ltr'><strong>non</strong></span> <span class='ocrx_word' id='word_1_731' title='bbox 2958 3689 3207 3758; x_wconf 76' lang='lat' dir='ltr'><strong>ptantarit</strong></span> <span class='ocrx_word' id='word_1_732' title='bbox 3260 3689 3423 3745; x_wconf 84' lang='lat' dir='ltr'><strong>Pater</strong></span> <span class='ocrx_word' id='word_1_733' title='bbox 3484 3678 3633 3748; x_wconf 72' lang='lat' dir='ltr'><strong>meus</strong></span> 
     </span>
    </p>
   </div>
   <div class='ocr_carea' id='block_1_98' title="bbox 2002 3780 3629 3854">
    <p class='ocr_par' dir='ltr' id='par_1_98' title="bbox 2002 3780 3629 3854">
     <span class='ocr_line' id='line_1_98' title="bbox 2002 3780 3629 3854; baseline 0.004 -19"><span class='ocrx_word' id='word_1_734' title='bbox 2002 3783 2255 3847; x_wconf 64' lang='lat' dir='ltr'><strong>caelestis,</strong></span> <span class='ocrx_word' id='word_1_735' title='bbox 2306 3781 2672 3836; x_wconf 82' lang='lat' dir='ltr'><strong>eradicabitur.</strong></span> <span class='ocrx_word' id='word_1_736' title='bbox 2730 3781 2842 3837; x_wconf 85' lang='lat' dir='ltr'><strong>Hoc</strong></span> <span class='ocrx_word' id='word_1_737' title='bbox 2873 3780 2941 3837; x_wconf 87' lang='lat' dir='ltr'><strong>de</strong></span> <span class='ocrx_word' id='word_1_738' title='bbox 2993 3782 3109 3854; x_wconf 86' lang='lat' dir='ltr'><strong>lege</strong></span> <span class='ocrx_word' id='word_1_739' title='bbox 3143 3783 3347 3839; x_wconf 78' lang='lat' dir='ltr'><strong>dictum</strong></span> <span class='ocrx_word' id='word_1_740' title='bbox 3396 3786 3629 3843; x_wconf 84' lang='lat' dir='ltr'><strong>afferunt</strong></span> 
     </span>
    </p>
   </div>
   <div class='ocr_carea' id='block_1_99' title="bbox 2005 3876 3626 3953">
    <p class='ocr_par' dir='ltr' id='par_1_99' title="bbox 2005 3876 3626 3953">
     <span class='ocr_line' id='line_1_99' title="bbox 2005 3876 3626 3953; baseline 0.004 -22"><span class='ocrx_word' id='word_1_741' title='bbox 2005 3876 2039 3931; x_wconf 92' lang='lat' dir='ltr'><strong>ii</strong></span> <span class='ocrx_word' id='word_1_742' title='bbox 2068 3878 2158 3946; x_wconf 91' lang='lat' dir='ltr'><strong>qui</strong></span> <span class='ocrx_word' id='word_1_743' title='bbox 2210 3876 2634 3931; x_wconf 65' lang='lat' dir='ltr'><strong>Manichaeorum</strong></span> <span class='ocrx_word' id='word_1_744' title='bbox 2688 3877 2881 3933; x_wconf 89' lang='lat' dir='ltr'><strong>morbo</strong></span> <span class='ocrx_word' id='word_1_745' title='bbox 2922 3877 3173 3933; x_wconf 81' lang='lat' dir='ltr'><strong>laborant</strong></span> <span class='ocrx_word' id='word_1_746' title='bbox 3200 3879 3321 3951; x_wconf 63' lang='lat'><strong>((1);.</strong></span> <span class='ocrx_word' id='word_1_747' title='bbox 3360 3882 3453 3936; x_wconf 90' lang='lat' dir='ltr'><strong>sed</strong></span> <span class='ocrx_word' id='word_1_748' title='bbox 3504 3898 3626 3953; x_wconf 70' lang='lat' dir='ltr'><strong>qua:</strong></span> 
     </span>
    </p>
   </div>
   <div class='ocr_carea' id='block_1_100' title="bbox 2004 3971 3626 4041">
    <p class='ocr_par' dir='ltr' id='par_1_100' title="bbox 2004 3971 3626 4041">
     <span class='ocr_line' id='line_1_100' title="bbox 2004 3971 3626 4041; baseline 0.004 -16"><span class='ocrx_word' id='word_1_749' title='bbox 2004 3971 2151 4041; x_wconf 79' lang='lat' dir='ltr'><strong>prius</strong></span> <span class='ocrx_word' id='word_1_750' title='bbox 2176 3971 2321 4026; x_wconf 87' lang='lat' dir='ltr'><strong>dicta</strong></span> <span class='ocrx_word' id='word_1_751' title='bbox 2367 3981 2528 4038; x_wconf 86' lang='lat' dir='ltr'><strong>sunt,</strong></span> <span class='ocrx_word' id='word_1_752' title='bbox 2564 3988 2658 4025; x_wconf 84' lang='lat' dir='ltr'><strong>ora</strong></span> <span class='ocrx_word' id='word_1_753' title='bbox 2692 3972 2905 4027; x_wconf 87' lang='lat' dir='ltr'><strong>illorum</strong></span> <span class='ocrx_word' id='word_1_754' title='bbox 2942 3972 3252 4029; x_wconf 87' lang='lat' dir='ltr'><strong>obstruunt.</strong></span> <span class='ocrx_word' id='word_1_755' title='bbox 3303 3973 3437 4028; x_wconf 89' lang='lat' dir='ltr'><strong>Nam</strong></span> <span class='ocrx_word' id='word_1_756' title='bbox 3483 3978 3527 4029; x_wconf 89' lang='lat' dir='ltr'><strong>si</strong></span> <span class='ocrx_word' id='word_1_757' title='bbox 3556 3976 3626 4031; x_wconf 86' lang='lat' dir='ltr'><strong>de</strong></span> 
     </span>
    </p>
   </div>
   <div class='ocr_carea' id='block_1_101' title="bbox 2003 4063 3627 4135">
    <p class='ocr_par' dir='ltr' id='par_1_101' title="bbox 2003 4063 3627 4135">
     <span class='ocr_line' id='line_1_101' title="bbox 2003 4063 3627 4135; baseline 0.005 -18"><span class='ocrx_word' id='word_1_758' title='bbox 2003 4064 2119 4134; x_wconf 81' lang='lat' dir='ltr'><strong>lege</strong></span> <span class='ocrx_word' id='word_1_759' title='bbox 2155 4063 2413 4129; x_wconf 86' lang='lat' dir='ltr'><strong>dixisset,</strong></span> <span class='ocrx_word' id='word_1_760' title='bbox 2447 4064 2723 4135; x_wconf 83' lang='lat' dir='ltr'><strong>quomodo</strong></span> <span class='ocrx_word' id='word_1_761' title='bbox 2754 4080 2916 4134; x_wconf 91' lang='lat' dir='ltr'><strong>supra</strong></span> <span class='ocrx_word' id='word_1_762' title='bbox 2949 4064 3126 4135; x_wconf 88' lang='lat' dir='ltr'><strong>legem</strong></span> <span class='ocrx_word' id='word_1_763' title='bbox 3148 4064 3517 4133; x_wconf 86' lang='lat' dir='ltr'><strong>defendisset,</strong></span> <span class='ocrx_word' id='word_1_764' title='bbox 3559 4084 3627 4125; x_wconf 85' lang='lat' dir='ltr'><strong>ac</strong></span> 
     </span>
    </p>
   </div>
   <div class='ocr_carea' id='block_1_102' title="bbox 1999 4158 3622 4233">
    <p class='ocr_par' dir='ltr' id='par_1_102' title="bbox 1999 4158 3622 4233">
     <span class='ocr_line' id='line_1_102' title="bbox 1999 4158 3622 4233; baseline 0.002 -20"><span class='ocrx_word' id='word_1_765' title='bbox 1999 4174 2099 4228; x_wconf 88' lang='lat' dir='ltr'><strong>pro</strong></span> <span class='ocrx_word' id='word_1_766' title='bbox 2146 4175 2206 4214; x_wconf 90' lang='lat' dir='ltr'><strong>ea</strong></span> <span class='ocrx_word' id='word_1_767' title='bbox 2251 4168 2542 4228; x_wconf 81' lang='lat' dir='ltr'><strong>pugnasset</strong></span> <span class='ocrx_word' id='word_1_768' title='bbox 2572 4158 2979 4214; x_wconf 84' lang='lat' dir='ltr'><strong>dicend0:Cur</strong></span> <span class='ocrx_word' id='word_1_769' title='bbox 3024 4161 3443 4233; x_wconf 85' lang='lat' dir='ltr'><strong>transgredimini</strong></span> <span class='ocrx_word' id='word_1_770' title='bbox 3471 4180 3622 4218; x_wconf 53' lang='lat' dir='ltr'><strong>man.</strong></span> 
     </span>
    </p>
   </div>
   <div class='ocr_carea' id='block_1_103' title="bbox 2000 4250 3620 4323">
    <p class='ocr_par' dir='ltr' id='par_1_103' title="bbox 2000 4250 3620 4323">
     <span class='ocr_line' id='line_1_103' title="bbox 2000 4250 3620 4323; baseline 0.003 -18"><span class='ocrx_word' id='word_1_771' title='bbox 2000 4254 2178 4305; x_wconf 85' lang='lat' dir='ltr'><strong>datum</strong></span> <span class='ocrx_word' id='word_1_772' title='bbox 2222 4250 2312 4305; x_wconf 81' lang='lat' dir='ltr'><strong>Dei</strong></span> <span class='ocrx_word' id='word_1_773' title='bbox 2353 4268 2444 4321; x_wconf 83' lang='lat' dir='ltr'><strong>per</strong></span> <span class='ocrx_word' id='word_1_774' title='bbox 2474 4251 2803 4305; x_wconf 83' lang='lat' dir='ltr'><strong>traditionem</strong></span> <span class='ocrx_word' id='word_1_775' title='bbox 2832 4262 3049 4306; x_wconf 82' lang='lat' dir='ltr'><strong>vestram</strong></span> <span class='ocrx_word' id='word_1_776' title='bbox 3070 4252 3096 4306; x_wconf 86' lang='lat'><strong><em>?</em></strong></span> <span class='ocrx_word' id='word_1_777' title='bbox 3140 4254 3414 4323; x_wconf 89' lang='lat' dir='ltr'><strong>quomodo</strong></span> <span class='ocrx_word' id='word_1_778' title='bbox 3439 4265 3620 4310; x_wconf 88' lang='lat' dir='ltr'><strong>autem</strong></span> 
     </span>
    </p>
   </div>
   <div class='ocr_carea' id='block_1_104' title="bbox 2002 4345 3623 4418">
    <p class='ocr_par' dir='ltr' id='par_1_104' title="bbox 2002 4345 3623 4418">
     <span class='ocr_line' id='line_1_104' title="bbox 2002 4345 3623 4418; baseline 0.003 -19"><span class='ocrx_word' id='word_1_779' title='bbox 2002 4347 2319 4418; x_wconf 86' lang='lat' dir='ltr'><strong>prophetam</strong></span> <span class='ocrx_word' id='word_1_780' title='bbox 2368 4346 2422 4400; x_wconf 93' lang='lat' dir='ltr'><strong>in</strong></span> <span class='ocrx_word' id='word_1_781' title='bbox 2470 4346 2707 4400; x_wconf 92' lang='lat' dir='ltr'><strong>medium</strong></span> <span class='ocrx_word' id='word_1_782' title='bbox 2755 4346 2963 4401; x_wconf 91' lang='lat' dir='ltr'><strong>inducit</strong></span> <span class='ocrx_word' id='word_1_783' title='bbox 3007 4345 3282 4403; x_wconf 90' lang='lat' dir='ltr'><strong>dicentem</strong></span> <span class='ocrx_word' id='word_1_784' title='bbox 3335 4366 3348 4402; x_wconf 90' lang='lat'><strong>:</strong></span> <span class='ocrx_word' id='word_1_785' title='bbox 3388 4346 3623 4418; x_wconf 80' lang='lat' dir='ltr'><strong>Popuhts</strong></span> 
     </span>
    </p>
   </div>
   <div class='ocr_carea' id='block_1_105' title="bbox 2000 4440 3623 4514">
    <p class='ocr_par' dir='ltr' id='par_1_105' title="bbox 2000 4440 3623 4514">
     <span class='ocr_line' id='line_1_105' title="bbox 2000 4440 3623 4514; baseline 0.004 -20"><span class='ocrx_word' id='word_1_786' title='bbox 2000 4442 2081 4495; x_wconf 86' lang='lat' dir='ltr'><strong>hic</strong></span> <span class='ocrx_word' id='word_1_787' title='bbox 2132 4442 2283 4495; x_wconf 81' lang='lat' dir='ltr'><strong>labiis</strong></span> <span class='ocrx_word' id='word_1_788' title='bbox 2334 4456 2416 4493; x_wconf 87' lang='lat' dir='ltr'><strong>me</strong></span> <span class='ocrx_word' id='word_1_789' title='bbox 2474 4442 2732 4506; x_wconf 82' lang='lat' dir='ltr'><strong>honorat,</strong></span> <span class='ocrx_word' id='word_1_790' title='bbox 2782 4452 2893 4496; x_wconf 91' lang='lat' dir='ltr'><strong>etc.</strong></span> <span class='ocrx_word' id='word_1_791' title='bbox 2958 4440 3066 4496; x_wconf 77' lang='lat' dir='ltr'><strong>Sed</strong></span> <span class='ocrx_word' id='word_1_792' title='bbox 3120 4441 3189 4497; x_wconf 88' lang='lat' dir='ltr'><strong>de</strong></span> <span class='ocrx_word' id='word_1_793' title='bbox 3239 4443 3344 4497; x_wconf 91' lang='lat' dir='ltr'><strong>illis</strong></span> <span class='ocrx_word' id='word_1_794' title='bbox 3392 4444 3522 4514; x_wconf 89' lang='lat' dir='ltr'><strong>ipsis</strong></span> <span class='ocrx_word' id='word_1_795' title='bbox 3564 4454 3623 4500; x_wconf 87' lang='lat' dir='ltr'><strong>et</strong></span> 
     </span>
    </p>
   </div>
   <div class='ocr_carea' id='block_1_106' title="bbox 1998 4533 3621 4606">
    <p class='ocr_par' dir='ltr' id='par_1_106' title="bbox 1998 4533 3621 4606">
     <span class='ocr_line' id='line_1_106' title="bbox 1998 4533 3621 4606; baseline 0.001 -16"><span class='ocrx_word' id='word_1_796' title='bbox 1998 4536 2064 4590; x_wconf 80' lang='lat' dir='ltr'><strong>de</strong></span> <span class='ocrx_word' id='word_1_797' title='bbox 2098 4534 2477 4589; x_wconf 74' lang='lat' dir='ltr'><strong>traditionibus</strong></span> <span class='ocrx_word' id='word_1_798' title='bbox 2508 4549 2697 4588; x_wconf 88' lang='lat' dir='ltr'><strong>eorum</strong></span> <span class='ocrx_word' id='word_1_799' title='bbox 2733 4533 2850 4589; x_wconf 65' lang='lat' dir='ltr'><strong>hazc</strong></span> <span class='ocrx_word' id='word_1_800' title='bbox 2893 4534 3147 4606; x_wconf 89' lang='lat' dir='ltr'><strong>loquitur.</strong></span> <span class='ocrx_word' id='word_1_801' title='bbox 3197 4534 3330 4590; x_wconf 85' lang='lat' dir='ltr'><strong>Nam</strong></span> <span class='ocrx_word' id='word_1_802' title='bbox 3379 4537 3423 4592; x_wconf 89' lang='lat' dir='ltr'><strong>si</strong></span> <span class='ocrx_word' id='word_1_803' title='bbox 3478 4536 3621 4592; x_wconf 86' lang='lat' dir='ltr'><strong>Deus</strong></span> 
     </span>
    </p>
   </div>
   <div class='ocr_carea' id='block_1_107' title="bbox 1996 4626 3621 4697">
    <p class='ocr_par' dir='ltr' id='par_1_107' title="bbox 1996 4626 3621 4697">
     <span class='ocr_line' id='line_1_107' title="bbox 1996 4626 3621 4697; baseline 0.002 -15"><span class='ocrx_word' id='word_1_804' title='bbox 1996 4628 2165 4692; x_wconf 83' lang='lat' dir='ltr'><strong>dixit,</strong></span> <span class='ocrx_word' id='word_1_805' title='bbox 2242 4626 2457 4681; x_wconf 84' lang='lat' dir='ltr'><strong>Honora</strong></span> <span class='ocrx_word' id='word_1_806' title='bbox 2518 4637 2716 4697; x_wconf 79' lang='lat' dir='ltr'><strong>patrem</strong></span> <span class='ocrx_word' id='word_1_807' title='bbox 2783 4636 2965 4693; x_wconf 81' lang='lat' dir='ltr'><strong>tuum,</strong></span> <span class='ocrx_word' id='word_1_808' title='bbox 3034 4638 3081 4682; x_wconf 89' lang='lat' dir='ltr'><strong>et</strong></span> <span class='ocrx_word' id='word_1_809' title='bbox 3141 4638 3355 4681; x_wconf 83' lang='lat' dir='ltr'><strong>matrem</strong></span> <span class='ocrx_word' id='word_1_810' title='bbox 3420 4639 3559 4683; x_wconf 86' lang='lat' dir='ltr'><strong>tuam</strong></span> <span class='ocrx_word' id='word_1_811' title='bbox 3600 4647 3621 4685; x_wconf 89' lang='lat'><strong><em>:</em></strong></span> 
     </span>
    </p>
   </div>
   <div class='ocr_carea' id='block_1_108' title="bbox 1997 4721 3622 4794">
    <p class='ocr_par' dir='ltr' id='par_1_108' title="bbox 1997 4721 3622 4794">
     <span class='ocr_line' id='line_1_108' title="bbox 1997 4721 3622 4794; baseline 0.004 -21"><span class='ocrx_word' id='word_1_812' title='bbox 1997 4723 2270 4791; x_wconf 89' lang='lat' dir='ltr'><strong>quomodo</strong></span> <span class='ocrx_word' id='word_1_813' title='bbox 2294 4721 2343 4776; x_wconf 93' lang='lat' dir='ltr'><strong>id</strong></span> <span class='ocrx_word' id='word_1_814' title='bbox 2376 4721 2519 4792; x_wconf 89' lang='lat' dir='ltr'><strong>quod</strong></span> <span class='ocrx_word' id='word_1_815' title='bbox 2542 4737 2569 4773; x_wconf 89' lang='lat' dir='ltr'><strong>a</strong></span> <span class='ocrx_word' id='word_1_816' title='bbox 2600 4721 2710 4776; x_wconf 89' lang='lat' dir='ltr'><strong>Deo</strong></span> <span class='ocrx_word' id='word_1_817' title='bbox 2739 4721 2939 4776; x_wconf 85' lang='lat' dir='ltr'><strong>dictum</strong></span> <span class='ocrx_word' id='word_1_818' title='bbox 2970 4732 3073 4787; x_wconf 90' lang='lat' dir='ltr'><strong>est,</strong></span> <span class='ocrx_word' id='word_1_819' title='bbox 3106 4739 3210 4776; x_wconf 87' lang='lat' dir='ltr'><strong>non</strong></span> <span class='ocrx_word' id='word_1_820' title='bbox 3245 4731 3329 4778; x_wconf 91' lang='lat' dir='ltr'><strong>est</strong></span> <span class='ocrx_word' id='word_1_821' title='bbox 3360 4724 3622 4794; x_wconf 84' lang='lat' dir='ltr'><strong>plantatio</strong></span> 
     </span>
    </p>
   </div>
   <div class='ocr_carea' id='block_1_109' title="bbox 2001 4818 2135 4871">
    <p class='ocr_par' dir='ltr' id='par_1_109' title="bbox 2001 4818 2135 4871">
     <span class='ocr_line' id='line_1_109' title="bbox 2001 4818 2135 4871; baseline -0.007 0"><span class='ocrx_word' id='word_1_822' title='bbox 2001 4818 2135 4871; x_wconf 85' lang='lat' dir='ltr'><strong>Dei?</strong></span> 
     </span>
    </p>
   </div>
   <div class='ocr_carea' id='block_1_110' title="bbox 2069 4908 3621 4980">
    <p class='ocr_par' dir='ltr' id='par_1_110' title="bbox 2069 4908 3621 4980">
     <span class='ocr_line' id='line_1_110' title="bbox 2069 4908 3621 4980; baseline 0.003 -17"><span class='ocrx_word' id='word_1_823' title='bbox 2069 4909 2122 4963; x_wconf 78' lang='grc'><strong>4.</strong></span> <span class='ocrx_word' id='word_1_824' title='bbox 2158 4908 2213 4963; x_wconf 92' lang='lat' dir='ltr'><strong>ld</strong></span> <span class='ocrx_word' id='word_1_825' title='bbox 2254 4909 2422 4963; x_wconf 88' lang='lat' dir='ltr'><strong>etiam</strong></span> <span class='ocrx_word' id='word_1_826' title='bbox 2474 4908 2619 4978; x_wconf 88' lang='lat' dir='ltr'><strong>quod</strong></span> <span class='ocrx_word' id='word_1_827' title='bbox 2670 4909 2915 4979; x_wconf 83' lang='lat' dir='ltr'><strong>sequitur</strong></span> <span class='ocrx_word' id='word_1_828' title='bbox 2956 4909 3182 4980; x_wconf 91' lang='lat' dir='ltr'><strong>probat,</strong></span> <span class='ocrx_word' id='word_1_829' title='bbox 3214 4910 3282 4966; x_wconf 91' lang='lat' dir='ltr'><strong>de</strong></span> <span class='ocrx_word' id='word_1_830' title='bbox 3315 4911 3421 4965; x_wconf 86' lang='lat' dir='ltr'><strong>illis</strong></span> <span class='ocrx_word' id='word_1_831' title='bbox 3447 4920 3507 4968; x_wconf 87' lang='lat' dir='ltr'><strong>et</strong></span> <span class='ocrx_word' id='word_1_832' title='bbox 3551 4912 3621 4967; x_wconf 84' lang='lat' dir='ltr'><strong>de</strong></span> 
     </span>
    </p>
   </div>
   <div class='ocr_carea' id='block_1_111' title="bbox 2000 4999 3619 5059">
    <p class='ocr_par' dir='ltr' id='par_1_111' title="bbox 2000 4999 3619 5059">
     <span class='ocr_line' id='line_1_111' title="bbox 2000 4999 3619 5059; baseline 0.002 -5"><span class='ocrx_word' id='word_1_833' title='bbox 2000 5000 2382 5054; x_wconf 87' lang='lat' dir='ltr'><strong>traditionibus</strong></span> <span class='ocrx_word' id='word_1_834' title='bbox 2435 4999 2652 5054; x_wconf 82' lang='lat' dir='ltr'><strong>illorum</strong></span> <span class='ocrx_word' id='word_1_835' title='bbox 2714 5000 2831 5055; x_wconf 71' lang='lat' dir='ltr'><strong>bmc</strong></span> <span class='ocrx_word' id='word_1_836' title='bbox 2876 5001 3018 5056; x_wconf 87' lang='lat' dir='ltr'><strong>dicta</strong></span> <span class='ocrx_word' id='word_1_837' title='bbox 3052 5001 3219 5056; x_wconf 84' lang='lat' dir='ltr'><strong>fuisse</strong></span> <span class='ocrx_word' id='word_1_838' title='bbox 3274 5024 3287 5059; x_wconf 93' lang='lat'>:</span> <span class='ocrx_word' id='word_1_839' title='bbox 3338 5019 3460 5058; x_wconf 88' lang='lat' dir='ltr'><strong>nam</strong></span> <span class='ocrx_word' id='word_1_840' title='bbox 3488 5005 3619 5059; x_wconf 81' lang='lat' dir='ltr'><strong>sub-</strong></span> 
     </span>
    </p>
   </div>
   <div class='ocr_carea' id='block_1_112' title="bbox 1992 5093 3620 5169">
    <p class='ocr_par' dir='ltr' id='par_1_112' title="bbox 1992 5093 3620 5169">
     <span class='ocr_line' id='line_1_112' title="bbox 1992 5093 3620 5169; baseline 0.003 -20"><span class='ocrx_word' id='word_1_841' title='bbox 1992 5095 2172 5164; x_wconf 81' lang='lat' dir='ltr'><strong>jmixit</strong></span> <span class='ocrx_word' id='word_1_842' title='bbox 2203 5112 2216 5147; x_wconf 92' lang='lat'><strong>:</strong></span> <span class='ocrx_word' id='word_1_843' title='bbox 2245 5093 2380 5151; x_wconf 80' lang='lat' dir='ltr'><strong>Cteci</strong></span> <span class='ocrx_word' id='word_1_844' title='bbox 2410 5105 2528 5149; x_wconf 82' lang='lat' dir='ltr'><strong>sunt</strong></span> <span class='ocrx_word' id='word_1_845' title='bbox 2570 5096 2725 5150; x_wconf 81' lang='lat' dir='ltr'><strong>duces</strong></span> <span class='ocrx_word' id='word_1_846' title='bbox 2763 5112 3032 5151; x_wconf 70' lang='lat' dir='ltr'><strong>arearum.</strong></span> <span class='ocrx_word' id='word_1_847' title='bbox 3070 5098 3124 5151; x_wconf 87' lang='lat' dir='ltr'><strong>Si</strong></span> <span class='ocrx_word' id='word_1_848' title='bbox 3152 5096 3222 5153; x_wconf 87' lang='lat' dir='ltr'><strong>de</strong></span> <span class='ocrx_word' id='word_1_849' title='bbox 3268 5099 3387 5169; x_wconf 79' lang='lat' dir='ltr'><strong>lege</strong></span> <span class='ocrx_word' id='word_1_850' title='bbox 3440 5099 3490 5154; x_wconf 90' lang='lat' dir='ltr'><strong>id</strong></span> <span class='ocrx_word' id='word_1_851' title='bbox 3538 5100 3620 5154; x_wconf 83' lang='lat' dir='ltr'><strong>lo-</strong></span> 
     </span>
    </p>
   </div>
   <div class='ocr_carea' id='block_1_113' title="bbox 1997 5190 3621 5258">
    <p class='ocr_par' dir='ltr' id='par_1_113' title="bbox 1997 5190 3621 5258">
     <span class='ocr_line' id='line_1_113' title="bbox 1997 5190 3621 5258; baseline 0.006 -19"><span class='ocrx_word' id='word_1_852' title='bbox 1997 5198 2197 5258; x_wconf 88' lang='lat' dir='ltr'><strong>quutus</strong></span> <span class='ocrx_word' id='word_1_853' title='bbox 2228 5190 2452 5257; x_wconf 80' lang='lat' dir='ltr'><strong>fuisset,</strong></span> <span class='ocrx_word' id='word_1_854' title='bbox 2483 5190 2734 5245; x_wconf 84' lang='lat' dir='ltr'><strong>dicntrus</strong></span> <span class='ocrx_word' id='word_1_855' title='bbox 2764 5202 2918 5257; x_wconf 87' lang='lat' dir='ltr'><strong>erat,</strong></span> <span class='ocrx_word' id='word_1_856' title='bbox 2967 5192 3079 5247; x_wconf 87' lang='lat' dir='ltr'><strong>Dux</strong></span> <span class='ocrx_word' id='word_1_857' title='bbox 3111 5204 3188 5249; x_wconf 88' lang='lat' dir='ltr'><strong>est</strong></span> <span class='ocrx_word' id='word_1_858' title='bbox 3242 5211 3416 5250; x_wconf 57' lang='lat' dir='ltr'><strong>camus</strong></span> <span class='ocrx_word' id='word_1_859' title='bbox 3446 5211 3621 5249; x_wconf 63' lang='lat' dir='ltr'><strong>eaeam</strong></span> 
     </span>
    </p>
   </div>
   <div class='ocr_carea' id='block_1_114' title="bbox 1995 5285 3622 5352">
    <p class='ocr_par' dir='ltr' id='par_1_114' title="bbox 1995 5285 3622 5352">
     <span class='ocr_line' id='line_1_114' title="bbox 1995 5285 3622 5352; baseline 0.004 -15"><span class='ocrx_word' id='word_1_860' title='bbox 1995 5299 2151 5349; x_wconf 89' lang='lat' dir='ltr'><strong>rum;</strong></span> <span class='ocrx_word' id='word_1_861' title='bbox 2202 5299 2388 5339; x_wconf 87' lang='lat' dir='ltr'><strong>verum</strong></span> <span class='ocrx_word' id='word_1_862' title='bbox 2436 5300 2540 5339; x_wconf 91' lang='lat' dir='ltr'><strong>non</strong></span> <span class='ocrx_word' id='word_1_863' title='bbox 2593 5285 2665 5339; x_wconf 90' lang='lat' dir='ltr'><strong>ita</strong></span> <span class='ocrx_word' id='word_1_864' title='bbox 2718 5286 2887 5352; x_wconf 91' lang='lat' dir='ltr'><strong>dixit,</strong></span> <span class='ocrx_word' id='word_1_865' title='bbox 2936 5286 3067 5351; x_wconf 87' lang='lat' dir='ltr'><strong>sed,</strong></span> <span class='ocrx_word' id='word_1_866' title='bbox 3126 5286 3294 5343; x_wconf 83' lang='lat' dir='ltr'><strong>Duces</strong></span> <span class='ocrx_word' id='word_1_867' title='bbox 3345 5300 3461 5344; x_wconf 82' lang='lat' dir='ltr'><strong>sunt</strong></span> <span class='ocrx_word' id='word_1_868' title='bbox 3500 5292 3622 5345; x_wconf 77' lang='lat' dir='ltr'><strong>aeri</strong></span> 
     </span>
    </p>
   </div>
   <div class='ocr_carea' id='block_1_115' title="bbox 1995 5377 3623 5447">
    <p class='ocr_par' dir='ltr' id='par_1_115' title="bbox 1995 5377 3623 5447">
     <span class='ocr_line' id='line_1_115' title="bbox 1995 5377 3623 5447; baseline 0.005 -18"><span class='ocrx_word' id='word_1_869' title='bbox 1995 5392 2247 5430; x_wconf 73' lang='lat' dir='ltr'><strong>cwcorum</strong></span> <span class='ocrx_word' id='word_1_870' title='bbox 2268 5419 2282 5440; x_wconf 93' lang='lat'><strong>,</strong></span> <span class='ocrx_word' id='word_1_871' title='bbox 2331 5377 2502 5446; x_wconf 82' lang='lat' dir='ltr'><strong>legem</strong></span> <span class='ocrx_word' id='word_1_872' title='bbox 2549 5378 2617 5434; x_wconf 87' lang='lat' dir='ltr'><strong>ab</strong></span> <span class='ocrx_word' id='word_1_873' title='bbox 2646 5380 2992 5435; x_wconf 74' lang='lat' dir='ltr'><strong>accusatione</strong></span> <span class='ocrx_word' id='word_1_874' title='bbox 3024 5381 3337 5447; x_wconf 88' lang='lat' dir='ltr'><strong>vindicans,</strong></span> <span class='ocrx_word' id='word_1_875' title='bbox 3374 5382 3426 5437; x_wconf 92' lang='lat' dir='ltr'><strong>in</strong></span> <span class='ocrx_word' id='word_1_876' title='bbox 3474 5384 3623 5437; x_wconf 81' lang='lat' dir='ltr'><strong>illos-</strong></span> 
     </span>
    </p>
   </div>
   <div class='ocr_carea' id='block_1_116' title="bbox 1996 5472 3622 5537">
    <p class='ocr_par' dir='ltr' id='par_1_116' title="bbox 1996 5472 3622 5537">
     <span class='ocr_line' id='line_1_116' title="bbox 1996 5472 3622 5537; baseline 0.004 -14"><span class='ocrx_word' id='word_1_877' title='bbox 1996 5486 2098 5537; x_wconf 88' lang='lat' dir='ltr'><strong>que</strong></span> <span class='ocrx_word' id='word_1_878' title='bbox 2142 5480 2311 5524; x_wconf 86' lang='lat' dir='ltr'><strong>totum</strong></span> <span class='ocrx_word' id='word_1_879' title='bbox 2344 5472 2663 5525; x_wconf 76' lang='lat' dir='ltr'><strong>refundens.</strong></span> <span class='ocrx_word' id='word_1_880' title='bbox 2713 5472 2917 5527; x_wconf 86' lang='lat' dir='ltr'><strong>Deinde</strong></span> <span class='ocrx_word' id='word_1_881' title='bbox 2958 5482 3015 5526; x_wconf 85' lang='lat' dir='ltr'><strong>ut</strong></span> <span class='ocrx_word' id='word_1_882' title='bbox 3046 5474 3257 5527; x_wconf 89' lang='lat' dir='ltr'><strong>turbam</strong></span> <span class='ocrx_word' id='word_1_883' title='bbox 3308 5474 3375 5529; x_wconf 88' lang='lat' dir='ltr'><strong>ab</strong></span> <span class='ocrx_word' id='word_1_884' title='bbox 3407 5476 3510 5529; x_wconf 86' lang='lat' dir='ltr'><strong>illis</strong></span> <span class='ocrx_word' id='word_1_885' title='bbox 3536 5477 3622 5529; x_wconf 87' lang='lat' dir='ltr'><strong>di-</strong></span> 
     </span>
    </p>
   </div>
   <div class='ocr_carea' id='block_1_117' title="bbox 1997 5562 3620 5635">
    <p class='ocr_par' dir='ltr' id='par_1_117' title="bbox 1997 5562 3620 5635">
     <span class='ocr_line' id='line_1_117' title="bbox 1997 5562 3620 5635; baseline 0.005 -21"><span class='ocrx_word' id='word_1_886' title='bbox 1997 5562 2219 5616; x_wconf 88' lang='lat' dir='ltr'><strong>velleret</strong></span> <span class='ocrx_word' id='word_1_887' title='bbox 2245 5605 2259 5627; x_wconf 89' lang='lat'><strong>,</strong></span> <span class='ocrx_word' id='word_1_888' title='bbox 2300 5578 2363 5615; x_wconf 82' lang='lat' dir='ltr'><strong>ne</strong></span> <span class='ocrx_word' id='word_1_889' title='bbox 2409 5564 2461 5616; x_wconf 91' lang='lat' dir='ltr'><strong>in</strong></span> <span class='ocrx_word' id='word_1_890' title='bbox 2497 5562 2808 5618; x_wconf 83' lang='lat' dir='ltr'><strong>barathrum</strong></span> <span class='ocrx_word' id='word_1_891' title='bbox 2846 5565 2912 5617; x_wconf 87' lang='lat' dir='ltr'><strong>ah</strong></span> <span class='ocrx_word' id='word_1_892' title='bbox 2945 5564 3074 5632; x_wconf 83' lang='lat' dir='ltr'><strong>ipsis</strong></span> <span class='ocrx_word' id='word_1_893' title='bbox 3104 5563 3467 5635; x_wconf 81' lang='lat' dir='ltr'><strong>dejiceretur,</strong></span> <span class='ocrx_word' id='word_1_894' title='bbox 3498 5570 3570 5621; x_wconf 87' lang='lat' dir='ltr'><strong>ait</strong></span> <span class='ocrx_word' id='word_1_895' title='bbox 3606 5584 3620 5622; x_wconf 94' lang='lat'>:</span> 
     </span>
    </p>
   </div>
   <div class='ocr_carea' id='block_1_118' title="bbox 1998 5655 3621 5727">
    <p class='ocr_par' dir='ltr' id='par_1_118' title="bbox 1998 5655 3621 5727">
     <span class='ocr_line' id='line_1_118' title="bbox 1998 5655 3621 5727; baseline 0.003 -18"><span class='ocrx_word' id='word_1_896' title='bbox 1998 5655 2058 5709; x_wconf 90' lang='lat' dir='ltr'><strong>Si</strong></span> <span class='ocrx_word' id='word_1_897' title='bbox 2090 5672 2257 5708; x_wconf 75' lang='lat' dir='ltr'><strong>aecus</strong></span> <span class='ocrx_word' id='word_1_898' title='bbox 2286 5672 2477 5709; x_wconf 74' lang='lat' dir='ltr'><strong>aecum</strong></span> <span class='ocrx_word' id='word_1_899' title='bbox 2522 5656 2709 5721; x_wconf 83' lang='lat' dir='ltr'><strong>ducat,</strong></span> <span class='ocrx_word' id='word_1_900' title='bbox 2758 5656 2987 5711; x_wconf 80' lang='lat' dir='ltr'><strong>amboin</strong></span> <span class='ocrx_word' id='word_1_901' title='bbox 3030 5658 3227 5727; x_wconf 77' lang='lat' dir='ltr'><strong>foveam</strong></span> <span class='ocrx_word' id='word_1_902' title='bbox 3272 5657 3476 5713; x_wconf 71' lang='lat' dir='ltr'><strong>cadent.</strong></span> <span class='ocrx_word' id='word_1_903' title='bbox 3509 5660 3621 5714; x_wconf 81' lang='lat' dir='ltr'><strong>Ma-</strong></span> 
     </span>
    </p>
   </div>
   <div class='ocr_carea' id='block_1_119' title="bbox 1998 5742 3621 5821">
    <p class='ocr_par' dir='ltr' id='par_1_119' title="bbox 1998 5742 3621 5821">
     <span class='ocr_line' id='line_1_119' title="bbox 1998 5742 3621 5821; baseline 0.003 -21"><span class='ocrx_word' id='word_1_904' title='bbox 1998 5764 2157 5819; x_wconf 81' lang='lat' dir='ltr'><strong>gnum</strong></span> <span class='ocrx_word' id='word_1_905' title='bbox 2187 5748 2403 5819; x_wconf 89' lang='lat' dir='ltr'><strong>quidem</strong></span> <span class='ocrx_word' id='word_1_906' title='bbox 2434 5750 2635 5803; x_wconf 88' lang='lat' dir='ltr'><strong>malum</strong></span> <span class='ocrx_word' id='word_1_907' title='bbox 2668 5750 2885 5805; x_wconf 73' lang='lat' dir='ltr'><strong>crecitas</strong></span> <span class='ocrx_word' id='word_1_908' title='bbox 2913 5757 2996 5804; x_wconf 84' lang='lat' dir='ltr'><strong>est</strong></span> <span class='ocrx_word' id='word_1_909' title='bbox 3045 5769 3058 5804; x_wconf 89' lang='lat'><strong>:</strong></span> <span class='ocrx_word' id='word_1_910' title='bbox 3104 5751 3198 5805; x_wconf 87' lang='lat' dir='ltr'><strong>sed</strong></span> <span class='ocrx_word' id='word_1_911' title='bbox 3225 5766 3349 5808; x_wconf 90' lang='lat' dir='ltr'><strong>esse</strong></span> <span class='ocrx_word' id='word_1_912' title='bbox 3381 5742 3582 5808; x_wconf 67' lang='lat' dir='ltr'><strong>caecum</strong></span> <span class='ocrx_word' id='word_1_913' title='bbox 3604 5792 3621 5821; x_wconf 86' lang='lat'><strong>,</strong></span> 
     </span>
    </p>
   </div>
   <div class='ocr_carea' id='block_1_120' title="bbox 2066 5922 3507 5987">
    <p class='ocr_par' dir='ltr' id='par_1_120' title="bbox 2066 5922 3507 5987">
     <span class='ocr_line' id='line_1_120' title="bbox 2066 5922 3507 5987; baseline -0.001 -15"><span class='ocrx_word' id='word_1_914' title='bbox 2066 5926 2139 5984; x_wconf 70' lang='grc' dir='ltr'><strong>(α)</strong></span> <span class='ocrx_word' id='word_1_915' title='bbox 2178 5926 2425 5975; x_wconf 64' lang='grc' dir='ltr'><strong>λιιιηίςὶιῑεί</strong></span> <span class='ocrx_word' id='word_1_916' title='bbox 2453 5924 2621 5987; x_wconf 80' lang='lat' dir='ltr'><strong>legem</strong></span> <span class='ocrx_word' id='word_1_917' title='bbox 2648 5938 2744 5974; x_wconf 87' lang='lat' dir='ltr'><strong>non</strong></span> <span class='ocrx_word' id='word_1_918' title='bbox 2770 5937 2797 5972; x_wconf 88' lang='lat' dir='ltr'><strong>a</strong></span> <span class='ocrx_word' id='word_1_919' title='bbox 2816 5922 2929 5972; x_wconf 77' lang='lat' dir='ltr'><strong>Deo</strong></span> <span class='ocrx_word' id='word_1_920' title='bbox 2957 5929 3095 5973; x_wconf 77' lang='lat' dir='ltr'><strong>Patre</strong></span> <span class='ocrx_word' id='word_1_921' title='bbox 3124 5937 3235 5975; x_wconf 79' lang='lat' dir='ltr'><strong>esse</strong></span> <span class='ocrx_word' id='word_1_922' title='bbox 3254 5923 3507 5973; x_wconf 82' lang='lat' dir='ltr'><strong>dicebant.</strong></span> 
     </span>
    </p>
   </div>
  </div>
