4046 6430
451 418 555 475 515

450 554 555 593 nec
582 537 778 591 habere
801 532 988 587 ducem
1007 573 1022 595 ,
1055 536 1118 582 et
1143 542 1200 580 se
1225 525 1416 579 ducem
1445 513 1801 591 prmbcre,vid
1847 510 2043 580 duplex

456 629 756 701 triplexque
800 624 1007 678 crimen
1063 628 1165 673 est.
1212 616 1347 672 Nam
1401 613 1446 668 si
1491 607 1849 680 periculosum
1901 615 2046 701 caeco

456 694 545 778 est
562 763 577 786 ,
613 694 716 774 non
765 716 964 771 habere
994 713 1218 774 ducem,
1255 709 1421 763 nuilto
1462 700 1819 776 periculosius
1861 695 1964 751 crit
2002 694 2044 747 si

453 829 512 869 se
556 811 711 866 alteri
755 809 944 864 ducem
975 805 1234 876 praebeat.
1266 798 1400 868 Quid
1447 798 1607 867 igitur
1655 790 1880 847 Petrus?
1930 787 2044 842 Non

453 902 760 968 dixit,Cur
815 899 932 955 haec
979 895 1199 953 dixisti?
1246 892 1339 948 sed
1385 889 1538 961 quiasi
1585 885 1666 941 rei
1717 880 2047 939 obscuritate

455 1008 676 1065 pressus
700 992 1014 1061 interrogat.
1049 987 1157 1042 Nec
1189 985 1319 1040 dicit
1345 995 1362 1032 ς
1388 982 1496 1037 Cur
1518 988 1706 1034 contra
1752 976 1924 1046 legem
1966 972 2046 1065 lo-

452 1064 650 1157 quutus
679 1084 778 1140 esi
809 1083 1029 1138 timebat
1058 1080 1196 1135 enim
1239 1092 1306 1131 ne
1336 1073 1728 1129 scandalizatus
1773 1068 1937 1123 fuisse
1962 1064 2038 1118 vi-

453 1155 704 1243 deretur;
736 1176 828 1231 sed
876 1174 1024 1244 quasi
1051 1171 1280 1225 obscura
1309 1182 1395 1222 res
1425 1172 1573 1220 esset
1610 1161 1865 1231 loquitur.
1894 1155 2045 1224 Quod

452 1288 587 1328 vero
627 1284 734 1326 non
765 1265 1108 1324 obscuritatis
1132 1277 1292 1317 causa
1316 1303 1330 1327 ,
1377 1258 1474 1314 sed
1525 1255 1667 1327 quod
1719 1248 2046 1326 scandaliza-

452 1374 633 1427 retur,
681 1364 798 1416 tunc
821 1359 1051 1419 dixerit,
1085 1356 1260 1426 palam
1307 1364 1386 1409 est
1418 1369 1429 1404 :
1466 1349 1593 1403 nihil
1638 1347 1780 1404 enim
1826 1344 1894 1399 ibi
1946 1342 2046 1396 ob-

454 1455 724 1512 scuritatis
777 1455 965 1508 inerat.
1020 1449 1280 1517 Quocirca
1333 1443 1575 1500 Christus
1623 1440 1864 1506 increpat
1923 1434 2046 1489 illos

453 1550 687 1604 dicens:
733 1545 821 1600 16.
879 1543 1058 1598 Adhuc
1097 1557 1185 1596 cos
1232 1537 1381 1592 etiarn
1427 1535 1535 1589 sine
1581 1531 1836 1586 intellecm
1883 1526 2047 1582 estis?

453 1643 585 1698 Nam
618 1641 787 1696 turbae
808 1637 1029 1692 forsitan
1051 1635 1194 1689 dicta
1216 1647 1322 1687 non
1349 1629 1763 1685 intellexerunt:
1795 1624 1894 1693 ipsi
1917 1637 2047 1678 vero

453 1731 795 1790 scandalizati
835 1730 1064 1784 fuerant.
1113 1726 1289 1794 Quare
1333 1723 1514 1788 initio,
1561 1719 1710 1791 quasi
1751 1717 1819 1772 de
1862 1714 2048 1770 Phari-

454 1828 576 1881 satis
625 1826 1048 1892 interrogantes,
1105 1817 1350 1871 ediscere
1396 1812 1676 1877 volebant;
1724 1809 1810 1863 ubi
1866 1814 2046 1862 autem

454 1919 739 1974 audierunt
778 1929 898 1969 eum
926 1911 1158 1983 graviter
1181 1907 1600 1964 comminantem
1644 1917 1706 1958 ac
1733 1901 2002 1955 dicentem
2025 1939 2042 1964 ,

460 2009 639 2064 Omnis
679 2006 964 2078 plantatio,
1014 2018 1165 2072 quam
1227 2016 1328 2054 non
1381 1996 1627 2067 plantavit
1693 1992 1853 2047 Pater
1904 2006 2046 2044 metu

454 2103 694 2168 catastis,
737 2097 1104 2160 eradicabitur,
1132 2101 1221 2153 et,
1253 2090 1387 2145 Caeci
1409 2098 1526 2144 sunt
1569 2087 1721 2140 duces
1760 2099 2041 2148 caecorum,

454 2194 687 2263 repressi
729 2201 871 2246 sunt.
925 2188 1028 2244 Sed
1089 2187 1277 2241 Petrus
1321 2196 1532 2252 semper
1576 2178 1806 2243 ardens,
1855 2190 1922 2231 ne
1968 2173 2047 2229 sic

453 2288 664 2359 quidem
697 2294 879 2339 tacete
922 2281 1126 2351 potuit,
1169 2276 1262 2332 sed
1294 2275 1419 2331 dicit
1451 2290 1463 2326 :
1498 2272 1583 2327 15.
1636 2268 1876 2323 Edissere
1904 2266 2046 2320 nobis

455 2378 752 2452 parabolam
804 2377 952 2428 lianc.
984 2371 1123 2440 Quid
1170 2384 1299 2439 ergo
1346 2363 1631 2423 Christus?
1668 2359 2045 2416 Vehementius

455 2449 741 2540 respondet
794 2484 806 2519 :
856 2467 1036 2519 Adhuc
1087 2463 1236 2515 etiam
1288 2475 1375 2514 vos
1431 2458 1539 2512 sine
1592 2454 1847 2508 intellectu
1889 2449 2047 2506 estis?

455 2569 542 2623 l7.
575 2564 817 2619 Nondum
862 2557 1162 2627 intelligitis.
1195 2555 1320 2610 Haec
1365 2552 1499 2607 dixit
1529 2553 1841 2618 increpans,
1890 2553 1946 2599 ut
1980 2544 2047 2598 il-

450 2661 623 2715 lorum
665 2653 1064 2726 pnejudicazam
1108 2647 1414 2716 opinionem
1451 2641 1702 2710 ejiceret,
1735 2653 1835 2693 nec
1886 2637 2046 2691 finem

453 2750 661 2808 dicendi
706 2751 858 2809 fecit,
889 2744 984 2800 sed
1014 2744 1132 2798 hinc
1172 2739 1367 2810 adjecit
1395 2753 1408 2789 :
1441 2735 1606 2790 Omne
1649 2733 1784 2805 quod
1811 2734 1965 2786 intrat
1993 2732 2046 2784 in

455 2861 545 2909 os,
613 2842 667 2895 in
719 2848 940 2894 uentrem
997 2831 1170 2899 vadit,
1228 2839 1276 2886 et
1334 2831 1389 2883 in
1455 2843 1705 2882 secessum
1770 2825 2045 2888 emittitur;

456 2936 543 2992 18.
574 2949 685 3004 qtae
721 2938 887 2984 autem
927 2926 1205 2998 procedunt
1253 2939 1317 2978 ea:
1367 2937 1485 2982 ore,
1538 2920 1600 2972 de
1648 2916 1798 2972 corde
1825 2923 2044 2980 exeunt,

453 3038 499 3086 et
519 3027 610 3081 illa
634 3022 962 3092 coinquinant
991 3017 1264 3071 hominem.
1309 3012 1392 3067 19.
1429 3010 1506 3065 De
1527 3010 1679 3082 corde
1703 3008 1836 3062 enim
1860 3013 2046 3061 exeunt

454 3120 778 3192 cogitationes
827 3113 1016 3193 male,
1059 3108 1365 3170 homicidia,
1412 3105 1696 3168 adulteria,
1749 3101 2047 3174 fornicatio-

455 3231 578 3278 nes,
635 3213 806 3283 furta,
851 3206 1219 3276 blasphemia,
1269 3202 1401 3270 falsa
1453 3198 1756 3254 testimonia.
1814 3195 1906 3252 ευ.
1977 3193 2047 3249 Ει

456 3308 563 3360 luet:
590 3313 704 3358 sunt
747 3317 860 3372 quae
899 3297 1224 3366 coinquinant
1267 3293 1537 3347 hominem.
1567 3289 1690 3345 Non
1725 3289 1842 3342 lotis
1879 3295 2049 3341 autent

455 3399 684 3454 manibus
713 3394 1054 3456 manducare,
1092 3406 1192 3444 non
1227 3387 1518 3457 coinquinat
1554 3384 1825 3438 hominem.
1860 3379 2048 3435 Viden‘

455 3509 614 3564 quam
646 3489 997 3545 vehementer
1024 3485 1142 3539 illos
1171 3478 1448 3550 increpet?
1489 3475 1692 3532 Deinde
1713 3491 1742 3529 a
1772 3471 2047 3529 oonunuui

456 3594 643 3642 natura
693 3579 1122 3638 sermocinatur,
1167 3583 1223 3630 ut
1281 3573 1398 3626 illos
1450 3570 1517 3624 ad
1565 3571 1757 3624 bonam
1809 3571 2046 3619 mentem

455 3680 634 3734 clueat.
678 3675 812 3730 Cum
841 3673 986 3728 enim
1031 3670 1192 3735 dicit,
1226 3665 1292 3720 In
1329 3673 1551 3720 uentrem
1591 3661 1763 3726 vadit,
1793 3670 1838 3714 et
1873 3659 1928 3712 in
1970 3675 2048 3711 se-

457 3785 651 3825 cessum
691 3768 963 3830 emittitur,
1005 3762 1182 3816 adhuc
1227 3758 1519 3815 secundum
1571 3754 1850 3812 Iudaicum
1897 3751 2049 3821 abjc-

456 3874 601 3918 ctum
628 3874 846 3916 sensum
874 3856 1126 3926 loquitur.
1158 3852 1294 3906 Dicit
1316 3851 1493 3914 enim,
1526 3847 1619 3903 illa
1647 3861 1753 3901 non
1785 3858 2007 3900 manere
2031 3883 2046 3906 .

456 3959 550 4013 sed
595 3952 797 4026 egredi.
832 3951 1164 4020 Quamquam
1195 3944 1405 4001 etiamsi
1450 3950 1759 4009 manerent,
1792 3953 1902 3995 non
1945 3938 2050 3994 im-

456 4046 714 4106 mundum
760 4041 1066 4099 redderent.
1117 4037 1223 4095 Sed
1255 4035 1486 4092 nondum
1535 4041 1784 4105 poterant
1811 4031 1928 4087 hinc
1954 4046 2050 4086 au-

456 4143 594 4196 dire.
627 4138 750 4194 Ideo
778 4135 1050 4207 legislator
1094 4141 1245 4188 tanto
1273 4128 1493 4185 dimittit
1537 4136 1780 4195 tempore
1800 4167 1813 4189 ,
1847 4131 2050 4195 quanto

459 4235 604 4288 intus
643 4239 859 4285 maneat
901 4245 916 4282 :
957 4242 1077 4281 cum
1127 4233 1304 4278 autem
1360 4235 1635 4291 egressum
1703 4217 1891 4281 fuerit,
1942 4233 2047 4271 non

459 4327 621 4380 ultra.
651 4322 890 4390 Vespere
928 4320 1085 4389 igitur
1114 4315 1277 4371 lavari
1297 4314 1483 4384 jubet,
1508 4327 1570 4366 ac
1607 4309 1864 4366 mundum
1893 4323 2012 4363 esse
2031 4348 2047 4373 ,

459 4415 773 4487 digestionis
801 4420 855 4468 et
882 4410 1210 4479 expulsiouis
1236 4416 1444 4474 tempus
1467 4412 1717 4458 accurate
1742 4400 2047 4456 dimetiens.

461 4510 588 4578 Quae
626 4516 803 4561 autem
834 4503 1011 4559 cordis
1065 4509 1224 4565 sunt,
1270 4498 1472 4568 inquit,
1523 4496 1666 4550 intus
1716 4501 1968 4556 manent,
1997 4501 2052 4546 et

458 4617 578 4657 cum
622 4598 994 4671 egrediuntur,
1025 4593 1406 4664 coinquinant,
1449 4605 1547 4645 nec
1579 4587 1739 4643 modo
1769 4602 1890 4642 cum
1936 4600 2049 4640 ma-

461 4705 621 4757 nent,
673 4693 725 4747 id
761 4691 980 4746 faciunt.
1030 4688 1209 4743 Primo
1256 4684 1407 4755 ponit
1453 4682 1619 4736 malas
1662 4679 2045 4748 cogitationes,

461 4785 603 4858 quod
625 4783 928 4840 Jndmorum
955 4787 1067 4834 erat
1121 4796 1133 4831 :
1186 4793 1284 4831 nec
1312 4773 1487 4829 adhuc
1533 4788 1561 4826 a
1612 4779 1838 4835 natura,
1881 4768 1973 4824 sed
2019 4784 2048 4822 a

462 4885 617 4945 partu
645 4873 845 4929 ventris
869 4881 925 4927 et
953 4869 1128 4925 cordis
1168 4867 1471 4936 redarguit,
1501 4875 1555 4920 et
1581 4880 1646 4919 ex
1671 4877 1738 4918 eo
1779 4861 1920 4932 quod
1948 4860 2048 4915 alia

463 4966 746 5020 maneant,
786 4957 891 5012 alia
920 4975 1028 5012 non
1055 4960 1203 5012 item.
1248 4960 1364 5012 Alia
1395 4959 1560 5025 enim,
1582 4958 1649 5013 de
1683 4958 1818 5012 foris
1845 4958 2050 5027 ingres-

461 5068 561 5116 sa,
610 5051 758 5106 foras
804 5066 999 5107 rursus
1041 5061 1242 5110 exeunt
1276 5070 1288 5106 :
1323 5053 1428 5107 alia
1469 5067 1619 5116 vero,
1665 5052 1811 5107 intus
1847 5050 2047 5121 genita,

463 5160 592 5200 cum
647 5152 884 5206 exeunt,
937 5144 1343 5214 coinquinant,
1396 5152 1451 5198 et
1505 5151 1637 5198 tunc
1678 5143 1888 5214 magis,
1924 5157 2050 5198 cum

461 5238 828 5307 egrediuntur.
879 5232 1118 5287 Nondum
1153 5231 1297 5285 enim
1343 5238 1627 5299 poterant,
1661 5237 1717 5282 ut
1763 5229 1904 5291 dixi,
1936 5228 2053 5281 inec

457 5343 577 5382 cum
618 5325 932 5396 congruenti
967 5323 1302 5393 philosophia
1347 5320 1552 5376 audire.
1586 5321 1792 5375 Marcus
1819 5319 1965 5389 (Cap.
1994 5321 2047 5372 7.

463 5421 550 5489 l9)
575 5431 751 5475 autem
778 5419 935 5482 dicit,
971 5418 1142 5487 ipsum
1173 5415 1238 5468 ad
1269 5413 1569 5484 purgandos
1597 5413 1744 5467 cibos
1763 5414 1874 5466 haec
1892 5412 2054 5467 dixis-

461 5531 553 5580 se;
586 5531 688 5568 non
742 5525 917 5569 tamen
979 5513 1029 5566 id
1083 5509 1377 5580 expressit,
1409 5508 1547 5578 quod
1597 5506 1718 5560 talia
1767 5504 2050 5558 comedere

461 5623 568 5660 non
602 5605 910 5674 coinquinet
955 5603 1228 5657 hominem
1282 5616 1294 5652 :
1350 5615 1456 5652 non
1488 5598 1629 5653 enim
1662 5595 1954 5650 voluissent
1983 5594 2048 5647 il-

462 5699 574 5753 lum
604 5708 710 5751 tam
739 5697 882 5752 clare
921 5698 1224 5766 loquentem
1266 5693 1473 5748 audire.
1510 5691 1631 5746 Ideo
1659 5689 1775 5743 haec
1802 5687 2002 5743 addidit
2035 5706 2047 5742 :

464 5789 585 5844 Non
628 5789 742 5842 lotis
785 5787 1014 5840 manibus
1063 5786 1368 5839 manducare
1391 5825 1406 5849 ,
1436 5801 1534 5837 non
1565 5781 1856 5850 coinquinat
1884 5779 2050 5832 homi-

466 5898 602 5936 nem.
634 5880 908 5935 Distxtmus
937 5891 1064 5949 ergo
1085 5893 1329 5948 quaenam
1360 5876 1705 5948 coinquinent
1732 5876 1999 5931 hominem
2032 5891 2046 5928 :

1163 407 1216 465 S.
1259 401 1534 463 JOANNTS
1570 389 2045 454 CllliYSOSTOlll
2089 385 2403 444 ARClllEP.
2446 384 2983 443 CONSTANTINOP.

3649 381 3756 437 Elii

2153 504 2415 559 discamus
2445 504 2560 560 lucc
2578 544 2594 569 ,
2622 514 2677 558 et
2704 503 2990 574 fugiamus.
3015 498 3145 556 Nam
3175 499 3230 555 in
3258 498 3482 556 ecclesia
3508 499 3766 556 videmus

2153 598 2294 654 hunc
2337 612 2541 652 morem
2591 596 2730 667 apud
2779 597 2974 651 multos
2998 595 3208 665 vigere,
3243 595 3334 664 qui
3387 592 3602 646 mundis
3655 606 3759 647 ve-

2154 690 2323 744 stibus
2369 688 2569 743 intrare
2617 686 2862 752 student,
2924 687 3161 756 itemque
3209 686 3333 740 lotis
3373 683 3650 749 manibus;
3704 695 3764 739 ut

2155 797 2283 836 vero
2319 781 2552 835 animam
2597 795 2785 850 puram
2817 780 2928 834 Deo
2955 779 3183 844 sistant,
3225 777 3361 832 nihil
3389 785 3599 833 curant.
3631 775 3764 831 Hmc

2157 889 2320 944 porro
2339 873 2494 940 diro,
2528 888 2636 928 non
2685 874 2828 943 quod
2881 871 3194 942 prohibeam
3225 885 3418 926 manus
3458 870 3542 926 vel
3574 885 3635 925 os
3679 870 3761 924 la-

2154 981 2279 1022 vare
2300 1008 2315 1033 ,
2347 965 2441 1022 sed
2472 965 2612 1036 quod
2641 965 2798 1020 velim
2822 965 2890 1020 ita
2924 965 3088 1019 lavari
3117 972 3174 1018 ut
3202 978 3297 1033 par
3322 973 3443 1028 est,
3478 976 3584 1017 non
3617 976 3763 1031 aqua

2152 1056 2362 1122 solum,
2404 1056 2498 1111 sed
2542 1056 2846 1111 virtutibus.
2878 1055 3013 1111 Nam
3042 1056 3231 1111 sordes
3275 1055 3387 1111 oris
3416 1063 3544 1110 sunt
3586 1054 3762 1109 maie-

2153 1147 2326 1214 dicta,
2386 1147 2752 1218 blasphemia,
2821 1149 3158 1211 convicium,
3223 1148 3388 1214 verba
3464 1146 3763 1202 iracundia:

2154 1239 2331 1308 plena,
2359 1241 2444 1295 vel
2470 1239 2720 1296 obscmna
2742 1282 2755 1306 ,
2785 1239 3008 1296 ridicula
3030 1281 3045 1308 ,
3079 1239 3345 1296 scurrilia.
3377 1239 3435 1296 Si
3479 1254 3610 1310 ergo
3660 1239 3757 1293 tibi

2151 1331 2400 1387 conscius
2441 1331 2516 1387 sis
2547 1331 2676 1386 nihil
2704 1330 2810 1386 tale
2833 1330 3034 1387 dixisse
3079 1339 3162 1398 te,
3191 1346 3368 1401 neque
3395 1329 3477 1385 bis
3506 1329 3760 1386 sordibus

2155 1425 2454 1492 inquinari,
2485 1440 2608 1481 cum
2651 1424 2842 1480 ﬁducia
2889 1424 3120 1491 accede;
3153 1424 3233 1481 sin
3285 1424 3478 1480 millies
3509 1423 3609 1479 has
3657 1427 3758 1479 ad-

2155 1518 2343 1572 misisti
2390 1519 2660 1584 maculas,
2690 1535 2789 1574 cnr
2839 1519 3035 1574 frustra
3089 1520 3321 1590 linguam
3370 1520 3580 1588 abluis,
3623 1519 3757 1577 dum

2156 1611 2486 1680 perniciosas
2507 1621 2562 1666 et
2592 1613 2779 1667 noxias
2799 1613 2989 1669 sordes
3018 1613 3074 1667 in
3101 1613 3188 1667 illa
3212 1614 3560 1670 circumfers?

2226 1703 2280 1756 5.
2316 1702 2429 1769 Qua
2458 1703 2653 1758 ratione
2678 1705 2929 1759 orandum
2953 1705 3038 1760 sit.
3055 1704 3278 1760 —-Nam
3313 1705 3400 1760 dic
3425 1705 3555 1761 mibi
3581 1747 3596 1770 ,
3621 1707 3664 1762 si
3695 1706 3759 1762 fi-

2155 1809 2298 1850 mum
2343 1806 2398 1852 et
2444 1796 2609 1850 lutum
2651 1812 2760 1866 prae
2805 1797 3052 1853 manibus
3099 1797 3357 1866 haberes,
3407 1814 3476 1855 an
3525 1801 3759 1857 auderes

2153 1889 2352 1943 orare?
2382 1888 2748 1960 Nequaquam.
2781 1891 3033 1947 Attamen
3065 1891 3195 1947 nihil
3225 1891 3352 1947 hinc
3377 1892 3558 1948 damni
3584 1911 3598 1958 ;
3627 1894 3758 1950 illud

2152 1991 2329 2036 autem
2358 1982 2718 2052 perniciosum
2742 1992 2841 2038 est.
2875 1983 2986 2038 Cur
3013 1999 3142 2054 ergo
3171 1986 3222 2038 in
3263 1985 3424 2041 rebus
3451 1986 3761 2042 indlileren-

2155 2075 2296 2130 tibus
2333 2079 2469 2144 pius,
2506 2076 2556 2130 in
2584 2074 2867 2146 prohibitis
2891 2077 2960 2131 ita
2987 2077 3262 2149 negligens
3290 2093 3350 2134 es
3375 2079 3398 2132 ἲ
3423 2078 3563 2148 Quid
3591 2081 3760 2152 ergo?

2154 2168 2396 2239 inquies;
2430 2185 2534 2223 non
2579 2170 2788 2239 precari
2833 2173 3089 2242 oportet?
3119 2171 3347 2242 Oportet
3386 2175 3626 2244 quidem,
3662 2175 3758 2231 sed

2155 2279 2258 2318 non
2295 2264 2542 2318 sordibus
2590 2264 2938 2332 maculatum,
2979 2282 3084 2320 non
3111 2276 3259 2321 tanto
3287 2282 3444 2324 cosno
3479 2278 3755 2324 onustum.

2153 2356 2289 2423 Quid
2319 2355 2362 2412 si
2382 2371 2510 2411 casu
2537 2357 2718 2427 lapsus
2743 2357 2935 2412 fuero?
2963 2358 3133 2429 Purga
3163 2360 3412 2429 teipsum.
3431 2360 3715 2429 Quomodo
3735 2363 3760 2415 9

2154 2448 2322 2519 Lege,
2350 2463 2524 2519 geme,
2552 2449 2949 2522 eleemosynam
2979 2465 3159 2521 erOga,
3189 2467 3352 2522 purga
3383 2462 3436 2509 te
3460 2454 3601 2524 apud
3629 2470 3757 2511 eum

2154 2554 2311 2610 quem
2340 2541 2662 2595 contumelia
2693 2541 2941 2608 aifecisti,
2969 2543 3253 2599 reconcilia
3296 2554 3348 2599 te
3377 2543 3474 2609 illi,
3509 2545 3760 2616 absterge

2156 2632 2411 2701 linguam,
2444 2648 2510 2687 ne
2538 2633 2751 2703 gravius
2783 2634 2946 2689 Deum
2977 2635 3171 2690 irrites.
3202 2635 3338 2690 Nam
3365 2639 3409 2692 si
3439 2640 3561 2707 quis
3581 2639 3760 2694 sardi-

2153 2721 2292 2777 datis
2322 2731 2559 2780 stercore
2598 2725 2843 2780 manibus
2875 2725 3041 2795 pedes
3074 2735 3192 2782 tuos
3215 2729 3526 2799 supplicans
3569 2739 3756 2801 tange-

2153 2823 2253 2882 ret,
2275 2830 2379 2869 non
2408 2815 2570 2870 modo
2598 2816 2741 2870 illum
2767 2833 2871 2872 non
2895 2818 3130 2886 audires,
3151 2819 3244 2875 sed
3279 2821 3414 2891 pede
3437 2821 3753 2893 impeteres:

2151 2906 2422 2977 quomodo
2446 2907 2611 2964 audes
2639 2910 2717 2965 sic
2748 2910 2916 2966 Deum
2946 2911 3135 2967 adire?
3161 2912 3293 2968 Nam
3323 2915 3496 2986 lingua
3529 2931 3756 2985 precan-

2154 3001 2284 3056 tium
2321 3010 2404 3058 est
2431 3018 2643 3066 manus.
2674 3018 2736 3059 ac
2773 3019 2872 3074 per
2894 3020 3016 3060 eam
3060 3006 3149 3060 Dei
3181 3022 3356 3077 genua
3401 3009 3758 3079 apprehendi-

2153 3110 2295 3149 mus.
2316 3093 2395 3150 Ne
2436 3095 2614 3165 itaque
2643 3095 2787 3150 illam
2816 3097 3197 3165 commacules,
3224 3114 3290 3154 ne
3320 3099 3413 3154 tibi
3447 3099 3587 3156 dicat
3612 3100 3710 3156 ille
3736 3119 3753 3156 :

2156 3189 2216 3243 Si
2239 3187 2693 3258 multiplicaveritis
2713 3189 3140 3258 deprecationem,
3174 3207 3273 3244 non
3303 3193 3571 3246 exaudiam
3597 3192 3754 3264 (lsai.

2158 3280 2210 3336 ι.
2231 3282 2341 3352 15).
2366 3280 2498 3336 Nam
2525 3279 2592 3334 In
2619 3296 2772 3335 intuitu
2798 3282 2986 3352 lingua:
3010 3283 3111 3335 uita
3141 3291 3187 3335 et
3203 3299 3339 3337 mors
3358 3294 3429 3336 est
3451 3283 3633 3356 (Prov.
3666 3287 3755 3342 18.

2155 3372 2215 3427 21
2248 3372 2267 3445 )
2289 3389 2302 3436 ;
2335 3383 2388 3426 et
2415 3373 2499 3426 Ea:
2525 3374 2838 3428 sermonibus
2861 3374 2961 3427 tuis
2981 3375 3366 3444 justiﬁcaberis,
3390 3386 3540 3445 atque
3558 3395 3622 3432 ea:
3645 3395 3756 3433 ser-

2155 3463 2385 3518 monibus
2429 3464 2527 3517 tuis
2565 3463 2976 3517 condemnaberis
3012 3469 3029 3535 (
3058 3463 3243 3518 Matth.
3291 3465 3378 3520 12.
3422 3467 3490 3523 57
3516 3467 3556 3538 ).
3591 3467 3756 3540 Magis

2157 3557 2316 3624 igitur
2340 3571 2500 3626 quam
2542 3557 2796 3628 pupillam
2833 3555 2972 3611 oculi
3008 3557 3240 3627 linguam
3277 3567 3419 3612 tuam
3462 3561 3758 3616 custodias.

2156 3651 2356 3721 Regius
2379 3650 2595 3722 quidam
2637 3666 2805 3719 equus
2833 3659 2918 3705 est
2965 3650 3165 3722 lingua.
3198 3651 3251 3707 Si
3283 3668 3411 3722 ergo
3439 3653 3513 3707 illi
3548 3653 3757 3709 frenum

2157 3746 2466 3809 immiseris,
2494 3756 2549 3800 et
2573 3745 2834 3800 concinne
2867 3746 2944 3800 ire
2973 3745 3220 3800 docueris
3241 3789 3255 3812 ,
3277 3763 3371 3801 rex
3402 3747 3454 3801 in
3484 3748 3574 3802 illa
3605 3749 3760 3804 sede-

2158 3837 2236 3891 bit
2262 3845 2318 3891 et
2341 3836 2614 3906 quiescet;
2647 3837 2731 3890 sin
2763 3836 3026 3891 infrenem
3058 3837 3173 3892 fieri
3206 3848 3260 3892 et
3274 3839 3464 3908 jactari
3501 3841 3761 3908 permisc-

2158 3929 2253 3992 ris,
2296 3928 2490 3985 diaboli
2535 3938 2590 3984 et
2631 3928 2934 3983 daemonum
2982 3928 3286 3985 vehiculum
3333 3932 3455 3987 erit.
3501 3930 3582 3986 Tu
3630 3947 3761 3987 vero

2156 4024 2372 4095 quando
2395 4040 2515 4080 cum
2546 4039 2712 4080 uxore
2731 4023 3088 4092 concubuisti,
3118 4023 3260 4095 quod
3287 4040 3416 4079 sane
3444 4025 3599 4095 culpa
3629 4026 3762 4081 libe-

2158 4134 2274 4173 rum
2301 4126 2402 4184 est,
2434 4118 2639 4187 precari
2667 4133 2774 4172 non
2800 4116 3000 4182 audes;
3030 4125 3149 4186 post
3175 4115 3476 4171 convicium
3501 4126 3678 4173 autem
3706 4129 3763 4174 et

2158 4211 2533 4267 contumeliam
2560 4252 2575 4274 ,
2607 4225 2726 4280 qua:
2747 4208 3043 4280 gehennam
3071 4218 3368 4275 merentur,
3392 4219 3676 4280 antequam
3705 4220 3763 4266 te

2162 4304 2327 4372 probe
2353 4304 2680 4375 purgaveris,
2705 4303 2948 4359 extendis
2974 4303 3204 4357 manus?
3227 4314 3283 4358 et
3309 4304 3598 4374 quomodo,
3615 4320 3763 4375 qum-

2160 4412 2239 4459 so,
2271 4412 2377 4451 non
2427 4395 2834 4464 perhorrescis?
2860 4394 2975 4449 Non
3003 4393 3198 4448 audisti
3227 4394 3446 4448 Paulum
3470 4394 3756 4460 dicentem,

2163 4490 2475 4546 [fauorabile
2489 4490 2803 4560 confugium,
2835 4499 2880 4542 et
2911 4499 3049 4542 torus
3070 4488 3428 4542 immaculatus
3455 4487 3759 4558 (HeerS.

2158 4586 2192 4640 4
2217 4585 2232 4655 )
2257 4586 2280 4638 ?
2314 4584 2368 4640 Si
2398 4593 2574 4638 autem
2602 4598 2669 4638 ex
2693 4581 3034 4636 immaculato
3070 4592 3188 4636 toro
3209 4595 3436 4652 surgens
3461 4597 3565 4635 non
3595 4581 3764 4637 audes

2158 4678 2224 4733 ad
2273 4679 2570 4733 orationem
2616 4676 2896 4740 accedere,
2925 4690 3049 4729 cum
3095 4690 3162 4730 ex
3190 4686 3308 4729 toro
3351 4675 3621 4731 diabolico
3664 4675 3760 4740 sis.

2158 4789 2255 4828 cur
2322 4771 2580 4826 horribile
2649 4769 2777 4824 illud
2846 4769 3189 4840 terribileque
3254 4784 3450 4824 nomen
3512 4750 3786 4826 invocare.

2160 4866 2363 4921 audes?
2406 4862 2610 4918 Diaboli
2641 4863 2836 4933 quippe
2866 4861 3034 4918 lectus
3071 4871 3154 4916 est
3195 4860 3248 4916 in
3293 4860 3552 4917 conviciis
3579 4871 3635 4917 et
3661 4877 3762 4933 op-

2161 4957 2388 5029 probriis
2416 4955 2578 5012 lavari
2607 4953 2702 5026 (a).
2735 4956 2813 5010 Ac
2844 4954 2988 5010 velut
3011 4954 3342 5024 perniciosus
3366 4952 3582 5024 quidam
3614 4954 3765 5009 adul-

2163 5061 2244 5105 ter
2286 5047 2560 5104 iracundia
2618 5062 2719 5102 nos
2765 5061 2887 5102 cum
2941 5061 3132 5117 magna
3178 5046 3449 5118 voluptate
3514 5046 3762 5112 invadit,

2162 5144 2459 5215 perniciosa
2504 5144 2557 5196 in
2607 5142 2764 5197 nobis
2810 5141 3015 5211 jaciens
3068 5140 3314 5205 semina,
3363 5148 3419 5195 et
3471 5138 3765 5195 diabolicas

2158 5238 2383 5306 gignens
2415 5234 2741 5297 inimicitias,
2766 5249 2826 5288 ac
2852 5242 3035 5288 contra
3066 5231 3390 5287 connubium
3409 5231 3588 5285 omnia
3616 5231 3762 5286 facit.

2161 5331 2291 5386 Nam
2321 5329 2626 5398 conjugium
2677 5327 2725 5381 id
2771 5326 2898 5381 facit
2945 5335 3001 5380 ut
3048 5325 3154 5380 duo
3183 5325 3289 5379 sint
3330 5339 3456 5379 caro
3497 5338 3636 5388 una;
3685 5323 3760 5377 ira

2157 5441 2288 5480 vero
2314 5438 2407 5480 ens
2431 5424 2520 5493 qui
2560 5421 2727 5491 juncti
2769 5430 2894 5476 sunt
2922 5420 2975 5474 in
3017 5429 3192 5489 partes
3227 5417 3416 5472 dividit
3439 5459 3451 5478 ,
3482 5417 3763 5486 ipsamque

2160 5517 2393 5570 animam
2437 5515 2634 5570 scindit
2680 5522 2735 5568 et
2791 5512 3012 5566 lacerat.
3056 5509 3124 5566 Ut
3168 5511 3344 5579 itaque
3388 5525 3509 5562 cum
3569 5507 3761 5561 fiducia

2161 5609 2328 5664 Deum
2365 5609 2548 5670 adeas,
2595 5607 2724 5659 iram
2759 5613 2812 5659 te
2850 5602 3189 5658 invadenlem
3222 5618 3288 5655 ne
3335 5600 3583 5654 admittas
3609 5639 3623 5661 ,
3667 5599 3761 5654 sed

2160 5700 2312 5770 quasi
2337 5697 2580 5754 rabidum
2609 5711 2796 5751 canem
2827 5694 3056 5766 depelle.
3091 5692 3222 5747 Illud
3251 5692 3390 5746 enim
3417 5690 3610 5743 Paulus
3643 5687 3764 5759 jus-

2173 5883 2183 5893 _
2230 5823 2438 5893 (a)_Non_
2461 5825 2605 5893 video
2628 5825 2803 5875 borum
2831 5829 3216 5876 consonantiam.
3246 5851 3300 5858 -α
3332 5822 3461 5872 Vidit
3488 5824 3649 5885 Fictd,
3673 5833 3764 5871 cu-

2153 5885 2244 5953 jus
2267 5886 2336 5972 cf.
2365 5885 2536 5939 Adnot.
2566 5887 2701 5937 Eon.
