4046 6426
282 390 385 443 517

277 507 349 559 sit
374 526 386 558 :
420 505 659 560 Leucates
688 513 888 557 sanctas
918 517 1098 554 manus
1133 500 1317 571 absque
1351 499 1426 550 ira
1452 507 1497 550 et
1520 496 1882 566 disceptatione

278 598 370 667 (Ι.
407 594 540 649 Tim.
587 596 641 650 2.
676 595 766 667 8).
799 593 876 648 Ne
927 594 1160 662 linguam
1220 607 1351 660 ergo
1397 591 1651 658 deturpes
1691 607 1702 640 :
1760 602 1880 640 nam

277 689 549 758 quomodo
580 703 674 756 pro
707 699 756 740 te
784 686 1086 756 precabitur
1108 727 1120 748 ,
1149 699 1268 738 cum
1304 683 1550 736 fiduciam
1598 679 1884 734 amiseris?

275 781 372 834 sed
403 797 532 834 orna
560 781 698 834 illam
731 778 1008 841 modestia,
1035 776 1363 829 humilitate:
1401 774 1480 828 fac
1504 775 1715 842 dignam
1748 772 1874 833 Deo,

275 873 368 941 qui
413 889 507 940 per
555 873 694 926 illam
743 879 998 939 rogatur;
1034 870 1174 922 illam
1220 867 1366 936 reple
1413 866 1781 920 benedictione
1827 873 1874 916 et

275 965 641 1034 eleemosyna.
701 961 829 1015 Nam
881 961 1059 1014 verbis
1111 961 1270 1013 etiam
1320 967 1491 1026 potest
1536 957 1877 1022 elcemmyna

277 1058 523 1126 erogari:
561 1056 743 1109 .llelior
769 1067 839 1108 est
871 1055 1011 1109 enim
1035 1069 1220 1117 sermo,
1251 1069 1400 1121 quant
1424 1051 1613 1103 donum
1638 1058 1715 1112 ;et
1738 1063 1750 1099 :
1775 1045 1872 1099 Re-

272 1151 469 1218 sponde
498 1148 708 1216 pauperi
734 1143 949 1218 paci/ica
980 1147 1030 1199 iu
1060 1144 1443 1197 mansuetudine
1463 1140 1651 1214 (Eccli.
1678 1141 1759 1194 l8.
1789 1140 1872 1192 £6.

271 1250 319 1293 et
347 1241 398 1294 ι.
417 1238 493 1310 8).
519 1240 708 1292 Tutum
736 1253 860 1291 vero
889 1239 1146 1307 reliquum
1173 1247 1380 1305 tempus
1403 1236 1698 1288 divinarum
1723 1249 1875 1285 enar-

272 1332 481 1385 ratione
514 1331 684 1398 legum
724 1346 944 1384 exorna.
977 1330 1155 1382 Omnis
1183 1329 1437 1382 enarratio
1462 1337 1545 1378 tua
1587 1327 1649 1378 sit
1679 1326 1728 1378 iu
1771 1325 1877 1391 lege

272 1423 519 1476 Altissimi
548 1421 719 1492 (Ibid.
747 1423 798 1477 9.
831 1422 900 1474 25
923 1421 962 1490 ).
1000 1421 1070 1474 Ita
1129 1437 1227 1474 nos
1258 1419 1544 1473 adorantes
1573 1417 1639 1470 ad
1676 1417 1871 1484 liegetn

270 1501 592 1568 accedamus
617 1555 632 1577 ,
663 1523 716 1566 et
762 1513 826 1565 ad
873 1528 1041 1582 genua
1071 1512 1185 1579 ejus
1215 1511 1586 1579 procidamus,
1621 1526 1724 1562 non
1757 1525 1876 1563 cor-

273 1621 404 1674 pore
456 1616 698 1668 tantum,
746 1604 838 1658 sed
889 1606 1048 1657 etiam
1105 1613 1303 1657 mente.
1358 1601 1667 1671 Cogitemus
1714 1617 1871 1670 quem

270 1698 544 1760 adeamus,
595 1706 648 1750 et
694 1713 788 1765 pro
837 1697 1047 1764 quibus,
1090 1707 1142 1749 et
1181 1694 1304 1763 quid
1353 1697 1591 1748 volentes
1635 1693 1869 1746 effiat-re.

270 1789 437 1842 Deum
473 1789 703 1852 adimus,
728 1804 886 1857 quem
913 1787 1193 1855 Serapbim
1228 1785 1488 1848 videntes,
1515 1787 1689 1838 vultus
1717 1801 1867 1838 aver-

269 1891 410 1945 tunt,
444 1898 547 1934 non
582 1881 812 1934 ferentes
846 1880 1106 1949 fulgorem
1138 1895 1334 1948 ;quem
1362 1879 1546 1932 videns
1576 1890 1713 1932 terra
1745 1894 1872 1930 cou-

273 1976 557 2028 tremiscit.
588 1975 752 2028 Deum
785 1972 1016 2034 adimus,
1051 1972 1138 2042 qui
1178 1972 1349 2025 lucem
1392 1969 1593 2024 habitat
1632 1972 1871 2024 inacces-

265 2068 498 2121 sibilem.
533 2067 775 2131 Adimns,
822 2075 877 2118 ut
908 2081 934 2118 a
964 2065 1207 2136 gebeuna
1242 2065 1550 2130 liberemur,
1582 2074 1637 2118 ut
1684 2065 1872 2118 remis.

269 2163 476 2215 sionem
504 2173 842 2229 peccatorum
866 2160 1230 2228 impetremus,
1254 2167 1309 2212 ut
1336 2159 1403 2212 ab
1428 2158 1520 2212 illo
1549 2158 1868 2214 intolerabili

267 2252 530 2318 supplicio
559 2252 866 2313 liberemur,
897 2259 953 2303 ut
994 2249 1184 2304 cadum
1231 2258 1286 2304 et
1337 2249 1408 2303 ibi
1453 2249 1680 2317 reposita
1733 2248 1869 2302 bona

263 2358 282 2393 f
297 2358 676 2409 onsequatnur.

339 2434 390 2485 6.
426 2433 763 2486 Mansuetudo
791 2434 842 2486 in
864 2435 1091 2487 oratione
1111 2434 1416 2486 adhibenda.
1450 2434 1616 2487 Nemo
1647 2435 1868 2498 (reditur,

265 2525 364 2578 nisi
401 2542 432 2576 α
474 2526 659 2593 seipse.
703 2523 890 2578 Contra
924 2541 1006 2578 eos
1036 2526 1121 2594 qui
1145 2527 1360 2578 aliorum
1391 2529 1518 2579 bona
1549 2527 1770 2596 rapiunt.
1803 2557 1872 2568 -ο

267 2615 614 2670 l‘rocidamus
643 2617 798 2686 igitur
823 2627 876 2670 et
915 2632 1141 2686 corpore
1172 2627 1224 2671 et
1252 2627 1450 2682 mente,
1484 2628 1538 2670 ut
1570 2618 1658 2671 ille
1682 2619 1869 2684 jacen-

267 2718 349 2762 tes
391 2709 561 2778 erigat
612 2726 623 2760 :
679 2724 799 2762 cum
849 2709 1108 2764 modestia
1161 2712 1412 2778 omnique
1463 2712 1873 2765 mansuetudine

271 2799 445 2868 ipsum
473 2799 829 2868 alloquamur.
865 2800 932 2854 Et
955 2803 1074 2870 quis
1102 2811 1202 2864 est,
1241 2802 1468 2870 inquies,
1507 2803 1574 2855 ita
1609 2804 1773 2858 miser
1821 2815 1873 2857 ct

272 2890 479 2954 infelix,
507 2901 565 2945 ut
589 2893 642 2945 in
674 2895 914 2946 oratione
945 2910 1046 2947 non
1078 2895 1146 2948 sit
1175 2896 1480 2949 moderatus
1499 2898 1520 2947 ?
1545 2897 1638 2951 llle
1666 2899 1753 2968 qui
1789 2898 1870 2952 vel

266 2985 534 3052 precando
563 2987 842 3040 maledicta
891 2987 1112 3055 profert,
1154 2986 1436 3056 furoreque
1470 2991 1657 3058 plenus
1686 3001 1788 3055 est,
1819 3000 1872 3044 ct

266 3086 451 3129 contra
501 3077 744 3131 inimicos
789 3080 1067 3132 acclamat.
1111 3081 1162 3133 Si
1198 3081 1273 3133 vis
1317 3096 1606 3143 accusare,
1641 3083 1868 3150 teipsum

267 3183 482 3222 accusa.
522 3171 574 3223 Si
625 3171 702 3224 vis
747 3170 979 3240 linguam
1025 3187 1235 3231 acuere.
1275 3184 1459 3227 contra
1513 3188 1723 3243 peccata
1783 3187 1867 3228 tua

268 3278 418 3316 acue.
441 3263 548 3317 Nec
577 3264 722 3318 dicas
753 3265 875 3334 quid
909 3266 1043 3319 alius
1073 3267 1160 3320 tibi
1192 3269 1313 3319 mali
1346 3269 1598 3330 intulerit,
1626 3271 1714 3321 .ch
1745 3269 1868 3339 and

271 3363 324 3405 tu
364 3355 458 3407 tibi
492 3355 612 3407 mali
646 3354 874 3410 feceris:
908 3357 1030 3409 illud
1082 3359 1222 3411 enim
1256 3362 1484 3412 maxime
1529 3362 1720 3412 maltnn
1766 3371 1866 3414 est.

269 3445 450 3513 Neque
480 3447 622 3500 enim
652 3448 769 3516 quis
803 3459 851 3503 te
883 3449 1076 3503 lzcdere
1123 3452 1314 3518 pulerit
1338 3493 1352 3516 ,
1395 3452 1490 3504 ni«i
1541 3464 1588 3505 te
1619 3453 1729 3520 ipse
1777 3455 1868 3507 lte-

269 3538 365 3591 das
395 3537 491 3610 (α).
529 3538 711 3610 itaque
756 3542 798 3594 si
834 3542 910 3596 vis
958 3553 1141 3596 coalra
1187 3544 1438 3597 lzedentes
1482 3555 1528 3597 te
1573 3549 1865 3616 insurgere,

277 3631 501 3697 teipsum
533 3632 758 3697 primum
796 3632 1037 3700 impetus.
1073 3633 1240 3689 Nemo
1278 3635 1326 3687 id
1360 3637 1579 3704 impedit
1607 3657 1618 3697 ;
1673 3655 1792 3691 nam
1823 3641 1866 3693 si

270 3721 429 3772 alium
460 3721 807 3790 aggrediaris,
843 3726 1009 3793 magis
1033 3726 1186 3779 laesus
1210 3728 1398 3781 abibis.
1433 3731 1599 3794 Quam
1630 3747 1756 3784 vero
1777 3733 1866 3786 tibi

273 3813 472 3866 illatam
521 3814 765 3881 injuriam
810 3815 1048 3884 proferre
1085 3819 1280 3884 potes?
1313 3819 1404 3872 Ille
1446 3822 1572 3874 mihi
1622 3822 1866 3888 injuriam

273 3905 472 3969 intulit,
517 3907 649 3959 bona
681 3909 876 3975 rapuit,
911 3924 996 3964 me
1029 3910 1077 3962 in
1110 3912 1341 3978 pericula
1373 3913 1591 3982 injecit?
1622 3915 1724 3969 Sed
1771 3918 1868 3972 huc

275 4010 379 4046 non
410 4007 488 4047 est
535 3996 674 4062 la-di,
708 3999 822 4063 sed,
856 4000 898 4052 si
949 4001 1131 4068 vigiles
1157 4003 1357 4065 simus,
1393 4005 1506 4059 lucc
1537 4007 1688 4062 nobis
1731 4011 1869 4062 ltllll-

273 4097 380 4140 tum
428 4089 682 4156 prodesse
724 4101 991 4158 poterunt.
1031 4093 1161 4147 Nam
1203 4096 1364 4149 liESUS
1391 4107 1472 4150 est
1515 4099 1600 4153 ille
1640 4103 1724 4168 qui
1758 4102 1870 4155 bmc

273 4183 406 4233 mala
442 4184 638 4246 intulit,
673 4202 775 4238 nun
807 4187 892 4253 qui
927 4203 1112 4254 pasSns
1139 4199 1238 4242 est.
1276 4191 1338 4243 Et
1373 4190 1473 4246 hoc
1503 4197 1730 4247 maxime
1761 4214 1870 4248 ma-

274 4273 441 4325 lorum
461 4278 695 4328 omnium
717 4294 872 4329 causa
896 4287 996 4344 est,
1015 4281 1155 4349 quod
1189 4283 1486 4338 nesciamus
1509 4287 1624 4353 quis
1650 4288 1866 4352 lit-tiens,

273 4366 392 4430 quis
441 4365 593 4416 Ιςιιεςιιμ
627 4367 714 4418 sit.
763 4366 814 4420 Si
850 4369 976 4422 illud
1022 4370 1186 4438 probe
1232 4375 1530 4440 sciremus,
1580 4395 1867 4448 numquam

275 4470 371 4507 nos
424 4458 836 4523 ulciscerentur,
887 4477 989 4514 non
1040 4479 1378 4530 precarentur
1424 4478 1606 4521 contra
1661 4473 1821 4525 alium
1854 4515 1868 4540 ,

335 4627 407 4688 (α)
447 4629 497 4677 ln
541 4629 662 4678 banc
689 4631 1380 4699 ptuli-.berrimamsententiam
1417 4645 1687 4693 orationem
1723 4649 1874 4699 edidit

271 4687 644 4760 C'Erymomus-
676 4687 837 4760 (EXSUI‘
865 4696 954 4743 ίλθυ
975 4697 1132 4755 um"):
1160 4703 1292 4758 Quart
1317 4687 1460 4751 nemo

271 4756 444 4812 seipse,
470 4766 613 4815 quam
635 4756 786 4802 babes
805 4770 949 4817 supra
974 4767 1119 4808 'romo
1144 4756 1191 4822 5,
1217 4762 1309 4810 col.
1338 4765 1573 4816 4339-160.

271 4876 2873 4913 Ἥ

1284 379 1350 437 lN
1392 376 1795 434 llATTll/EUM
1842 375 2072 430 llOBllL.
2119 376 2225 431 l.l|.
2272 379 2342 432 al.
2388 377 2520 432 Lill.

3503 377 3607 437 ΜΒ

1993 496 2143 563 gnari
2180 510 2284 548 non
2334 510 2491 564 posse
2523 509 2620 549 nos
2649 494 2792 549 mulo
2821 493 2960 549 aftici
2991 497 3059 550 ab
3089 494 3214 549 alio.
3251 496 3434 567 Neque
3461 503 3610 557 enim

1993 587 2230 656 rapinam
2266 587 2394 654 pati,
2427 586 2520 642 sed
2543 585 2742 651 facere,
2773 587 2997 642 malum.
3021 585 3076 642 Si
3109 588 3351 656 rapuisti,
3377 591 3606 660 teipsum

1991 689 2280 743 accusato;
2311 679 2392 734 sin
2425 694 2555 734 vero
2585 689 2672 732 tua
2714 679 2852 733 alius
2891 681 3088 748 rapuit,
3115 694 3334 749 precare
3378 697 3478 753 pro
3516 697 3606 736 ra-

1992 781 2162 840 ptore,
2197 772 2320 841 quia
2372 771 2464 825 tibi
2513 771 2746 826 maxime
2789 769 3009 840 proluit.
3046 770 3266 826 Etiamsi
3299 774 3442 828 enim
3494 792 3602 828 non

1990 866 2107 920 talis
2134 867 2202 919 sit
2229 880 2381 918 mens
2414 864 2574 928 illius,
2608 873 2754 919 certe
2787 875 2839 917 tu
2864 880 3109 934 magnam
3142 864 3424 920 utilitatem
3455 883 3606 922 acce-

1987 958 2108 1026 pisti
2137 998 2151 1021 ,
2188 957 2232 1010 si
2265 955 2475 1010 fortiter
2520 957 2728 1010 tuleris.
2761 954 2914 1009 Illum
2946 956 3088 1010 enim
3120 965 3174 1010 et
3202 956 3395 1011 divina:
3423 968 3474 1012 et
3504 961 3604 1012 lut-

1986 1063 2157 1100 mana:
2177 1048 2320 1117 leges
2353 1048 2610 1102 miserunt
2645 1045 2972 1116 praedicant;
2999 1057 3051 1102 te
3080 1062 3207 1101 vero
3235 1047 3418 1103 laesum
3449 1065 3606 1104 coru-

1985 1149 2114 1192 nant
2139 1146 2194 1192 et
2223 1139 2520 1193 celebrant.
2563 1137 2747 1208 Neque
2775 1138 2919 1192 enim
2950 1138 2994 1192 si
3027 1139 3150 1207 quis
3177 1128 3486 1194 febricitans
3512 1157 3605 1195 vas

1983 1248 2119 1303 aqua
2150 1234 2364 1303 plenum
2398 1236 2638 1302 rapuerit
2664 1232 2731 1286 ab
2759 1233 2885 1299 alio,
2922 1241 2976 1286 ct
3004 1235 3224 1288 noxiam
3261 1234 3476 1290 bibendi
3508 1253 3602 1291 cn-

1985 1328 2262 1396 piditatem
2291 1329 2624 1399 expleverit,
2654 1328 2898 1384 dicemus
2948 1330 3131 1383 lassum
3170 1330 3320 1384 illum
3371 1332 3532 1385 fuisse
3571 1348 3600 1384 a

1983 1433 2088 1486 quo
2126 1429 2336 1488 raptum
2383 1434 2480 1473 vas
2508 1429 2611 1484 est,
2653 1419 2746 1474 scd
2794 1421 2973 1490 potius
3021 1421 3363 1489 rapientem:
3411 1422 3600 1475 febrim

1982 1511 2124 1564 enim
2173 1511 2346 1576 auxit,
2376 1511 2734 1580 murbumque
2764 1515 3029 1567 acriorem
3056 1513 3256 1567 ell’ecit.
3283 1513 3393 1568 lloc
3427 1514 3599 1583 ipsum

1981 1603 2046 1655 de
2075 1604 2420 1670 pecuniarum
2449 1612 2502 1657 et
2527 1619 2687 1672 opmn
2716 1613 2930 1658 amante
2955 1615 3162 1674 reputa.
3189 1606 3319 1660 Nam
3365 1607 3450 1660 hic
3485 1608 3602 1676 plus

1979 1709 2138 1763 quam
2184 1695 2272 1749 ille
2298 1695 2432 1748 alius
2462 1695 2791 1759 febricitans,
2824 1712 2920 1766 per
2959 1698 3097 1751 hanc
3137 1701 3414 1768 rapinam,
3449 1716 3599 1752 suam

1980 1787 2216 1841 int-endit
2250 1787 2542 1840 ﬂammam.
2591 1789 2725 1842 Etsi
2757 1790 2876 1858 quis
2919 1773 3106 1844 furens
3131 1791 3356 1859 abrepto
3401 1807 3429 1844 a
3463 1809 3598 1859 quo-

1981 1880 2120 1947 piam
2150 1879 2328 1948 gladio
2364 1895 2423 1933 se
2466 1880 2802 1946 confoderit,
2834 1882 2954 1950 quis
2987 1882 3147 1938 laesus
3188 1884 3304 1937 est?
3334 1885 3377 1936 is
3421 1901 3450 1938 a
3493 1900 3598 1954 qua

1979 1972 2234 2039 abreptus
2261 1971 2502 2040 gladius,
2535 1987 2601 2024 an
2632 1973 2721 2042 qui
2767 1973 2986 2041 rapuit?
3015 1974 3109 2027 llic
3151 1976 3354 2044 utique.
3392 1976 3464 2030 De
3502 1992 3596 2044 pe-

1979 2063 2256 2116 cuniarum
2287 2064 2444 2131 igitur
2473 2064 2657 2132 rapina
2690 2064 2919 2134 idipsum
2953 2066 3270 2135 cogitemus.
3292 2065 3422 2120 Nam
3455 2070 3597 2136 quod

1981 2152 2174 2207 furenti
2207 2155 2412 2223 gladius
2457 2164 2568 2222 est,
2601 2155 2652 2210 id
2684 2171 2848 2210 avaro
2879 2157 3078 2210 divitia:
3124 2169 3247 2211 sunt
3274 2175 3287 2221 ;
3333 2159 3440 2211 imo
3481 2175 3597 2229 pcr-

1979 2247 2313 2300 nicinsiores.
2346 2247 2477 2300 Nam
2508 2249 2597 2317 qui
2632 2247 2754 2302 furit
2782 2292 2795 2314 ,
2827 2258 2881 2302 et
2911 2264 3032 2304 sese
3082 2248 3262 2318 gladio
3318 2253 3556 2306 confodit
3581 2295 3594 2316 ,

1974 2342 2084 2411 jam
2120 2359 2147 2394 a
2180 2344 2356 2396 furore
2396 2343 2654 2396 liberatus
2700 2354 2782 2401 est
2807 2386 2820 2409 ,
2854 2358 3029 2413 neque
3075 2344 3370 2398 secundum
3403 2331 3593 2414 accipi

1981 2437 2177 2489 vulnus
2209 2450 2442 2490 :avarus
2481 2451 2607 2489 vero
2647 2437 2926 2489 innumera
2973 2435 3214 2505 quotidie
3257 2444 3309 2489 et
3349 2437 3592 2505 graviora

1979 2529 2172 2596 accipit
2201 2529 2441 2591 vulnera,
2482 2542 2588 2581 non
2621 2540 2741 2580 sese
2764 2526 2831 2579 ab
2863 2525 2963 2580 hac
2992 2526 3196 2580 insania
3226 2528 3481 2593 edocens,
3501 2529 3592 2583 sed

1979 2623 2148 2690 magis
2175 2635 2376 2690 angens
2406 2621 2456 2673 in
2484 2620 2602 2675 dies
2631 2637 2642 2674 :
2677 2630 2730 2673 et
2757 2629 2956 2688 quanto
2987 2621 3136 2689 plura
3169 2622 3440 2690 acceperit
3472 2623 3593 2676 vul-

1979 2730 2104 2766 nera
2135 2755 2149 2777 ,
2187 2723 2332 2766 tanto
2363 2713 2531 2782 magis
2569 2713 2908 2766 occasionem
2942 2713 3149 2782 pravbet
3176 2713 3344 2782 plagis
3373 2712 3593 2784 majori-

1980 2803 2098 2856 bus.
2130 2802 2255 2857 llmc
2295 2818 2425 2872 ergo
2452 2806 2748 2873 cogitantes
2769 2847 2783 2868 ,
2819 2802 3084 2874 fugiamus
3135 2806 3274 2859 hunc
3316 2807 3552 2874 gladium
3578 2847 3593 2870 ,

1980 2894 2117 2949 banc
2157 2895 2438 2958 insaniam,
2466 2907 2520 2949 et
2555 2911 2677 2950 sero
2708 2886 2922 2950 tandem
2958 2895 3258 2967 vigilemus.
3291 2897 3423 2951 Nam
3457 2897 3594 2954 hanc

1975 2997 2123 3041 certe
2155 2987 2401 3040 virtutem
2442 2987 2826 3042 continentiam
2856 2999 3001 3044 recte
3030 3003 3284 3044 rocenius
3307 3032 3322 3050 .
3355 3006 3460 3044 non
3489 2993 3594 3044 mi-

1979 3095 2079 3132 nus
2121 3095 2278 3149 quam
2328 3079 2469 3133 illam
2521 3097 2640 3150 qua:
2687 3081 2765 3134 sic
2815 3081 3015 3149 passim
3052 3092 3292 3136 vocatur.
3342 3083 3411 3136 lbi
3447 3085 3591 3138 enim

1977 3183 2160 3225 contra
2208 3188 2364 3225 unam
2409 3172 2860 3240 concupiscentia:
2906 3172 3247 3243 tyrannidem
3284 3185 3589 3245 pugnatur.

1978 3263 2062 3316 hic
2089 3278 2216 3317 vero
2233 3263 2427 3316 inultas
2448 3277 2511 3317 ac
2536 3263 2776 3317 diversas
2801 3264 3125 3332 cupiditates
3151 3281 3408 3333 superare
3433 3281 3594 3337 opor-

1978 3365 2071 3410 tet.
2098 3356 2266 3410 Nemo
2293 3357 2458 3420 enim,
2485 3370 2644 3410 nemo
2670 3356 2888 3410 stultior
2916 3371 2984 3411 eo
3015 3357 3103 3426 qui
3131 3357 3440 3412 divitiarum
3474 3374 3591 3414 scr-

1977 3463 2074 3501 vus
2102 3457 2203 3502 est.
2247 3448 2517 3518 Imperare
2559 3447 2660 3503 sibi
2709 3447 2961 3514 videtur,
3009 3449 3139 3503 dum
3181 3449 3427 3504 subditus
3462 3462 3588 3517 est;

1977 3542 2240 3595 dominari
2272 3541 2486 3594 videtur
2511 3583 2524 3607 ,
2558 3557 2680 3595 cum
2730 3542 2800 3595 sit
2845 3556 3070 3606 servus;
3105 3541 3232 3594 dum
3263 3556 3322 3596 se
3366 3543 3591 3600 vinetilis

1976 3633 2322 3703 constringit,
2373 3632 2603 3703 gaudet;
2635 3649 2756 3688 cum
2800 3633 3066 3688 acriorem
3119 3634 3285 3688 feram
3329 3634 3587 3700 reddidit,

1979 3727 2226 3788 laetatur;
2260 3740 2381 3778 cum
2414 3726 2661 3792 captivus
2688 3724 2920 3790 ducitur,
2954 3724 3309 3788 exsultauac
3341 3726 3469 3780 dum
3517 3730 3592 3780 vi-

1977 3817 2065 3870 det
2115 3831 2302 3870 canem
2356 3817 2600 3869 rabidum
2652 3817 2704 3868 in
2752 3816 2984 3869 animam
3031 3831 3180 3868 suam
3227 3817 3583 3879 insilientem,

1977 3927 2098 3965 cum
2130 3920 2404 3978 oporteret
2429 3909 2574 3963 illum
2604 3910 2769 3980 ligare
2786 3920 2836 3965 et
2861 3908 3000 3964 fame
3023 3911 3287 3977 cruciare,
3317 3911 3413 3980 ipsi
3444 3912 3590 3981 large

1977 4002 2153 4057 cibum
2180 4002 2506 4070 suppeditat,
2541 4010 2597 4054 ut
2626 4001 2998 4055 vehementius
3043 4002 3242 4055 insiliat
3283 4015 3334 4056 et
3361 4003 3591 4057 ferocior

1978 4098 2066 4150 sit.
2096 4095 2220 4149 llaec
2251 4095 2430 4163 itaque
2472 4093 2651 4147 omnia
2684 4093 3006 4163 cogitantes,
3038 4093 3248 4147 vincula
3291 4096 3588 4158 solvamus,

1980 4186 2146 4242 feram
2177 4184 2508 4247 occidamus,
2534 4184 2779 4237 morbmn
2817 4183 3079 4252 pellamus
3106 4227 3118 4245 ,
3158 4185 3398 4239 furorem
3449 4186 3590 4240 hunc

1979 4279 2278 4349 ejiciamus,
2314 4288 2370 4330 ut
2416 4276 2796 4345 tranquillitate
2837 4286 2890 4328 et
2936 4292 3065 4344 pura
3110 4277 3416 4332 valetudine
3446 4279 3586 4332 frua-

1982 4388 2119 4436 tunr,
2149 4380 2356 4425 etcum
2403 4370 2566 4422 multa
2611 4368 2883 4436 voluptate
2924 4366 2989 4419 ad
3033 4367 3372 4436 tranquillum
3404 4369 3590 4437 appel-

1983 4464 2152 4516 lentes
2183 4473 2415 4531 portum,
2436 4471 2635 4514 :rtcrua
2664 4461 2798 4513 bona
2827 4461 3188 4527 adipiscamur
3209 4479 3222 4513 :
3245 4478 3363 4529 qua:
3389 4463 3596 4516 utinam

1981 4569 2166 4609 Otum-5
2195 4569 2565 4623 assequamur,
2596 4552 2764 4620 gratia
2798 4561 2848 4605 et
2885 4553 3211 4620 benignitate
3247 4553 3454 4606 Domini
3499 4571 3589 4608 no-

1981 4646 2214 4701 striJesu
2239 4646 2454 4707 L‘Iiristi,
2481 4645 2564 4697 cui
2597 4644 2760 4712 gloria
2791 4653 2845 4696 et
2873 4642 3336 4710 imperium,nunc
3363 4655 3414 4698 et
3445 4661 3588 4700 sem-

1984 4756 2097 4810 per,
2121 4749 2173 4793 et
2197 4739 2248 4791 in
2275 4737 2466 4790 sa2cu|a
2494 4735 2833 4790 saeculorum.
2860 4737 3050 4787 Amen.

1501 4966 1846 5032 HOMILIA
1893 4975 2024 5035 ιιι.
2083 4973 2169 5034 al.
2212 4970 2372 5031 Llll.

269 5100 396 5154 Car.
427 5104 508 5157 15.
537 5121 584 5157 v.
609 5104 668 5157 2|
687 5145 698 5157 .
728 5104 789 5157 Et
815 5123 1042 5176 egressus
1078 5112 1194 5164 inde
1214 5112 1386 5176 Jesus,
1411 5119 1608 5172 secessit
1631 5121 1682 5172 in
1706 5131 1874 5189 partes

341 5193 464 5261 Tyri
492 5207 534 5247 et
565 5198 767 5252 Sidonis
815 5200 902 5254 2‘2.
931 5201 998 5254 Et
1024 5221 1134 5256 erce
1155 5208 1335 5260 mulier
1357 5210 1647 5264 (.lianana'a
1672 5229 1872 5284 egressa

341 5302 405 5338 ex
433 5291 614 5352 [imbus
650 5292 776 5355 suis,
818 5293 1053 5347 clamavit
1094 5298 1265 5352 dicens
1305 5302 1349 5353 ei
1394 5318 1411 5354 :
1457 5301 1696 5358 Miserere
1736 5308 1866 5371 mei.

341 5373 555 5430 Domine
575 5380 651 5444 ﬁli
678 5379 875 5446 David;
899 5385 1005 5448 ﬁlia
1029 5403 1138 5439 mea
1160 5389 1291 5440 male
1311 5391 1614 5446 trdtttuouio
1637 5409 1866 5452 vexatur.

341 5467 390 5520 l.
422 5465 524 5520 Cur
546 5469 775 5525 Christus
813 5486 980 5542 gentes
1017 5477 1162 5530 adiit.
1192 5509 1259 5518 —-
1295 5480 1505 5536 Marcus
1549 5496 1728 5538 autem
1772 5488 1868 5552 ait,

268 5557 440 5627 ipsum
474 5561 638 5618 latere
671 5582 772 5618 non
808 5569 1078 5635 potuisse;
1111 5587 1230 5626 cum
1271 5573 1322 5626 in
1370 5575 1587 5629 domum
1636 5579 1869 5633 venisset

267 5649 466 5721 (Marc.
501 5656 554 5711 7.
595 5657 716 5726 24).
760 5659 867 5713 Cur
896 5673 1071 5715 autem
1116 5664 1166 5716 in
1208 5675 1386 5734 partes
1433 5669 1547 5722 illas
1594 5670 1868 5740 proiectus

270 5753 382 5802 esti
420 5748 642 5816 Quando
676 5752 917 5806 liberavit
949 5770 1040 5807 cos
1070 5756 1136 5808 ab
1166 5758 1538 5814 observatione
1579 5763 1820 5815 ciborum
1844 5804 1858 5825 ,

272 5849 394 5894 ltnic
421 5841 606 5894 eadem
641 5843 720 5892 via
753 5859 1082 5913 progressus,
1118 5848 1364 5914 gentibus
1395 5866 1603 5920 quoque
1647 5852 1862 5917 ianuam

596 5945 866 6003 ΡΑΥιιυι-.
919 5949 1034 6003 (in.
1095 5949 1304 6007 l.\'lll.

1968 5111 2179 5182 aperit:
2207 5106 2661 5179 quemadmodum
2693 5117 2749 5160 et
2788 5103 3000 5163 Petrus.
3052 5117 3174 5156 cum
3226 5102 3458 5170 primum
3486 5101 3570 5170 ju-

1971 5206 2130 5260 bclur
2183 5202 2322 5256 banc
2368 5200 2541 5269 legem
2587 5199 2820 5261 solvere,
2876 5195 3105 5250 mittitur
3152 5192 3217 5248 ad
3265 5190 3575 5250 Cornelium

1972 5297 2112 5366 (Aet.
2150 5295 2260 5359 10).
2295 5292 2349 5346 Si
2389 5293 2510 5360 quis
2544 5304 2674 5345 vero
2722 5289 2940 5352 dixerit,
2969 5286 3079 5340 Cur
3125 5297 3254 5355 ergo
3296 5284 3386 5356 qui
3417 5283 3580 5369 discl-

1971 5388 2118 5457 |~Jlis
2143 5387 2294 5447 dicit,
2319 5385 2382 5436 In
2407 5385 2539 5436 vium
2560 5381 2784 5453 gentium
2803 5396 2868 5434 ne
2894 5378 3119 5432 abieritis
3138 5376 3357 5446 (Matth.
3383 5375 3469 5431 l0.
3495 5375 3576 5445 5),

1974 5479 2113 5534 banc
2155 5479 2272 5546 ipse
2320 5476 2460 5528 viam
2489 5472 2640 5527 adit?
2669 5472 2843 5554 primo
2869 5469 3089 5542 quidem
3121 5468 3248 5522 illud
3282 5466 3576 5537 responde-

1973 5569 2170 5631 bimus,
2226 5583 2331 5620 non
2381 5566 2699 5620 adstrictum
2748 5563 2898 5617 illum
2939 5561 3008 5615 iis
3055 5559 3334 5614 servandis
3389 5557 3582 5613 fuisse.

1973 5678 2091 5731 quae
2118 5660 2399 5730 discipulis
2431 5658 2717 5727 pra-cepit;
2748 5653 3012 5721 secundo,
3040 5653 3186 5710 illum
3212 5666 3318 5705 non
3348 5661 3406 5706 ut
3436 5665 3579 5717 prro-

1971 5758 2273 5811 dicaturum
2304 5755 2397 5807 illo
2425 5752 2648 5814 abiisse;
2680 5749 2818 5822 quod
2845 5747 3192 5803 subindicans
3208 5744 3414 5799 Marcus
3428 5741 3582 5795 dice-

1975 5851 2082 5916 bat,
2104 5849 2224 5918 quia
2244 5846 2533 5902 occultavit
2565 5844 2801 5914 seipsum
2818 5850 2872 5898 et
2898 5857 3003 5895 non
3027 5842 3193 5894 lati-re
3213 5837 3403 5908 pottiit.
3423 5832 3577 5888 Sicut

3227 5957 3264 6016 ι
