4046 6430
504 414 616 470 iiii)

512 526 652 582 enim
680 537 852 583 rerum
881 518 1257 586 consequentia
1290 514 1618 585 postulabat,
1662 522 1714 564 ut
1759 526 1823 565 ne
1863 509 1926 562 ad
1971 509 2088 564 illos

513 619 710 687 primos
729 619 1031 667 accurrerct
1060 627 1074 663 :
1101 610 1176 662 sic
1198 607 1514 661 accedentes
1538 603 1793 671 repellere
1819 600 2088 670 indignum

510 717 625 763 erat
653 705 794 761 illius
822 702 1164 773 benignitate.
1191 698 1320 754 Nam
1344 700 1388 753 si
1419 697 1677 768 fugientes
1702 693 1904 763 insequi
1931 707 2089 761 opor-

512 799 688 864 tebat,
713 780 901 852 'multo
930 795 1096 863 magis
1123 792 1463 860 insequentes
1506 789 1683 856 lugere
1713 801 1818 838 non
1847 785 2084 838 decebat.

513 892 642 947 Vide
669 891 828 960 igitur
852 885 1118 958 quomodo
1142 886 1284 939 omni
1317 883 1574 938 beneﬁcio
1598 880 1751 948 digna
1781 878 1848 931 sit
1874 877 2082 930 mulier.

509 982 689 1053 Neque
718 981 858 1036 enim
887 992 1012 1033 ausa
1044 987 1124 1032 est
1154 976 1336 1030 veniic
1369 971 1752 1042 .lerosolymam
1772 1009 1786 1032 ,
1818 967 2008 1020 timens
2032 975 2085 1020 et

1252 404 1306 456 s.
1349 399 1619 456 JO.\.\'NIS
1642 393 2108 453 CllllYSOSTOMI
2152 394 2466 452 ARClllEP.
2506 373 3031 481 CQNSTANTINUP.
3673 400 3794 457 δίο

2200 508 2341 564 item.
2378 510 2578 582 Ecquid
2619 511 2766 578 dico,
2799 529 2861 567 ex
2893 513 3264 567 audientibus?
3293 514 3423 568 Nam
3454 527 3580 584 puto
3613 517 3757 571 disci

2197 602 2343 668 pulos
2367 601 2589 672 ipensdc
2612 603 2909 657 calamitate
2931 604 3166 657 mulieris
3194 603 3411 658 allectos
3436 607 3795 672 turbato-quc

2193 688 2373 745 fuisse.
2404 691 2582 759 Neque
2612 702 2817 756 tamen,
2852 693 3046 746 turbati
3077 695 3192 747 licet
3218 735 3231 756 ,
3262 694 3440 748 dicere
3469 695 3580 746 ausi
3613 707 3738 748 sum
3771 709 3787 744 :

2195 780 2339 835 Hanc
2379 781 2453 835 illi
2495 785 2726 836 concede
2753 783 2975 852 gratiam
3019 800 3032 836 :
3074 784 3164 838 sud
3207 785 3502 839 Accedentes
3539 787 3797 852 discipuli

2189 872 2429 940 rogabant
2453 888 2563 923 eum
2594 873 2810 926 dicentes
2833 889 2851 926 :
2879 871 3089 926 Dimitte
3119 873 3279 938 illam,
3309 875 3425 942 quia
3453 874 3641 927 clamat
3667 886 3798 943 post

2187 977 2296 1013 nos.
2327 959 2434 1014 Nos
2463 964 2604 1015 enim
2635 978 2756 1014 rum
2786 964 3029 1017 volumus
3055 964 3248 1031 aliquid
3277 967 3537 1028 suadere,
3565 973 3791 1018 contm-

2188 1050 2265 1102 ria
2306 1063 2448 1119 sirpe
2485 1051 2711 1106 dicimus
2745 1070 2756 1102 :
2789 1052 3031 1107 Christus
3059 1068 3186 1106 vero
3216 1056 3288 1106 ait
3318 1070 3329 1106 :
3358 1053 3444 1108 ει.
3497 1053 3616 1107 Non
3664 1068 3788 1107 sum

507 1089 565 1128 se
601 1088 659 1127 re.
700 1071 788 1126 illa
831 1070 1095 1140 indignam
1133 1074 1404 1133 reputans.
1443 1062 1551 1118 Nisi
1579 1059 1718 1114 enim
1751 1059 1848 1112 hoc
1869 1057 2082 1111 detenta

475 1154 478 1157 ’
511 1173 654 1218 metu
684 1162 897 1225 luisset,
939 1167 1156 1212 ventura
1187 1156 1277 1210 illo
1300 1163 1445 1217 erat,
1478 1161 1534 1206 ut
1560 1166 1624 1204 ex
1651 1145 1898 1220 praesenti
1927 1145 2085 1199 vehe-

510 1254 702 1309 mentia
730 1252 913 1322 liquet,
936 1257 991 1303 et
1011 1264 1076 1303 ex
1099 1262 1162 1301 eo
1188 1243 1328 1314 quod
1355 1244 1487 1298 lines
1513 1255 1637 1295 suos
1661 1251 1872 1309 egressa
1904 1236 2078 1289 fuerit.

507 1342 729 1410 Quidam
749 1357 872 1396 vero
891 1339 1003 1394 iure
1019 1337 1304 1404 allegorice
1315 1333 1639 1402 explicantes
1653 1329 1852 1393 dicunt,
1869 1326 2080 1396 quando

509 1455 570 1494 ex
600 1436 779 1493 Judzra
810 1446 1054 1504 egressus
1072 1421 1162 1485 est
1188 1428 1444 1490 Christus,
1480 1434 1603 1478 tunc
1641 1422 1707 1476 ad
1749 1422 1893 1475 illum
1925 1434 2079 1473 acce-

507 1531 633 1584 dere
659 1541 838 1581 ausam
867 1539 986 1579 esse
1015 1520 1344 1583 Ecclesium,
1379 1532 1498 1585 qua!
1534 1525 1588 1568 et
1631 1515 1740 1582 ipsa
1781 1527 1844 1565 ex
1891 1511 2080 1564 linilms

509 1618 617 1674 tuis
640 1630 849 1688 egressa
878 1622 985 1676 est;
1017 1611 1090 1666 ait
1110 1611 1250 1665 enim
1283 1627 1293 1659 :
1322 1607 1620 1661 Oblivisccre
1647 1603 1891 1673 pupulum
1917 1613 2074 1661 tuum,

507 1723 552 1766 et
580 1711 783 1765 domum
811 1709 969 1778 patris
996 1705 1068 1758 tui
1094 1703 1111 1770 (
1135 1701 1277 1756 Psal.
1307 1701 1396 1756 ιι.
1427 1701 1488 1754 ll
1511 1696 1551 1771 ).
1589 1697 1719 1751 Nam
1747 1695 1990 1751 Christus
2013 1709 2077 1748 ex

510 1801 699 1855 tinihus
715 1799 824 1852 suis
844 1795 1097 1860 excessit,
1123 1802 1176 1847 et
1200 1792 1616 1858 mulierquoque
1635 1803 1700 1844 ex
1725 1786 1915 1841 llnibus
1934 1785 2043 1840 suis
2063 1801 2089 1836 :-

506 1901 559 1947 ct
582 1891 662 1946 sic
693 1882 976 1958 potuerunt
1002 1901 1100 1939 una
1128 1884 1376 1953 colloqui.
1404 1879 1535 1934 Ecce
1562 1879 1733 1943 enim,
1765 1878 1870 1939 ait,
1903 1873 2080 1928 mulier

502 1983 794 2038 Chanamea
826 1994 1024 2051 egressa
1063 1993 1124 2030 ex
1161 1975 1345 2043 ﬁnibus
1383 1974 1506 2026 suis.
1539 1974 1764 2024 Accusat
1805 1967 2077 2021 mulierem

507 2075 856 2145 evangelista,
886 2083 940 2124 ut
965 2068 1208 2125 o.-teudat
1243 2064 1586 2126 miraculum,
1618 2061 1887 2131 ipsamque
1912 2057 2078 2126 magis

509 2166 774 2236 pradicet.
806 2161 1012 2216 Etenim
1043 2174 1162 2212 cum
1200 2155 1350 2210 audis
1377 2154 1755 2215 Chanameam,
1798 2147 2079 2201 recordare

506 2257 736 2329 gentiun;
770 2255 976 2309 illarum
1005 2253 1299 2320 iniquarum
1320 2288 1335 2310 ,
1375 2262 1491 2316 qua:
1518 2245 1674 2297 etiam
1709 2242 1852 2311 leges
1879 2249 2078 2294 natura:

507 2369 536 2407 a
575 2349 930 2406 fundamentis
957 2351 1276 2406 everterant.
1319 2340 1532 2395 Illorum
1571 2352 1698 2391 vero
1736 2334 2078 2399 recordatus,

506 2443 676 2514 Cogita
698 2441 802 2494 vim
825 2438 1017 2494 Christi
1046 2436 1321 2490 adventus.
1351 2431 1450 2497 Qui
1477 2430 1616 2484 enim
1645 2427 1798 2497 ejecti
1827 2437 1981 2491 sunt,
2013 2441 2080 2480 ne

505 2532 717 2589 ludzeos
743 2536 1107 2602 pervertercnt
1126 2567 1140 2588 ,
1175 2526 1227 2579 lii
1257 2523 1390 2578 adeo
1421 2521 1619 2577 Juda'is
1647 2519 1928 2574 meliores'
1963 2515 2071 2571 lue-

507 2635 717 2691 runt,ut
734 2624 888 2678 etiam
911 2637 975 2675 ex
1002 2619 1192 2674 finibus
1212 2618 1323 2672 suis
1343 2614 1538 2684 egressi
1563 2610 1826 2665 tlhristum
1851 2608 2074 2671 adirent,

507 2718 632 2772 dum
662 2712 828 2770 ,ιιιὰςυί
859 2713 1004 2766 illum
1035 2709 1100 2762 ad
1128 2723 1184 2762 se
1214 2707 1511 2759 venientem
1541 2703 1879 2770 repellerent.
1908 2701 2077 2774 Acce-

507 2809 638 2864 dens
673 2821 800 2876 ergo
841 2804 968 2858 nihil
1011 2801 1150 2855 aliud
1196 2799 1357 2864 dixit,
1404 2796 1536 2856 nisi,
1585 2793 1822 2847 Miserere
1857 2790 1986 2854 mei,
2027 2797 2081 2843 et

505 2899 738 2957 clamore
765 2911 861 2952 suo
889 2907 1133 2964 magnum
1167 2891 1426 2944 theatrum
1455 2894 1730 2942 convocat.
1771 2882 1896 2937 Erat
1937 2883 2076 2937 enim

508 2989 804 3047 miserabile
834 2986 1226 3057 spectaculum,
1269 2981 1544 3036 mulierem
1577 2992 1798 3032 cernere
1836 2990 1954 3031 cum
1996 2974 2075 3027 al-

511 3085 646 3142 lecto
678 3092 824 3138 tanto
851 3083 1198 3139 clamantem,
1226 3085 1280 3130 et
1304 3073 1577 3128 mulierem
1608 3078 1827 3123 matrem
1857 3082 1952 3137 pro
1975 3066 2076 3120 lilia

507 3179 888 3248 supplicantem
930 3172 1136 3232 videre.
1177 3185 1275 3239 pro
1314 3167 1454 3232 lilia,
1506 3166 1750 3234 inquam,
1797 3173 1900 3217 tam
1944 3161 2079 3215 male

505 3267 714 3324 uirecta.
743 3265 923 3336 Neque
952 3266 1090 3318 enim
1119 3276 1246 3316 ausa
1274 3259 1369 3313 fuit
1399 3260 1452 3312 in
1478 3257 1708 3326 Magistri
1738 3265 2078 3324 conspectum

506 3360 884 3416 da’moniacam
923 3355 1226 3411 adducere:
1258 3351 1350 3406 sed
1393 3350 1481 3405 illa
1520 3348 1662 3402 domi
1705 3349 1920 3411 relicta,
1968 3346 2076 3413 ipsa

507 3468 566 3509 se
592 3451 881 3521 supplicem
900 3447 1063 3512 sistit,
1088 3444 1434 3511 morhtunque
1456 3449 1654 3501 tantum
1676 3445 2075 3498 commemorat,

507 3544 636 3599 nihil
662 3541 889 3612 amplius
915 3538 1197 3607 adjiciens;
1245 3547 1414 3603 neque
1454 3531 1712 3586 medicum
1750 3529 1963 3582 dornum
1997 3535 2078 3580 at-

510 3635 700 3699 trahit,
743 3634 878 3686 sicut
914 3628 1123 3699 regulus
1161 3626 1281 3686 ille.
1320 3623 1406 3693 qui
1436 3621 1641 3676 dicebat
1679 3637 1691 3672 :
1735 3617 1857 3673 Veni
1898 3627 1944 3673 et
1983 3619 2079 3668 im-

509 3743 638 3795 pone
666 3739 872 3778 manuus
903 3730 1069 3784 tuam,
1113 3727 1158 3772 et
1185 3708 1427 3770 descende
1453 3722 1716 3780 antequam
1748 3709 1987 3762 moriatur
2015 3709 2078 3775 [i-

509 3819 607 3873 lius
632 3833 767 3871 meus
797 3813 986 3886 (Joan.
1017 3811 1069 3864 ι.
1093 3807 1200 3883 49)
1230 3827 1243 3861 :
1266 3805 1359 3862 sed
1385 3803 1680 3860 calamitate
1699 3815 1790 3855 Sua
1819 3799 2078 3868 exposita,

509 3921 561 3967 et
589 3909 754 3964 morbi
787 3901 1178 3976 magnitudine,
1210 3895 1624 3954 miscricordiam
1659 3890 1863 3946 Domini
1893 3903 2082 3958 magno

511 4002 741 4056 clamore
785 3997 1029 4066 lmplorat
1074 4009 1086 4046 :
1137 4006 1234 4047 nec
1264 3989 1422 4052 dicit,
1465 3985 1715 4041 Miserere
1758 3982 1876 4035 lilia:
1914 3994 2079 4042 mea»,

511 4093 604 4148 sed
625 4134 643 4156 ,
677 4091 914 4146 Miserere
937 4088 1053 4141 mei.
1086 4085 1177 4139 llla
1205 4084 1400 4153 quippe
1430 4068 1598 4133 morbi
1628 4091 1840 4131 sensum
1883 4074 2082 4128 nullum

515 4181 702 4244 habet;
735 4195 832 4249 ego
859 4191 985 4253 vero
1014 4175 1208 4230 millies
1230 4171 1539 4230 discrucior,
1583 4169 1633 4222 in
1673 4181 1887 4221 sensum
1929 4165 2085 4235 :rgri-

517 4273 710 4328 tudinis
736 4272 911 4328 venio.
949 4278 1003 4324 et
1040 4268 1151 4325 viso
1188 4267 1374 4321 morbo
1414 4263 1647 4318 insanio.
1676 4261 1763 4317 23.
1800 4259 1896 4315 Ille
1923 4268 2086 4313 autem

516 4381 614 4418 non
641 4362 897 4433 respondit
928 4361 971 4413 ei
1000 4359 1218 4413 verbum.
1247 4356 1412 4422 Quam
1446 4370 1636 4407 novum
1669 4352 1768 4408 hoc
1794 4363 1848 4408 et
1878 4351 2083 4405 inaudi-

519 4456 658 4511 tum!
691 4454 902 4508 Judzeos
932 4462 981 4505 et
1022 4450 1254 4520 ingratos
1294 4447 1525 4507 inducit,
1565 4453 1618 4499 ct
1658 4443 2088 4513 blaslihcmanles

521 4554 699 4617 rogat.
747 4554 796 4599 ct
852 4551 1113 4597 tentantes
1156 4554 1260 4592 non
1303 4536 1521 4592 dimittit
1564 4552 1577 4588 :
1621 4533 1753 4586 hanc
1799 4547 1925 4585 vero
1971 4545 2089 4600 qua:

519 4637 583 4690 ad
614 4637 782 4704 ipsum
812 4630 1072 4694 accurrit,
1105 4645 1221 4698 qua:
1260 4637 1406 4697 rogat
1435 4635 1486 4680 et
1513 4624 1770 4693 supplicat
1790 4665 1804 4684 ,
1837 4637 1954 4690 qua:
1993 4635 2089 4673 nec

522 4728 574 4779 in
606 4726 718 4795 lege
749 4741 845 4779 nec
876 4724 927 4777 in
959 4719 1229 4791 prophetis
1259 4720 1505 4780 educata,
1551 4722 1746 4766 tantam
1777 4723 1949 4763 tamen
1984 4712 2082 4777 pie-

525 4828 682 4870 tatem
712 4815 946 4878 cahibet,
976 4829 1040 4867 ne
1066 4809 1410 4880 rcSponsione
1434 4805 1641 4876 quidem
1674 4805 1931 4872 dignatur.
1963 4801 2088 4866 Quis

522 4925 625 4961 non
657 4906 890 4961 oll‘ensus
919 4904 1095 4960 luisset
1116 4943 1132 4968 ,
1162 4902 1312 4954 fama:
1340 4898 1502 4968 ipsius
1531 4913 1641 4951 rem
1679 4898 1748 4950 ita
1773 4894 2091 4948 cootrariam

527 4997 747 5052 videns?
777 4994 1064 5049 Audierant
1103 4993 1280 5058 enim,
1323 4991 1490 5059 ipsum
1536 4987 1679 5040 vicos
1718 4985 2093 5038 circumeundo

525 5085 740 5142 morbos
759 5098 946 5140 curare
969 5101 982 5137 ε
1005 5083 1141 5136 hanc
1168 5095 1295 5135 vero
1315 5077 1650 5133 accedentem
1670 5075 1905 5145 llt'p"llll.
1925 5077 2094 5140 Qucnt

523 5196 629 5236 non
669 5180 902 5234 ﬂexisset
943 5174 1156 5229 morbus
1195 5173 1310 5226 talis
1351 5183 1508 5241 atque
1548 5171 1890 5238 supplicatio,
1936 5184 2092 5236 qttattl

526 5252 796 5324 emittebat
820 5283 914 5337 pro
936 5265 1038 5319 lilia
1059 5275 1164 5318 tam
1187 5263 1324 5316 male
1344 5261 1567 5316 allecti?
1589 5261 1764 5329 Neque
1786 5261 1924 5315 enim
1947 5261 2098 5329 quasi

531 5362 686 5429 digna
718 5356 990 5418 beneﬂcio,
1013 5368 1063 5411 et
1094 5355 1242 5425 quasi
1274 5353 1508 5408 debitum
1544 5356 1818 5421 pvstulaus
1842 5352 2089 5413 accessit,

535 5451 626 5507 sed
661 5449 1076 5507 misericordiam
1107 5447 1335 5518 petebat,
1363 5455 1412 5499 ct
1435 5446 1789 5502 calamitatem
1819 5460 1966 5499 suam
1995 5453 2099 5499 tm-

540 5546 655 5614 gicc
699 5541 977 5605 narrabat,
1021 5557 1189 5611 neque
1230 5550 1402 5595 tamen
1446 5542 1791 5611 responsione
1833 5540 2096 5610 dignatur.

541 5635 684 5689 \lulti
727 5636 946 5687 fortasse
985 5650 1046 5686 ex
1080 5633 1412 5688 audientibus
1450 5634 1634 5686 ollcnsi
1675 5644 1794 5686 Sltltl
1829 5650 1839 5683 :
1871 5633 1954 5685 illa
1997 5648 2098 5685 nou

602 5793 614 5820 ¹
643 5790 754 5839 ’dss,
780 5785 1189 5850 plurimihalzent,
1214 5786 1536 5845 s::picn.’iores,
1563 5799 1649 5846 pro
1692 5782 1932 5835 meliores.

2188 1139 2368 1192 missus
2399 1141 2494 1192 nisi
2521 1143 2589 1192 ad
2618 1155 2727 1193 oues
2754 1158 2864 1206 qua:
2889 1143 3138 1208 perierunt
3169 1146 3343 1198 domus
3372 1142 3556 1197 Israel.

2254 1229 2308 1283 2.
2337 1232 2470 1296 Quid
2505 1234 2660 1301 igitur
2689 1234 2916 1287 mulier?
2955 1251 3020 1286 an
3059 1251 3179 1290 cum
3224 1239 3334 1290 haec
3372 1236 3644 1297 audisset,
3689 1244 3774 1289 ta-

2185 1322 2332 1375 cuit?
2351 1338 2415 1375 au
2441 1323 2720 1376 discessit?
2744 1340 2809 1375 au
2831 1326 3060 1377 studium
3084 1335 3137 1378 et
3160 1326 3390 1378 anitnum
3417 1327 3773 1393 compressit?

2182 1411 2429 1475 Minime;
2474 1413 2579 1466 imo
2622 1417 2787 1481 magis
2827 1415 3069 1467 instabat.
3114 1414 3304 1469 Verum
3346 1415 3482 1468 haud
3525 1417 3592 1470 lla
3634 1432 3772 1480 nos;

2181 1504 2272 1558 sed
2305 1520 2422 1557 cum
2455 1505 2714 1572 postulata
2743 1520 2846 1559 non
2873 1507 3226 1574 assequimur,
3254 1507 3558 1561 desistimus
3580 1549 3592 1565 .
3641 1523 3772 1562 cum

2183 1597 2350 1666 magis
2391 1598 2584 1650 instare
2624 1611 2716 1665 par
2754 1608 2912 1649 esset.
2954 1596 3112 1666 Atqui
3156 1612 3312 1666 quem
3345 1613 3449 1650 non
3481 1581 3768 1664 deji-cissct

2180 1686 2378 1748 dictum
2420 1686 2760 1755 hujusniodi?
2788 1686 2961 1756 Ipsum
2993 1687 3257 1740 silentium
3288 1699 3492 1756 poterat
3531 1690 3669 1740 illam
3715 1688 3767 1742 in

2181 1780 2606 1849 desperationem
2635 1780 2931 1849 conjicere;
2972 1780 3246 1848 multoque
3279 1779 3445 1850 magis
3487 1781 3769 1848 rdptmsit)

2185 1871 2323 1925 talis.
2344 1869 2475 1924 Nam
2495 1884 2613 1923 cum
2635 1882 2882 1938 patronos
2905 1884 3029 1921 suos
3055 1883 3236 1923 secum
3261 1869 3522 1937 repulsam
3551 1871 3657 1940 pati
3683 1871 3763 1923 vi-

2181 1960 2683 2030 deret,audiretque,
2701 1976 2810 2014 rem
2831 1958 2943 2013 “Cll
2962 1976 3065 2012 non
3087 1957 3320 2028 posse,in
3335 1959 3769 2028 desperationem

2181 2054 2523 2124 assequendae
2552 2054 2626 2108 rei
2657 2053 2847 2122 conjici
2892 2059 3116 2121 poterat.
3151 2053 3393 2104 Attamen
3435 2066 3539 2103 non
3583 2053 3769 2103 animo

2179 2144 2370 2199 defecit
2397 2145 2618 2209 mulier;
2654 2142 2744 2197 sed
2788 2143 2873 2196 ubi
2907 2141 3056 2204 vidit,
3094 2140 3222 2194 nihil
3246 2150 3492 2207 patronos
3523 2138 3764 2204 efficere,

2181 2251 2278 2289 ceu
2298 2234 2617 2303 impudentia
2642 2232 2921 2287 laudabili‘
2947 2246 3039 2286 usa
3061 2232 3331 2284 est.Antea
3352 2230 3401 2283 in
3417 2240 3767 2300 conspectuin

2180 2327 2361 2379 venire
2391 2339 2492 2378 non
2525 2322 2751 2378 audebat
2791 2339 2803 2374 :
2831 2319 3046 2386 Clamat,
3076 2319 3335 2390 inquiunt,
3361 2329 3470 2388 post
3492 2335 3583 2371 nos
3599 2333 3766 2380 ;cum

2181 2427 2356 2469 autem
2377 2413 2663 2469 verisimile
2691 2413 2974 2471 videretur.
2998 2410 3169 2480 ipsam
3190 2409 3351 2463 animi
3375 2409 3584 2462 dubiam
3615 2418 3765 2462 retro

2182 2519 2472 2568 cessuram,
2499 2515 2622 2558 tunc
2637 2502 2723 2556 illa
2749 2503 2963 2572 propius
2990 2504 3234 2564 accessit,
3261 2511 3311 2553 et
3338 2498 3563 2552 adorans
3584 2497 3717 2552 dixit
3746 2515 3761 2552 :

2179 2597 2267 2653 25.
2301 2595 2534 2658 Domine,
2565 2596 2751 2664 adjutus
2780 2610 2874 2647 me.
2896 2593 3042 2661 Quid,
3060 2591 3161 2646 hoc
3191 2600 3292 2657 Gal,
3317 2605 3352 2646 0
3379 2589 3600 2644 mulier?
3631 2605 3760 2643 num

2182 2688 2433 2756 majorem
2465 2687 2646 2748 habes,
2672 2699 2827 2753 quam
2853 2685 3100 2753 apostoli,
3131 2681 3409 2736 liduciam?
3435 2696 3559 2734 num
3592 2680 3762 2748 majo-

2181 2795 2292 2834 rem
2324 2777 2717 2833 fortitudinem?
2743 2775 3007 2831 Fiduciam
3029 2785 3082 2831 et
3107 2774 3462 2830 fortitudinem
3502 2773 3720 2828 minime
3740 2809 3760 2834 ,

2183 2871 2287 2925 imo
2305 2870 2504 2939 pudore
2519 2868 2811 2931 sutlundor;
2831 2869 2922 2923 sed
2941 2866 3364 2922 inverecundiam
3380 2879 3476 2936 pro
3491 2865 3761 2936 supplica-

2183 2961 2325 3015 tione
2350 2959 2577 3013 adhibco
2607 2975 2620 3011 :
2654 2957 2982 3013 rei-erebitur
3008 2957 3248 3011 liduciam
3275 2971 3466 3011 meatu.
3497 2955 3602 3010 Sed
3630 2954 3762 3026 quid

2181 3053 2318 3107 hoc?
2347 3067 2450 3106 non
2476 3051 2669 3106 audisti
2705 3051 2967 3106 dicentem
2989 3092 3002 3110 .
3037 3048 3156 3104 Non
3193 3065 3306 3104 sunt
3343 3049 3524 3102 missus
3563 3044 3661 3103 nisi
3688 3047 3759 3100 ad

2181 3160 2291 3197 oves
2316 3157 2427 3213 qua:
2455 3143 2704 3212 perierunt
2733 3139 2910 3194 domus
2940 3138 3143 3194 Israel?
3167 3139 3398 3204 Audivi,
3431 3138 3597 3207 inquit
3616 3178 3630 3200 ,
3663 3135 3759 3191 sed

2184 3237 2294 3306 ipse
2323 3236 2572 3290 Dominus
2600 3242 2701 3288 est.
2737 3233 2860 3290 Ideo
2888 3249 2994 3288 non
3021 3234 3259 3288 dicebat.
3290 3231 3394 3294 Ora
3423 3239 3476 3286 et
3501 3244 3756 3300 precare;

2183 3327 2298 3390 sed,
2331 3327 2524 3395 Adjura
2551 3342 2642 3379 me.
2676 3325 2810 3391 Quid
2838 3339 2964 3395 ergo
2989 3321 3266 3379 Christus?
3295 3322 3372 3378 Ne
3399 3323 3513 3377 istis
3539 3321 3757 3391 quidem

2182 3426 2489 3475 contentus.
2521 3415 2899 3470 dubitationem
2931 3415 3104 3480 ausit,
3137 3413 3318 3468 dicens
3348 3431 3360 3465 :
3389 3413 3478 3467 26.
3527 3410 3644 3465 Non
3684 3421 3758 3465 est

2185 3512 2366 3560 bonum
2391 3521 2585 3560 sumere
2609 3521 2786 3575 panem
2812 3505 3031 3574 ﬁliorum
3049 3544 3066 3569 ,
3107 3515 3152 3556 et
3181 3504 3371 3556 mittere
3393 3500 3618 3555 canibus.
3651 3501 3758 3556 Re-

2183 3613 2380 3669 sponso
2416 3598 2584 3667 magis
2627 3611 2782 3666 quam
2823 3597 3032 3652 silentio
3073 3595 3318 3650 nitestitia
3361 3593 3501 3648 illam
3545 3590 3754 3646 allecit.

2183 3690 2296 3745 Jam
2342 3705 2445 3744 non
2486 3690 2552 3742 ad
2589 3689 2750 3742 alium
2798 3702 3009 3743 causam
3051 3686 3333 3747 transfert,
3384 3699 3554 3754 neque
3593 3684 3756 3748 dicit,

2190 3781 2308 3835 Non
2332 3796 2441 3835 sum
2461 3781 2638 3834 missus
2663 3794 2680 3834 :
2703 3778 2795 3833 sed
2817 3788 3012 3848 quanto
3036 3777 3200 3847 magis
3220 3778 3302 3830 illa
3329 3775 3552 3844 petendo
3573 3774 3757 3839 instat,

2189 3884 2332 3927 tanto
2375 3871 2629 3940 majorem
2671 3870 2760 3924 ille
2800 3869 2891 3924 dat
2930 3869 3214 3937 repulsam.
3257 3867 3438 3938 Neque
3474 3866 3584 3935 jam
3632 3881 3761 3920 ores

2188 3973 2337 4019 vocat
2357 3962 2592 4028 Judmos,
2615 3963 2708 4017 sed
2732 3962 2885 4024 ﬁlios,
2911 3961 3074 4029 ipsam
3098 3976 3220 4014 vero
3241 3974 3445 4014 canem.
3474 3959 3607 4024 Quid
3631 3973 3761 4028 ergo

2188 4055 2410 4109 mulier?
2448 4054 2522 4109 Ex
2564 4053 2688 4122 ipsis
2731 4054 2909 4106 verbis
2946 4050 3306 4105 defensionem
3351 4051 3449 4104 sibi
3493 4059 3662 4118 parat.
3704 4049 3758 4104 Si

2189 4149 2334 4201 canis
2371 4161 2526 4210 sum,
2573 4145 2773 4214 inquit,
2819 4160 2921 4198 non
2962 4158 3079 4196 sum
3126 4144 3316 4198 aliena.
3359 4141 3486 4196 lure
3519 4141 3762 4196 Christus

2190 4239 2430 4301 dicebat,
2462 4236 2526 4290 In
2547 4237 2796 4307 judicium
2827 4251 2916 4305 ego
2945 4235 3053 4288 ueni
3095 4232 3283 4302 (Joan.
3324 4233 3376 4287 9.
3417 4232 3541 4302 39).
3573 4231 3764 4285 Mulier

2192 4321 2276 4384 illa
2305 4329 2723 4398 phil050phatur,
2754 4326 3202 4396 persevcrantiam
3244 4336 3292 4378 et
3335 4324 3487 4377 tidem
3519 4335 3763 4392 magnam

2190 4419 2436 4485 exhibet,
2466 4419 2566 4474 ctsi
2591 4417 2922 4473 contumeliis
2951 4414 3134 4469 aﬂ'ecta
3167 4431 3182 4468 :
3215 4413 3380 4470 Judaei
3413 4428 3537 4466 vero
3563 4428 3688 4467 cura
3706 4421 3761 4466 et

2195 4512 2394 4564 honore
2424 4511 2572 4574 culti,
2603 4511 2923 4565 contrariam
2951 4509 3117 4560 vicem
3149 4505 3459 4574 rependunt.
3491 4502 3645 4565 Novi,
3680 4505 3764 4556 itt-

2193 4603 2303 4672 quit
2333 4602 2439 4664 illa,
2460 4602 2632 4656 cibum
2667 4601 2786 4654 ﬁliis
2812 4613 2928 4654 esse
2963 4598 3355 4659 necessarium;
3390 4611 3559 4664 neque
3590 4604 3766 4649 umicn

2194 4710 2311 4763 ego,
2341 4697 2436 4748 etsi
2466 4695 2630 4756 canis,
2663 4692 2846 4760 repelli
2874 4690 3061 4746 debeo.
3094 4689 3225 4743 Nam
3255 4687 3300 4742 si
3330 4687 3475 4741 nefas
3503 4697 3581 4741 est
3607 4686 3765 4756 quid-

2195 4803 2349 4859 quam
2382 4787 2657 4856 accipere,
2688 4783 2769 4838 vel
2797 4797 2826 4834 a
2859 4781 3007 4835 micis
3033 4778 3437 4858 abstinendum;
3479 4777 3560 4830 sin
3588 4777 3767 4831 tantil-

2198 4880 2298 4933 l:im
2341 4888 2542 4948 partem
2592 4875 2785 4927 habere
2825 4872 2976 4934 licet,
3021 4885 3120 4924 nec
3157 4883 3257 4939 ego
3298 4851 3600 4936 prohibeor,
3649 4866 3767 4918 licet

2198 4972 2344 5025 canis
2374 4969 2506 5031 sim;
2541 4966 2631 5021 scd
2661 4965 2778 5018 ideo
2803 4964 3030 5016 maxime
3057 4962 3108 5016 in
3137 4972 3335 5030 partem
3369 4958 3603 5012 vocanda
3630 4971 3768 5010 sum.

2201 5062 2274 5115 Ea
2312 5060 2379 5113 de
2417 5073 2572 5111 causa
2615 5055 2856 5111 Christus
2891 5052 3200 5112 dill'ercbat,
3244 5050 3384 5120 quod
3429 5051 3588 5103 sciret
3630 5049 3695 5102 ill.
3721 5062 3771 5100 in

2200 5152 2313 5205 hinc
2341 5149 2601 5202 dictmam
2631 5160 2769 5207 esse,
2801 5144 2920 5198 ideo
2946 5143 3139 5196 donum
3170 5140 3413 5207 negabat,
3449 5147 3502 5191 ut
3526 5138 3641 5206 ejus
3663 5136 3773 5207 phi~

2201 5241 2496 5311 losophiam
2528 5240 2816 5305 exhiberet.
2849 5236 2956 5290 Nisi
2989 5236 3128 5288 enim
3155 5235 3375 5287 daturus
3405 5231 3584 5286 fuisset
3612 5271 3629 5296 ,
3671 5244 3757 5284 nor

2204 5343 2386 5404 postea
2414 5331 2666 5394 dedisset,
2690 5344 2860 5401 neque
2887 5329 3028 5380 illam
3052 5328 3240 5381 iterum
3269 5325 3612 5394 repressisset
3641 5342 3654 5377 :
3688 5323 3780 5380 sed

2205 5423 2342 5495 quod
2371 5438 2492 5491 erga
2523 5421 2883 5475 centurionem
2912 5415 3037 5471 fecit
3059 5460 3074 5481 ,
3104 5416 3286 5470 dicens
3314 5433 3326 5467 :
3357 5414 3466 5486 Ego
3497 5414 3709 5470 ueniam.
3736 5422 3782 5466 et

2203 5523 2386 5573 curabo
2416 5532 2527 5569 eum
2559 5516 2575 5581 (
2603 5513 2782 5566 Matth.
2813 5511 2864 5565 8.
2896 5509 2996 5582 7);
3031 5518 3085 5562 ut
3123 5510 3238 5576 ejus
3270 5507 3518 5576 pietatem
3546 5509 3779 5559 discere-

2207 5625 2324 5663 mus
2346 5650 2359 5672 ,
2391 5618 2440 5661 et
2471 5606 2772 5660 audiremus
2805 5603 2949 5655 illum
2979 5601 3243 5655 dicentem
3272 5618 3285 5651 :
3319 5597 3434 5652 Non
3466 5615 3572 5653 sum
3591 5597 3780 5667 dignus

2272 5789 2286 5817 ²
2317 5786 2366 5834 In
2407 5781 2693 5833 uncti-ilice
2714 5780 2854 5832 deest
2885 5795 2992 5834 vox.
3016 5776 3266 5831 laudabili.
