4046 6426
310 362 406 420 Sil

311 499 362 539 ut
390 489 541 538 intres
572 481 660 535 sub
691 487 870 531 tortum
913 490 1112 535 meum;
1153 468 1400 541 quodque
1444 466 1494 519 in
1537 464 1736 518 ﬂitxum
1766 472 1874 512 san

309 579 484 648 guinis
509 577 739 644 patiente
764 570 914 628 fecit.
945 566 1053 637 Ego
1074 608 1086 629 ,
1120 563 1315 631 inquit.
1346 560 1461 612 uovi
1489 557 1718 610 virtutem
1745 569 1807 605 ea:
1835 567 1913 604 me

309 686 560 740 egressam
591 665 750 736 (Luc.
785 666 833 717 8.
870 663 936 715 ili
958 663 995 728 ),
1040 667 1098 711 ut
1129 657 1270 710 illius
1303 653 1459 706 fidem
1491 649 1824 740 declararet;
1859 653 1909 698 et

309 739 452 830 quod
481 761 530 812 in
561 756 889 813 Samaritana
914 797 926 818 ,
963 761 1019 805 ιιι
1056 747 1364 804 ostenderet
1393 760 1547 806 eam,
1591 757 1658 794 ne
1697 739 1909 808 quidem

309 854 632 906 confutatam
663 848 920 900 absistere
942 845 960 915 (
979 843 1136 896 Joau.
1170 841 1239 909 ι)
1267 858 1278 893 :
1304 839 1380 891 sic
1406 845 1459 891 et
1486 837 1585 890 hoc
1614 834 1732 888 loco
1764 832 1909 886 facit.

311 945 425 999 Non
457 945 598 998 enini
630 949 829 993 tantam
857 937 1066 990 volebat
1094 931 1331 986 mulieris
1354 931 1601 983 virtutem
1632 927 1818 980 latere.
1843 924 1935 978 At-

310 1037 453 1089 ιιιιίιιι
489 1050 592 1087 non
623 1029 996 1100 exprobrantis
1026 1035 1179 1081 erant
1205 1039 1267 1078 ea
1294 1037 1412 1092 qua:
1440 1021 1670 1084 dicebat,
1700 1019 1789 1073 sed
1817 1017 1913 1070 ad-

315 1128 581 1189 vocantis,
624 1135 675 1178 et
706 1121 974 1177 occultum
1008 1120 1316 1173 theswrnin
1349 1114 1658 1168 revelantis.

383 1216 687 1270 C/mnauazaa
716 1212 841 1281 ﬁdes
879 1219 923 1263 et
960 1205 1419 1262 ltuinilitas.——Tu
1457 1220 1585 1257 vero
1633 1202 1759 1256 mihi
1807 1218 1908 1255 una

311 1324 435 1362 cum
469 1308 571 1362 tide
597 1304 946 1358 humililatcm
975 1315 1188 1371 quoque
1214 1298 1452 1352 mulieris
1475 1295 1768 1365 perpende.
1797 1293 1912 1362 Ipse

314 1412 543 1467 namque
575 1397 710 1450 filios
742 1394 949 1448 vocavit
984 1391 1232 1456 Jndmos;
1267 1389 1380 1443 hzrc
1407 1404 1532 1442 vero
1561 1386 1608 1439 id
1638 1385 1913 1444 nonisatis

315 1490 553 1555 habens,
591 1486 838 1541 dominos
878 1483 1164 1554 appellavit
1208 1499 1219 1533 :
1258 1488 1464 1534 tantum
1508 1476 1706 1541 abfuit,
1751 1486 1809 1530 ut
1847 1475 1913 1530 de

311 1581 484 1633 aliena
512 1578 666 1632 laude
689 1576 898 1630 doleret
921 1593 932 1628 :
960 1575 1048 1628 27.
1083 1573 1281 1626 Etenim
1303 1571 1502 1634 catelli,
1529 1569 1733 1639 inquit,
1760 1567 1914 1621 edunt

313 1673 377 1726 de
418 1673 560 1725 micis
605 1687 718 1739 qua:
760 1670 945 1722 cadunt
995 1670 1057 1720 de
1099 1682 1270 1719 utensa
1311 1664 1632 1717 dominorum
1682 1677 1910 1715 suorum.

317 1764 506 1818 V'iden’
536 1762 872 1833 prudentiam
903 1759 1180 1815 mulieris?
1210 1756 1482 1827 quomodo
1513 1769 1611 1809 nec
1637 1752 1911 1810 contradi-

313 1871 436 1909 cere
466 1855 693 1920 audeat,
724 1867 822 1906 nec
847 1853 1071 1905 aliorum
1104 1849 1244 1903 laudi
1280 1848 1546 1912 invideat,
1591 1861 1690 1900 nec
1714 1856 1906 1900 contu—

316 1944 528 1998 meliam
563 1959 703 2015 a-gre
732 1944 900 1996 ferat?
928 1941 1100 1994 viden’
1129 1938 1618 2008 perseverantiam?
1651 1937 1742 1990 Ille
1763 1935 1910 1999 dicit,

319 2035 439 2088 Non
468 2044 538 2087 est
567 2034 788 2095 bonum;
825 2033 911 2086 illa
939 2031 1247 2100 respondet,
1281 2028 1469 2093 Etiam,
1501 2028 1716 2082 Domine
1745 2043 1762 2080 :
1802 2028 1914 2097 ipse

318 2126 454 2178 filios
486 2135 633 2178 Vocat
658 2125 821 2188 ;'ha:c
848 2123 1094 2176 dominos
1126 2141 1136 2175 :
1167 2122 1278 2190 ipse
1310 2136 1496 2175 canem
1525 2119 1793 2188 appellat;
1825 2120 1913 2174 illa

315 2234 506 2272 canum
558 2234 760 2272 morem
815 2216 1035 2271 addidit.
1094 2215 1278 2269 Vidisti
1330 2215 1468 2269 illius
1519 2214 1916 2269 humilitatem?

317 2296 452 2365 Audi
490 2310 795 2366 Iudaeorum
833 2310 1165 2380 jactantism.
1212 2308 1395 2363 Semen
1444 2307 1660 2362 Abraltw
1701 2325 1912 2374 sumus,

317 2407 583 2476 inquiunt,
628 2415 670 2458 et
712 2406 840 2458 nulli
881 2421 1121 2476 umquam
1151 2403 1477 2467 seruiuimus,
1517 2412 1667 2470 atque
1704 2418 1766 2456 ea:
1808 2400 1917 2456 Deo

317 2502 421 2554 nati
442 2518 615 2556 sumus
638 2499 815 2572 (Joau.
841 2501 893 2555 8.
917 2499 1029 2570 '55).
1057 2498 1162 2554 Sed
1192 2514 1298 2552 non
1322 2498 1394 2550 ita
1421 2496 1646 2562 mulier;
1669 2496 1916 2550 catellum

318 2609 376 2647 se
406 2603 591 2657 vocat,
629 2593 853 2661 illosque
895 2592 1139 2646 dominos
1166 2610 1180 2646 :
1210 2591 1435 2659 ideoque
1465 2589 1570 2643 ﬁlia
1597 2589 1783 2644 eﬁ'ecta
1811 2598 1914 2643 est.

316 2686 454 2751 Quid
478 2701 604 2754 ergo
626 2684 908 2738 Christus?
931 2683 1018 2738 28.
1051 2681 1094 2736 0
1118 2683 1335 2737 mulier!
1361 2699 1544 2752 magna
1563 2693 1636 2735 est
1656 2682 1785 2747 ﬁdes
1807 2691 1914 2734 tua.

319 2778 443 2832 Ideo
487 2793 714 2847 namque
760 2777 1067 2841 differebat,
1102 2787 1154 2830 nt
1189 2778 1238 2830 in
1274 2777 1412 2830 hanc
1441 2792 1626 2831 vocem
1667 2792 1918 2846 erumpe-

320 2883 399 2925 ret
422 2912 437 2935 ,
473 2881 528 2926 ut
551 2872 832 2928 mulierem
861 2883 1164 2927 coronaret.
1194 2871 1312 2925 Fiat
1341 2873 1426 2925 tibi
1454 2873 1580 2924 sicut
1608 2873 1698 2925 ris.
1730 2872 1785 2926 Id
1812 2879 1914 2933 est.

320 2963 455 3017 tides
482 2971 570 3016 tua
603 2965 686 3016 his
717 2963 916 3031 majora
960 2971 1134 3031 potest
1175 2962 1465 3031 perlicere;
1504 2972 1756 3018 caeterum
1797 2960 1919 3016 Fiat

322 3056 408 3109 tibi
434 3058 559 3110 sicut
589 3056 682 3110 vis.
718 3056 842 3110 llzcc
873 3072 970 3109 vox
1001 3055 1175 3110 affinis
1202 3065 1284 3110 est
1315 3056 1423 3120 illi,
1469 3055 1586 3108 Fiat
1627 3056 1808 3110 cadum
1829 3097 1842 3120 ,
1872 3065 1920 3110 et

321 3153 512 3217 factum
538 3157 610 3201 est
641 3148 839 3201 celum.
873 3148 939 3200 Et
963 3159 1145 3202 sanata
1175 3159 1245 3201 est
1283 3149 1392 3216 ﬁlia
1419 3149 1528 3220 ejus
1555 3148 1618 3202 ab
1646 3148 1738 3201 illa
1769 3149 1917 3201 liora.

324 3239 510 3294 Viden‘
535 3256 638 3292 non
667 3255 851 3308 parum
881 3240 1025 3294 illam
1051 3240 1292 3293 intulisse
1315 3239 1380 3292 ad
1409 3239 1741 3308 curationem
1767 3237 1921 3293 ﬁlim?

322 3331 447 3385 Ideo
468 3331 608 3385 enim
633 3346 736 3383 non
759 3331 887 3384 dicit
906 3329 1152 3384 Christus
1172 3373 1185 3393 ,
1217 3331 1446 3386 Sanetur
1471 3330 1574 3384 ﬁlia
1609 3339 1696 3384 tua
1721 3332 1772 3390 ²;
1799 3329 1918 3398 sed,

324 3423 516 3495 "(igua
543 3435 616 3478 est
646 3424 771 3490 ﬁdes
798 3434 885 3476 tua
905 3466 920 3487 ,
953 3425 1044 3490 ﬁat
1071 3425 1160 3476 tibi
1185 3435 1238 3476 ut
1260 3423 1332 3476 uis
1353 3439 1371 3476 :
1393 3433 1453 3478 ut
1479 3422 1672 3487 discas,
1705 3437 1808 3477 non
1837 3437 1923 3477 as-

320 3519 637 3572 sentationis
668 3518 825 3571 verba
859 3516 1021 3570 fuisse
1041 3558 1055 3580 ,
1091 3516 1184 3570 sed
1211 3517 1460 3572 eximiam
1495 3516 1613 3571 fidei
1645 3517 1919 3570 virtutem.

327 3610 631 3678 llerumque
656 3609 870 3663 eventui
901 3618 1203 3662 accuratam
1233 3608 1308 3661 rei
1339 3607 1707 3676 probationem
1740 3616 1794 3662 et
1823 3607 1919 3663 de-

324 3701 763 3756 monstrationem
806 3699 1051 3755 Christus
1080 3699 1314 3770 reliquit.
1350 3699 1545 3754 Sauata
1573 3709 1682 3765 est,
1718 3699 1920 3768 inquit,

323 3795 503 3848 statim
533 3795 640 3846 lilia
666 3793 799 3862 ejus.

399 3888 433 3941 5
486 3887 767 3939 Assiduitas
795 3886 1036 3955 precandi
1066 3895 1256 3954 quanta
1295 3903 1393 3940 res.
1420 3887 1570 3941 —Tu
1603 3902 1728 3942 vero
1752 3887 1926 3941 anim-

326 3979 565 4043 adverte,
599 3977 891 4048 quomodo,
921 3978 1180 4047 apostolis
1222 3979 1489 4047 superatis
1527 3979 1766 4048 nihilque
1799 3993 1928 4048 ope-

330 4071 493 4132 ratis,
529 4071 631 4123 illa
671 4077 843 4123 totum
890 4070 1134 4140 perfecit.
1181 4071 1348 4126 Tanta
1404 4087 1487 4125 res
1517 4083 1598 4126 est
1643 4072 1928 4127 assiduitas

331 4163 674 4233 precationis.
703 4163 834 4217 Nam
876 4179 996 4218 cum
1041 4163 1108 4218 de
1139 4165 1298 4219 rebus
1344 4167 1542 4219 nostris
1574 4167 1782 4236 agitur,
1817 4182 1929 4220 ma-

333 4258 445 4311 vult
490 4273 518 4310 a
570 4257 726 4311 nobis
759 4259 936 4328 potius
967 4259 1141 4326 rogari
1170 4301 1184 4320 ,
1214 4274 1372 4328 quam
1414 4259 1481 4311 ab
1501 4259 1619 4314 aliis
1651 4275 1746 4328 pro
1775 4260 1930 4314 nobis

336 4350 727 4420 precantibus:
772 4365 1098 4419 quamquam
1152 4350 1224 4404 illi
1280 4352 1486 4421 majore
1533 4361 1687 4406 erant
1739 4353 1929 4408 fiducia

336 4444 583 4497 instructi
615 4460 630 4502 ;
661 4443 756 4498 sed
790 4442 906 4497 haec
934 4443 1156 4497 multam
1178 4445 1634 4512 perseverantiam
1665 4444 1926 4500 exhibuit.

337 4537 441 4590 Per
471 4538 675 4590 exitum
712 4546 892 4589 autem
923 4535 1001 4589 rci
1023 4535 1310 4605 discipulis
1333 4537 1486 4604 quasi
1515 4551 1636 4592 sese
1662 4539 1928 4608 purgavit,

336 4626 475 4697 quod
518 4627 849 4694 distulisset,
878 4635 934 4681 et
964 4627 1086 4696 jure
1114 4642 1173 4682 se
1204 4628 1308 4682 illis
1343 4630 1658 4698 rogantibus
1690 4645 1797 4684 non
1839 4647 1932 4684 an-

339 4721 520 4774 nuisse
557 4720 797 4775 ostendit
828 4719 952 4774 :29.
989 4719 1195 4775 Etcum
1223 4723 1484 4777 transisset
1509 4723 1628 4778 inde
1649 4724 1821 4792 Jesus,
1851 4743 1935 4780 ve-

340 4811 417 4863 nit
450 4813 597 4864 setus
630 4825 773 4861 mare
821 4807 1082 4866 Galila'ae.
1136 4805 1202 4859 Et
1251 4811 1537 4860 ascendens
1588 4807 1641 4859 in
1678 4815 1928 4872 montem,

341 4901 548 4954 sedebat
581 4900 671 4952 ibi.
705 4899 792 4954 50.
826 4897 898 4950 Et
929 4907 1260 4951 accesserunt
1291 4897 1360 4950 ad
1385 4913 1502 4950 eum
1542 4897 1708 4950 turba:
1748 4895 1930 4949 multa:

341 4993 589 5046 habentes
639 5008 814 5044 secum
871 4992 1117 5053 claudos,
1166 5005 1361 5052 ca'cos,
1419 4987 1654 5049 debiles,
1700 4998 1929 5045 mutos:

340 5096 386 5137 et
425 5084 756 5151 projeceruut
799 5099 883 5134 eos
936 5093 1054 5133 ante
1099 5081 1251 5149 pedes
1288 5080 1400 5150 ejus
1433 5097 1450 5133 :
1485 5091 1532 5132 et
1581 5081 1786 5132 curavit
1819 5095 1927 5143 eos,

343 5177 422 5229 ita
468 5183 527 5226 ut
569 5172 736 5226 turba:
785 5175 1140 5237 mirarentur,
1182 5173 1304 5224 dum
1348 5171 1577 5224 viderent
1627 5179 1796 5222 mutos
1846 5170 1929 5222 l0-

343 5278 579 5333 queules,
629 5265 821 5318 debiles
851 5281 1028 5328 sanos,
1063 5274 1110 5316 et
1161 5280 1324 5316 cwcos
1365 5263 1594 5316 videntes
1622 5303 1634 5325 ,
1680 5274 1726 5314 et
1769 5261 1930 5332 glori-

345 5363 631 5422 [icaveruut
682 5355 843 5409 Deum
896 5355 1088 5409 lsriel.
1145 5357 1451 5423 Aliquando
1500 5356 1613 5424 ipse
1654 5355 1928 5419 circumit,

346 5449 639 5516 .liquando
693 5448 843 5501 sedet
885 5463 1058 5513 trgi-os
1112 5457 1455 5515 exspectans,
1507 5456 1560 5497 et
1599 5447 1822 5501 claudos
1863 5446 1931 5500 ad

349 5550 582 5592 montem
637 5539 872 5591 adducit.
944 5535 1130 5606 Neque
1183 5553 1325 5590 nunc
1374 5539 1754 5590 vestimentum
1812 5547 1930 5590 tan-

350 5643 516 5700 pnnt,
585 5633 681 5686 sed
723 5628 794 5684 ad
825 5629 1132 5684 sublimiora
1164 5630 1412 5694 adducti,
1460 5630 1819 5700 projiciuntur
1865 5630 1930 5685 ad

413 5815 426 5845 ⁸
462 5812 664 5870 Quidam
692 5811 890 5868 habent,
925 5811 1024 5868 tibi,
1055 5825 1159 5872 pro,
1189 5815 1288 5859 ttta.

1356 345 1420 402 IN
1463 338 1871 400 MAT'I‘lH-il‘ll
1914 336 2142 392 1101111..
2189 337 2293 394 LII.
2339 343 2406 394 al.
2454 339 2584 395 Llll.

3524 336 3626 388 se:

2025 457 2188 525 pedes
2218 455 2355 528 ejus,
2384 457 2763 528 duplicemque
2797 457 2954 510 fidem
2998 471 3148 508 suam
3199 462 3531 510 monstrant.
3576 467 3623 506 et

2021 552 2160 622 quod
2191 552 2365 606 claudi
2399 553 2449 606 in
2481 532 2716 608 inutilem
2749 551 3065 616 ascendant,
3100 560 3152 604 et
3179 549 3322 618 quod
3354 549 3502 602 nullo
3524 548 3628 600 alio

2021 654 2235 714 egeant,
2269 645 2370 698 nisi
2399 653 2602 698 tantum
2653 654 2709 697 ut
2758 643 3108 713 projiciantur
3135 650 3258 694 ante
3297 640 3459 710 pedes
3489 639 3625 706 ejus.

2023 739 2256 809 Eratque
2302 757 2385 795 res
2417 740 2550 793 mira
2580 755 2643 792 ae
2670 737 2934 806 stupenda
2962 779 2976 801 ,
3008 736 3130 790 illos
3161 735 3250 802 qui
3279 733 3629 802 gestabantur

2019 831 2356 886 ambulantes
2387 830 2774 900 nullojnvanle
2803 829 3002 890 videre,
3037 841 3210 881 (κριτος
3242 824 3504 883 videntes.
3535 840 3579 875 ιιι
3603 839 3631 875 ιε

2019 927 2154 980 duce
2185 941 2318 993 opus
2345 924 2627 979 habentes.
2653 923 2785 977 Nam
2817 933 2870 976 et
2902 921 3187 974 multitudo
3215 935 3401 974 eorum
3423 918 3509 985 qui
3539 934 3626 969 cu-

2022 1017 2120 1070 rati
2155 1016 2388 1079 fuerant,
2418 1024 2472 1069 et
2500 1015 2792 1068 curationis
2821 1013 3048 1068 facilitas
3072 1013 3124 1064 in
3148 1022 3421 1080 stuporem
3443 1024 3631 1062 omnis

2019 1108 2271 1178 coojocit.
2313 1108 2494 1163 Viden‘
2521 1107 2796 1178 quomodo
2816 1121 2936 1160 cum
2963 1116 3106 1159 tanta
3136 1105 3478 1158 cunctatione
3511 1119 3628 1156 mu-

2025 1201 2171 1255 lieris
2200 1200 2361 1254 filiam
2387 1200 2680 1263 sanaverit,
2714 1199 2812 1253 hos
2834 1213 2965 1253 vero
2993 1197 3215 1251 statim?
3243 1195 3355 1250 Non
3386 1193 3527 1265 quod
3558 1194 3630 1246 illi

2021 1291 2275 1346 meliores
2297 1301 2504 1358 essent,
2537 1290 2630 1345 sed
2662 1291 2802 1360 quod
2827 1290 2916 1344 illa
2950 1290 3002 1344 in
3028 1288 3132 1344 ﬁde
3157 1288 3473 1344 ferventior.
3507 1286 3632 1340 Ideo

2018 1385 2157 1438 circa
2187 1385 2330 1438 illam
2349 1393 2651 1448 cunctatur,
2672 1391 2728 1437 ut
2750 1382 3206 1454 perseverantiam
3233 1380 3350 1451 ejus
3369 1379 3628 1442 declaret;

2020 1475 2102 1529 his
2133 1477 2312 1530 statim
2341 1475 2543 1532 donum
2562 1476 2786 1546 prmbet,
2813 1487 2866 1530 ut
2897 1475 3298 1532 incredulorum
3323 1473 3630 1528 Judarorum

2019 1583 2112 1623 ora
2178 1570 2454 1634 obstruat,
2521 1584 2844 1639 omnemque
2912 1569 3017 1624 illis
3085 1568 3455 1639 Purgationem
3513 1563 3633 1618 adi-

2021 1672 2150 1716 mat.
2180 1663 2392 1730 Quanto
2431 1663 2572 1718 enim
2621 1661 2824 1730 majora
2873 1662 2991 1731 quis
3032 1660 3290 1716 beneﬁcia
3321 1657 3629 1728 acceperit.

2022 1764 2172 1809 tanto
2201 1753 2388 1823 majori
2422 1754 2687 1824 supplicio
2715 1753 2961 1826 addictus
2985 1763 3068 1807 est
3093 1761 3154 1807 ut
3174 1751 3435 1821 ingratus,
3463 1749 3508 1805 si
3539 1764 3631 1803 ne-

2021 1861 2126 1915 que
2152 1861 2219 1900 ex
2245 1845 2441 1900 collato
2469 1847 2674 1902 honore
2701 1845 2898 1899 melior
2916 1845 2987 1900 sit
3015 1843 3262 1900 effectus.
3289 1842 3522 1913 Ideoque
3543 1838 3628 1894 di-

2022 1940 2156 1992 vites
2186 1938 2356 2006 magis
2398 1955 2555 2007 quam
2609 1953 2872 2007 pauperes
2919 1937 3255 2007 puniuntur,
3307 1938 3350 1988 si
3401 1933 3632 2003 improbi

2021 2032 2162 2095 sint,
2195 2030 2335 2101 quod
2378 2047 2444 2085 ne
2491 2031 2542 2085 in
2593 2046 2770 2085 rerum
2814 2032 2964 2101 copia
2991 2030 3207 2101 quidem
3239 2029 3633 2084 mansuetiores

2023 2121 2243 2178 fuerint.

2097 2214 2439 2286 Eleemosyua
2486 2233 2601 2271 uera
2628 2233 2760 2288 qua.
2798 2248 2871 2258 —
2894 2217 2970 2272 Ne
2995 2218 3122 2273 mihi
3142 2217 3312 2285 dicos,
3348 2217 3467 2272 illos
3491 2216 3632 2271 elec-

2025 2324 2304 2380 mosynam
2334 2309 2568 2364 dedisse.
2603 2309 2734 2364 Nam
2763 2310 2862 2364 nisi
2895 2310 3192 2366 secundum
3227 2309 3508 2364 facultates
3533 2309 3630 2363 de-

2025 2398 2206 2453 derint
2231 2443 2246 2466 ,
2280 2415 2453 2470 neque
2485 2403 2554 2455 ita
2587 2400 2861 2472 eﬁ‘ngient.
2896 2400 3011 2455 Non
3050 2401 3195 2456 enim
3227 2416 3297 2455 ex
3325 2400 3454 2455 doni
3481 2415 3634 2455 men-

2023 2509 2145 2548 sura
2171 2494 2514 2564 eleemosyna
2541 2494 2859 2560 a-stimatur,
2880 2494 2972 2548 sed
3001 2509 3068 2548 ex
3088 2494 3252 2547 animi
3286 2493 3626 2548 liberalitate.

2025 2586 2077 2641 Si
2110 2598 2287 2641 autem
2321 2587 2371 2641 hi
2418 2603 2604 2656 pinnas
2644 2587 2796 2652 dent,
2825 2589 2995 2642 inulto
3026 2589 3195 2660 magis
3239 2589 3330 2659 qui
3363 2589 3646 2658 superlluis

2025 2683 2240 2743 iniriam
2270 2684 2307 2746 ',
2331 2683 2417 2752 qui
2447 2681 2602 2735 trium
2626 2693 2924 2752 quatuorve
2945 2683 3304 2738 tabulatorum
3325 2682 3473 2738 aedes
3498 2698 3631 2737 con.

2023 2786 2258 2841 struunt,
2279 2775 2658 2845 famelicosque
2689 2778 3014 2848 despiciunt,
3035 2777 3384 2847 quiava’ritiie
3416 2776 3634 2844 student

2023 2877 2077 2920 et
2121 2867 2522 2939 eleemosynam
2566 2871 2856 2942 negligant.
2896 2871 2999 2926 Sed
3049 2871 3170 2941 quia
3223 2871 3274 2924 in
3325 2885 3630 2926 sermonem

2025 2958 2090 3011 de
2114 2958 2460 3029 eleemosyna
2492 2961 2780 3017 incidimus
2816 2981 2827 3016 :
2864 2979 2962 3033 age
3011 2963 3329 3018 concionem
3376 2964 3519 3018 illam
3566 2964 3631 3018 de

2027 3049 2381 3117 humanitate,
2412 3067 2570 3120 quam
2601 3061 2724 3107 ante
2755 3054 2990 3108 triduum
3019 3053 3389 3124 imperfectam
3417 3055 3636 3125 reliqui-

2027 3157 2168 3207 mus,
2193 3141 2351 3196 hodie
2375 3159 2736 3197 resumamus.
2771 3145 3092 3200 Meministis
3125 3162 3212 3201 me
3251 3161 3423 3217 nuper
3453 3147 3522 3203 de
3551 3148 3635 3201 ni-

2027 3236 2131 3288 mia
2151 3235 2454 3291 calceorum
2483 3237 2796 3293 curiositate
2820 3237 3144 3294 disseruisse
3173 3281 3187 3306 ,
3221 3239 3288 3294 de
3331 3239 3636 3310 hujusmodi

2028 3341 2221 3396 nempe
2251 3326 2503 3393 vanitate,
2524 3339 2577 3382 et
2604 3327 2672 3383 de
2695 3329 2952 3398 juvenum
2984 3330 3228 3395 mollitie;
3258 3339 3384 3386 tunc
3405 3333 3473 3387 ab
3497 3333 3638 3388 eice-

2029 3434 2252 3490 mosyna
2283 3420 2414 3483 orsi,
2450 3421 2502 3473 in
2536 3420 2663 3475 illud
2715 3421 3019 3476 incidimus.
3057 3422 3133 3477 De
3159 3425 3480 3493 quibusnam
3509 3442 3638 3496 ergo

2032 3523 2158 3566 tunc
2209 3527 2517 3566 sermonem
2567 3514 2897 3570 habuimus?
2946 3515 3187 3570 Diximus
3235 3518 3635 3590 eleemosynain
3719 3550 3724 3567 ι

2031 3618 2152 3659 esse
2182 3616 2377 3669 artem,
2404 3621 2522 3675 qua:
2551 3606 2821 3662 ofﬁcinam
2867 3608 3061 3663 habeat
3097 3610 3149 3663 in
3178 3611 3331 3676 ccelo,
3363 3620 3418 3666 et
3446 3612 3638 3666 docto-

2032 3714 2144 3753 rem
2179 3715 2287 3752 non
2337 3699 2610 3755 hominem
2643 3743 2658 3767 ,
2692 3701 2786 3755 sed
2833 3701 3018 3757 Deum.
3055 3702 3258 3758 Deinde
3289 3715 3595 3773 quwrentes
3623 3747 3638 3768 .

2033 3790 2161 3859 quid
2191 3807 2278 3844 ars
2309 3791 2414 3844 dici
2447 3802 2646 3860 posset,
2679 3793 2804 3862 quid
2835 3808 2995 3850 secus
3019 3836 3034 3861 ,
3068 3795 3120 3849 in
3161 3809 3324 3852 vanas
3364 3798 3641 3867 malasque

2033 3893 2178 3936 artes
2208 3883 2527 3950 incidimus,
2557 3885 2608 3938 in
2641 3885 2836 3955 quibus
2881 3887 2950 3942 de
2979 3888 3286 3944 calceorum
3331 3899 3448 3946 arte
3477 3892 3641 3947 verba

2037 3973 2279 4027 fecimus.
2337 3973 2474 4028 Num
2508 3976 2558 4029 in
2609 3986 2846 4032 mentem
2891 3979 3202 4034 revocatis?
3225 3981 3339 4051 Age
3368 3997 3498 4052 ergo
3525 3999 3644 4052 qua:

2035 4077 2162 4122 tunc
2179 4068 2434 4135 diximus,
2457 4069 2615 4126 hodie
2638 4086 2991 4138 resumamus,
3018 4073 3477 4146 ostendamusque
3502 4077 3645 4132 elee-

2037 4174 2316 4230 mosynam
2351 4173 2522 4216 artem
2571 4177 2692 4218 esse
2733 4172 2788 4218 et
2828 4164 3070 4220 omnium
3113 4167 3311 4220 artium
3362 4169 3643 4238 optimam.

2037 4255 2169 4308 Nam
2197 4255 2239 4308 si
2269 4255 2402 4309 artis
2441 4265 2524 4309 est
2565 4258 2842 4325 proprium
2887 4257 2940 4311 in
2971 4258 3174 4330 aliquid
3208 4259 3340 4315 utile
3369 4260 3644 4328 desinere,

2037 4348 2378 4416 eleemo~yna
2409 4361 2536 4402 vero
2563 4348 2692 4402 nihil
2717 4357 2801 4403 est
2830 4349 3032 4413 utilius,
3059 4351 3229 4422 liquet
3255 4367 3374 4408 eam
3397 4362 3450 4407 et
3474 4364 3645 4408 artem

2038 4452 2160 4491 esse
2191 4447 2243 4490 et
2273 4441 2512 4492 omnium
2551 4441 2746 4494 artium
2797 4443 3320 4508 praestantissimam.
3351 4443 3465 4499 Non
3498 4448 3643 4500 enim

2040 4530 2128 4584 illa
2169 4530 2324 4584 nobis
2367 4532 2578 4587 calceos
2610 4542 2800 4602 parat,
2837 4550 2943 4589 non
2984 4536 3305 4592 vestimenta
3350 4537 3505 4601 texit,
3538 4554 3644 4594 non

2041 4620 2212 4676 luteas
2243 4621 2432 4677 domos
2452 4626 2752 4688 construit:
2787 4625 2880 4681 sed
2913 4628 3078 4682 vitam
3111 4629 3494 4698 sempiternam
3521 4644 3640 4685 con-

2040 4715 2230 4781 ciliat,
2265 4726 2424 4786 atque
2469 4735 2532 4772 ex
2589 4720 2778 4774 mortis
2835 4720 3083 4776 manibus
3136 4738 3238 4777 nos
3286 4723 3479 4792 eripit,
3515 4723 3649 4779 etin

2043 4815 2268 4878 utraque
2295 4809 2402 4863 vita
2432 4809 2742 4880 splendidos
2767 4811 2959 4874 reddit,
2982 4815 3290 4869 mansiones
3314 4815 3468 4872 nobis
3495 4816 3646 4871 eicie-

2043 4909 2154 4954 stes
2180 4901 2482 4955 exmdificat
2524 4913 2580 4956 et
2610 4902 2698 4956 illa
2732 4913 2936 4958 :rterna
2988 4906 3352 4961 tabernacula.
3390 4908 3514 4962 Hau:
3547 4924 3646 4962 non

2047 4991 2183 5044 sinit
2214 4992 2490 5061 lampades
2542 5003 2759 5049 nostras
2802 4998 3108 5066 exstingui,
3144 5015 3246 5053 nec
3272 5015 3391 5053 Cltlll
3421 4999 3646 5056 sordidis

2046 5084 2287 5138 vestibus
2336 5085 2536 5153 nuptiis
2564 5085 2864 5150 interesse;
2901 5088 2993 5142 sed
3049 5091 3183 5144 lavat
3229 5101 3285 5146 et
3316 5092 3435 5145 nive
3463 5093 3642 5146 candi-

2045 5173 2226 5228 diores
2255 5175 2449 5231 reddil.
2485 5177 2546 5231 Si
2574 5179 2706 5231 enim
2740 5181 2928 5249 fuerint
2958 5191 3164 5248 peccata
3196 5193 3359 5236 vestra
3389 5183 3534 5251 quasi
3557 5201 3644 5253 pu-

2049 5267 2265 5329 niceum,
2288 5269 2432 5334 quasi
2463 5269 2623 5322 nivem
2646 5269 2892 5325 dealbabo
2923 5271 2941 5342 (
2976 5270 3105 5325 lsai.
3137 5274 3187 5327 1.
3215 5273 3282 5327 18
3313 5274 3350 5341 ).
3382 5273 3497 5328 Νοιι
3531 5275 3629 5331 sini

2050 5374 2146 5410 nos
2181 5359 2272 5412 illo
2300 5361 2536 5414 incidere
2557 5401 2570 5422 ,
2602 5377 2708 5430 quo
2753 5361 2903 5417 dives
2934 5362 3022 5416 ille
3052 5406 3066 5429 ,
3099 5380 3274 5434 neque
3321 5366 3508 5419 audire
3552 5378 3654 5420 tre-

2049 5451 2272 5506 mendas
2303 5469 2502 5517 voces;
2535 5454 2629 5508 sed
2659 5455 2878 5509 deducit
2913 5457 2965 5509 in
2991 5435 3178 5511 Isinum
3213 5458 3445 5513 Alii-alue
3477 5459 3493 5528 (
3529 5459 3653 5513 Luc.

2052 5547 2118 5601 16
2150 5547 2190 5616 ).
2221 5547 2378 5601 Certe
2408 5558 2552 5602 artes
2588 5550 2880 5603 saeculares
2923 5551 3149 5620 singula
3179 5568 3336 5606 suum
3368 5551 3568 5607 habent
3597 5557 3656 5605 li-

2053 5654 2174 5693 nem
2206 5658 2215 5690 :
2249 5641 2588 5707 agriculturm
2619 5655 2698 5695 νει
2736 5644 2960 5707 nutrire,
2990 5645 3235 5698 textorio:
3257 5646 3408 5712 artis,
3434 5645 3658 5706 vestire;

2119 5825 2134 5856 ⁸
2162 5827 2280 5874 Alit.
2302 5826 2383 5889 qui
2408 5841 2445 5875 ει
2466 5823 2650 5884 ρει-ρέα
2677 5828 2896 5872 rctmcut.
