4046 6436
454 294 565 349 ὗῖἶ

460 410 569 463 imo
594 422 660 462 nc
692 406 904 480 quidem
946 402 1254 478 ltocfaccre
1285 411 1460 473 potest
1506 420 1519 456 :
1562 415 1736 471 neque
1760 398 1905 455 enim
1931 398 2045 452 sola

463 496 659 554 sufﬁcit
688 496 755 552 ad
793 509 886 549 sua
922 495 1076 549 nobis
1098 493 1515 564 suppeditanda.

532 590 585 644 ι.
616 589 761 642 Artes
786 585 1001 658 singula:
1042 586 1157 639 aliis
1200 586 1393 639 artibus
1432 600 1559 653 opus
1590 582 1787 637 Imbent.
1818 581 2049 635 Eleemo-

466 696 608 751 agno
629 674 995 751 praerogatit-c.
1023 708 1092 719 -—-
1118 675 1171 732 Si
1197 676 1275 731 vis
1294 684 1491 737 autem,
1511 672 1885 744 agriculturam
1902 672 2047 774 prius

461 773 826 839 exploremus.
869 767 980 824 Nisi
1031 768 1175 822 cutim
1206 769 1293 822 illa
1334 766 1606 821 ferrariam
1642 773 1812 820 artem
1848 766 2045 817 sociam

464 862 677 929 habeat,
706 877 823 932 qua:
851 860 1079 931 ligonem
1103 900 1117 926 ,
1160 875 1451 923 vomerem,
1493 856 1681 912 falcem
1709 866 1765 911 et
1806 856 2040 917 securim

458 954 673 1026 aliaque
702 954 864 1009 multa
890 952 1212 1024 suppeditet,
1240 953 1472 1018 itemque
1499 949 1766 1009 fabrilem.
1785 965 1902 1018 qua:
1927 961 2047 1003 ara-

460 1058 625 1112 trum,
646 1047 832 1118 jugum
855 1054 911 1102 et
952 1045 1247 1116 plaustrum
1278 1052 1549 1103 cons-trust
1577 1041 1643 1096 ad
1670 1042 1844 1112 spicas
1872 1051 2045 1094 teren-

460 1140 593 1205 das;
624 1148 679 1195 et
701 1138 1016 1204 coriariam,
1046 1151 1165 1206 qua:
1207 1135 1506 1204 corrigias;
1538 1131 2003 1194 architectonicam
2025 1172 2039 1196 ,

459 1248 578 1302 qua:
605 1231 881 1287 arentibus
901 1229 1071 1287 bobus
1091 1227 1378 1292 stabulum,
1404 1224 1650 1296 agricolis
1668 1237 1847 1280 casam
1878 1222 2041 1326 fabriq

462 1335 583 1390 cet;
613 1332 669 1377 et
708 1316 989 1393 lignariam
1010 1362 1026 1386 ,
1052 1334 1172 1391 quae
1213 1318 1354 1389 ligna
1373 1327 1554 1381 secet;
1585 1331 1647 1370 ac
1674 1324 1930 1386 praeterea
1958 1316 2042 1383 pi-

465 1416 710 1482 storiam,
740 1430 857 1486 qua:
902 1427 1092 1485 panem
1115 1411 1483 1468 subministrat
1514 1426 1529 1463 :
1560 1418 1702 1463 stare
1727 1408 1908 1477 nequit
1927 1421 2043 1462 om-

462 1508 610 1563 nino.
641 1508 730 1562 Sic
755 1506 915 1561 etiam
944 1520 1032 1560 ars
1055 1502 1300 1568 textoria,
1327 1502 1371 1555 si
1393 1499 1517 1571 quid
1546 1499 1721 1564 faciat,
1740 1498 1935 1553 multas
1948 1498 2044 1551 ad-

464 1609 617 1656 vocat
641 1606 807 1663 artes,
837 1612 958 1665 quae
997 1610 1155 1666 opem
1183 1594 1390 1656 ferant;
1418 1607 1536 1662 qua:
1561 1592 1605 1646 si
1634 1605 1737 1645 non
1764 1588 2038 1656 accedant,

464 1699 571 1743 stat
594 1690 680 1744 illa
711 1669 932 1744 inutilis.
978 1684 1070 1741 Sic
1110 1682 1333 1755 singulae
1362 1691 1507 1737 artes
1530 1683 1742 1737 caeteris
1776 1688 1955 1750 egent.
1983 1678 2039 1735 Si

466 1798 593 1837 vero
634 1758 1055 1836 misericordiam
1086 1791 1343 1833 exercere
1372 1773 1597 1829 velimus
1618 1813 1633 1840 ,
1678 1788 1781 1828 una
1823 1784 2041 1843 egemus

461 1877 754 1931 vcluntate.
777 1873 831 1929 Si
858 1872 1058 1928 dixeris
1088 1868 1326 1939 pecuniis
1354 1882 1476 1921 esse
1515 1881 1669 1935 opus,
1697 1865 1916 1929 mdibus,
1948 1880 2040 1918 ve-

466 1969 655 2025 stibus.
678 1964 874 2019 calceis
897 2005 910 2026 ,
947 1962 1062 2032 lege
1091 1962 1176 2015 illa
1205 1959 1399 2036 Christi
1437 1957 1619 2021 verba,
1648 1971 1766 2025 qum
1792 1956 1857 2010 de
1884 1956 2037 2009 vidua

459 2058 593 2113 dixit
618 2055 788 2128 (Luc.
812 2054 902 2109 2|.
932 2054 966 2108 5
992 2054 1009 2120 )
1035 2094 1049 2116 ,
1086 2060 1140 2108 et
1185 2053 1323 2105 hanc
1368 2046 1778 2103 solliritudinem
1808 2045 2035 2115 depone.

461 2148 518 2205 Si
543 2147 829 2203 admodum
861 2160 1064 2216 panper
1108 2144 1214 2206 sis,
1245 2149 1300 2197 et
1328 2139 1589 2196 mendicis
1617 2140 1744 2210 ipsis
1777 2138 1961 2201 vilior,
1992 2137 2037 2191 si

479 2240 584 2294 dua
611 2240 819 2293 minuta
848 2234 1120 2305 injeccris,
1160 2239 1331 2284 totum
1366 2223 1671 2295 perfecisti;
1714 2225 1760 2281 si
1787 2224 1884 2279 des
1928 2238 2035 2277 ma-

482 2345 600 2384 aam
626 2344 805 2399 quam,
820 2327 997 2383 solum
1031 2324 1226 2388 habes,
1264 2320 1331 2375 ad
1360 2318 1495 2375 artis
1524 2317 1683 2373 linem
1720 2314 2030 2386 pervenisti.

460 2406 606 2468 lianc
647 2414 823 2480 itaque
848 2408 1187 2481 disciplinam
1215 2453 1229 2477 ,
1259 2409 1398 2466 hanc
1441 2420 1609 2464 artem
1637 2410 1961 2480 accipiamus
1987 2416 2042 2465 et

458 2494 792 2574 impleamus.
824 2501 1120 2572 Optabilius
1144 2503 1338 2573 quippe
1357 2509 1441 2557 est
1469 2501 1609 2555 illum
1642 2500 1858 2563 habere,
1881 2515 2038 2570 quam

458 2610 635 2666 regem
680 2609 799 2651 esse
819 2633 835 2659 ,
867 2602 919 2648 et
963 2593 1263 2647 diademate
1300 2592 1499 2647 ornari.
1527 2592 1708 2662 Neque
1734 2594 1874 2648 enim
1904 2592 2040 2651 hanc

459 2686 632 2741 solum
664 2685 1069 2756 prmrogativam
1099 2683 1282 2747 habet,
1308 2683 1447 2753 quod
1476 2685 1687 2737 caeteris
1716 2699 1820 2738 non
1853 2694 2038 2753 egeat,

458 2778 552 2834 sed
575 2778 716 2847 quod
743 2774 1098 2843 etiam/multa
1126 2783 1179 2829 et
1199 2775 1342 2829 varia
1368 2775 1577 2842 negotia
1605 2774 1866 2855 perficiat.
1897 2774 2027 2829 Nam

458 2870 603 2926 ardes
628 2868 891 2924 construit
935 2867 987 2922 in
1016 2865 1165 2921 ett-lis
1192 2880 1406 2935 semper
1432 2874 1710 2921 manentes
1738 2906 1752 2931 ,
1778 2866 2040 2937 docetque

455 2960 690 3015 cultores
732 2972 862 3013 suos
887 2956 1157 3027 quomodo
1183 2965 1436 3011 aeternam
1470 2968 1695 3012 mortem
1742 2958 1992 3030 cfl‘tigiant
2020 3002 2034 3026 ,

455 3052 839 3120 thesaurosque
864 3048 957 3105 tibi
998 3049 1109 3116 dat,
1135 3050 1224 3119 qui
1255 3064 1542 3120 numquam
1578 3050 1935 3117 insutnuntur,
1984 3063 2037 3107 et

458 3144 636 3198 damni
661 3151 914 3212 expertes
941 3150 1066 3196 Sunt
1090 3181 1104 3207 ,
1144 3156 1243 3196 nec
1288 3140 1484 3207 furum,
1515 3156 1611 3197 nec
1633 3144 2039 3209 vermium,nec

456 3235 738 3295 tinearum,
753 3245 854 3287 nec
880 3231 1136 3302 temporis
1163 3230 1333 3285 labem
1364 3231 1632 3288 timentes.
1657 3234 1812 3303 Atqui
1835 3234 1878 3287 si
1896 3234 2037 3289 circa

456 3324 706 3381 frumenti
737 3322 1033 3378 custodiam
1063 3322 1221 3378 talem
1268 3323 1361 3377 tibi
1406 3322 1527 3403 quis
1573 3333 1744 3379 artem
1788 3323 2033 3390 doceret,

457 3418 583 3489 quid
615 3432 719 3472 non
748 3416 906 3471 dares
932 3424 990 3471 ut
1028 3428 1214 3486 posses
1240 3414 1421 3469 multis
1439 3414 1592 3469 annis
1626 3414 1948 3472 frumentum
1970 3418 2037 3472 il-

459 3510 641 3565 lzrsum
672 3520 885 3563 servare
906 3506 933 3560 'l
970 3506 1108 3562 Ecce
1128 3505 1266 3560 hanc
1293 3505 1387 3561 tibi
1414 3520 1520 3560 non
1541 3505 1791 3563 frumenti
1810 3518 2033 3578 tantum,

455 3600 551 3656 sed
568 3600 803 3653 omnium
832 3597 1128 3652 custodiam
1147 3596 1466 3667 snpped‘itat,
1484 3596 1746 3668 docetque
1770 3600 2038 3669 quomodo

456 3702 509 3747 et
540 3694 697 3756 bona,
730 3690 785 3745 et
811 3689 985 3751 anima
1012 3698 1066 3743 et
1093 3702 1291 3759 corpus
1322 3688 1488 3744 illzesa
1519 3705 1735 3761 semper
1764 3702 2033 3748 maneant.

459 3786 523 3839 Et
549 3794 644 3838 cur
682 3784 812 3838 artis
843 3781 1065 3852 hujusce
1093 3767 1256 3851 ὀρθὴ
1298 3783 1595 3838 minutatim
1622 3788 2037 3856 persequamur?

459 3875 547 3930 illa
576 3876 771 3944 quippe
820 3883 872 3929 te
896 3872 1055 3927 docet
1096 3886 1203 3943 quo
1231 3881 1383 3940 pacto
1413 3872 1522 3927 Deo
1549 3872 1740 3931 similis
1768 3891 1888 3932 esse
1915 3892 2038 3948 pos-

452 3969 547 4032 sis,
573 3966 713 4036 qnod
734 3974 891 4034 caput
911 3972 993 4020 est
1009 3964 1246 4019 omnium
1284 3963 1565 4020 bonorum.
1591 3965 1778 4021 Viden’
1801 3983 1907 4038 quo
1936 3982 2033 4038 pa-

359 4079 375 4101 ι
453 4066 541 4112 cto
571 4072 673 4112 non
701 4070 865 4109 unum
891 4053 1009 4124 ejus
1035 4068 1169 4125 opus
1197 4056 1302 4121 sit,
1338 4056 1435 4110 sed
1473 4056 1741 4125 plurima?
1776 4059 1902 4114 Sine
1930 4060 2035 4116 ulla

454 4150 673 4205 alterius
703 4149 832 4202 ariis
866 4162 972 4219 ope
997 4144 1185 4202 domos
1223 4146 1488 4203 construit
1512 4190 1526 4213 ,
1559 4159 1734 4207 vestes
1776 4154 2032 4221 contexit,

467 4240 747 4295 thesauros
771 4246 995 4309 apparat
1020 4244 1182 4303 tutos,
1208 4240 1394 4293 mortis
1421 4240 1653 4297 victores
1683 4242 1853 4298 reddit
1878 4285 1893 4311 ,
1924 4244 2037 4299 dia-

458 4332 583 4388 bolo
604 4332 848 4399 imperat,
879 4329 988 4384 Deo
1008 4328 1211 4384 similes
1234 4329 1410 4385 efficit.
1430 4329 1564 4398 Quid
1584 4347 1712 4403 ergo
1734 4336 1910 4389 utilius
1938 4337 2036 4392 hac

465 4424 626 4481 arte?
655 4423 785 4476 Mite
816 4435 1044 4491 namque
1072 4430 1215 4476 artes
1238 4463 1252 4488 ,
1276 4431 1469 4491 prmter
1487 4439 1548 4479 ea
1569 4440 1686 4495 quae
1706 4425 1844 4480 dicta
1870 4437 2029 4496 sunt,

456 4531 576 4571 cum
624 4510 872 4583 praesenti
914 4513 1018 4567 vita
1067 4523 1419 4583 praetereunt,
1451 4529 1570 4569 cum
1597 4515 1830 4573 artifices
1859 4534 2032 4589 aegro-

461 4606 720 4671 tant,ilite
750 4611 980 4670 cessant,
1004 4618 1167 4673 opera
1197 4618 1409 4675 quoque
1446 4621 1628 4662 eorum
1674 4624 1782 4665 non
1827 4626 2039 4685 perma-

461 4709 610 4762 nent,
648 4698 828 4752 labore
856 4705 910 4750 et
942 4706 1181 4765 tempore
1218 4699 1383 4753 nmito
1417 4710 1593 4770 egent,
1626 4703 1851 4776 aliisque
1876 4707 2035 4763 inuu-

464 4794 659 4847 meris:
694 4791 811 4845 haec
838 4805 967 4845 vero
989 4800 1110 4858 post
1153 4793 1341 4847 mundi
1382 4793 1541 4849 tinem
1573 4800 1808 4853 maxime
1848 4799 2033 4873 fulget,

459 4894 578 4955 post
604 4891 829 4937 mortem
857 4882 1085 4936 maxime
1106 4882 1365 4952 splendet,
1383 4894 1438 4939 et
1466 4901 1625 4956 opera
1654 4902 1747 4943 sua
1768 4892 1997 4948 ostendit
2018 4937 2032 4961 ,

457 4988 629 5045 neque
677 4984 919 5041 tempore
949 4973 1030 5026 vel
1060 4972 1242 5028 labore
1280 4978 1449 5045 eget',
1481 4994 1650 5049 neque
1674 4982 1774 5036 alia
1814 4998 1874 5039 re
1900 5000 2033 5055 qua-

461 5069 603 5140 piam
631 5084 645 5133 ;
675 5066 767 5121 sed
794 5108 809 5132 ,
849 5076 900 5121 te
938 5081 1149 5135 quoque
1192 5077 1479 5138 a‘grotante
1508 5081 1563 5126 et
1588 5076 1739 5129 senio
1756 5076 1999 5133 confecto
2019 5123 2033 5147 ,

456 5172 729 5234 operatur,
751 5174 812 5213 ac
829 5166 1001 5215 tecum
1025 5160 1077 5214 in
1100 5160 1324 5216 futuram
1345 5161 1500 5217 vitam
1521 5168 1729 5234 transit,
1751 5172 2036 5241 numquam

462 5264 513 5308 te
557 5250 849 5321 relinquit;
896 5261 945 5305 te
994 5252 1246 5319 snpbistis
1277 5262 1331 5307 et
1368 5254 1667 5313 rhetoribus
1706 5262 2033 5328 superiorem

458 5344 651 5399 reddit.
687 5342 815 5397 Nam
843 5343 931 5413 qui
964 5343 1016 5395 in
1045 5344 1145 5397 iflis
1165 5343 1369 5401 artibus
1396 5346 1617 5414 ﬂorent,
1647 5352 1825 5406 multis
1846 5353 2037 5409 invidis

462 5436 657 5503 objecti
688 5448 813 5489 sunt
843 5453 855 5487 :
890 5436 976 5505 qui
1010 5445 1183 5488 autent
1221 5438 1271 5489 in
1305 5435 1403 5491 hac
1430 5441 1701 5508 conspicui
1726 5454 1868 5511 sunt,
1901 5447 2039 5503 mul-

460 5532 633 5579 torum
665 5524 909 5592 precibus
936 5524 1303 5591 juvanturJlli
1330 5526 1542 5598 quidem
1569 5528 1841 5589 hominum
1871 5536 2037 5593 tribu-

524 5697 539 5726 ί
578 5702 721 5754 t‘nus,
746 5707 895 5756 neque
918 5696 1079 5745 labore
1105 5704 1222 5759 eget.

1193 289 1250 345 S.
1280 288 1557 345 J0.\N.\'lS
1593 281 2068 344 CllRYSOS'l'UMl
2109 283 2423 343 AliClllEP.
2452 287 2989 350 CONSTANTINOP.

3633 299 3742 356 59‘

2156 399 2369 458 nalibus
2388 402 2622 469 adstant,
2654 404 2953 478 injuriaque
2973 407 3194 464 allectos
3224 408 3537 482 defendunt,
3556 425 3611 471 et
3638 430 3734 472 κει

2153 502 2223 559 pe
2270 489 2519 561 injuriam
2567 493 2922 551 inferentibus
2961 506 3365 568 patrocinantur
3408 521 3421 559 :
3466 504 3581 560 ha'c
3612 521 3743 561 vero

2152 591 2278 638 ante
2303 584 2530 640 tribunal
2552 582 2749 643 Christi
2774 604 2835 644 se
2855 589 3018 650 sistit.
3040 606 3137 648 nec
3156 593 3330 649 solum
3357 600 3738 664 patrocinatur.

2153 672 2247 726 scd
2280 674 2377 742 ipsi
2403 690 2613 747 quoque
2636 676 2809 734 Judici
2834 680 3062 747 suadet,
3100 693 3154 736 ιιι
3187 685 3549 751 patrocinetur
3569 688 3640 751 ei,
3672 689 3742 745 de

2153 778 2260 833 quo
2280 764 2539 833 judicium
2570 768 2879 836 instituitur,
2913 781 2969 828 ct
2997 788 3093 843 pro
3111 775 3213 829 illo
3237 779 3553 834 sententiam
3584 779 3738 846 ferat;

2151 855 2360 910 etiamsi
2393 858 2587 914 millies
2616 864 2937 929 peccaverit,
2959 876 3184 921 coronat
3210 876 3265 923 et
3287 870 3539 938 praedicat
3564 872 3737 927 illum.

2151 944 2283 1007 Nam
2326 950 2401 1003 ait
2443 967 2458 1002 :
2512 949 2643 1007 Date
2670 953 3040 1027 eleemosymmt
3064 1000 3080 1024 ,
3112 970 3157 1013 et
3184 962 3353 1015 omnia
3382 966 3572 1019 munda
3595 976 3741 1021 erant!

2152 1037 2323 1109 (Luc.
2360 1042 2444 1096 tt.
2470 1028 2531 1097 tt
2556 1043 2601 1117 ).
2628 1044 2830 1115 Ecquid
2859 1040 3033 1103 futura
3062 1049 3184 1105 dico
3205 1050 3229 1104 γ
3253 1050 3309 1109 Si
3344 1054 3488 1125 enim
3518 1056 3571 1111 in
3602 1071 3740 1127 pne-

2150 1130 2289 1185 senti
2312 1130 2420 1186 vita
2448 1132 2692 1189 homines
2720 1136 3120 1194 sciscitaremur
3138 1141 3265 1211 quid
3295 1144 3617 1211 mallent,an
3645 1160 3739 1201 so-

2152 1217 2360 1287 pbistas
2402 1230 2458 1276 et
2500 1224 2747 1280 rhetores
2771 1241 2893 1283 esse
2931 1229 3128 1285 mullos
3147 1271 3163 1297 ,
3192 1248 3260 1287 an
3285 1234 3661 1292 misericordes
3684 1247 3741 1294 et

2148 1308 2405 1381 benignos
2434 1332 2449 1368 :
2477 1312 2581 1368 hoc
2604 1314 2848 1371 ultimum
2867 1320 3045 1388 pOIiUS
3070 1321 3325 1393 eligerent
3351 1341 3367 1389 ;
3398 1334 3451 1381 et
3472 1326 3598 1396 jure
3620 1329 3741 1398 qui-

2147 1400 2291 1459 dem.
2318 1403 2450 1459 Nam
2488 1407 2532 1460 si
2580 1407 2823 1464 facundia
2874 1411 3112 1477 tollatur,
3161 1415 3298 1470 nihil
3331 1418 3457 1472 mali
3500 1420 3552 1474 in
3575 1420 3738 1476 vitam

2148 1506 2387 1552 nostram
2411 1498 2814 1570 itnportabitur;
2838 1514 3122 1576 antequam
3148 1508 3290 1563 enim
3315 1509 3400 1564 illa
3428 1512 3745 1579 exsisteret,

2146 1587 2316 1643 multo
2347 1598 2587 1660 tempore
2616 1595 2855 1650 constitit
2884 1614 2898 1651 :
2929 1597 2973 1651 si
3002 1613 3133 1654 vero
3166 1600 3588 1661 misericordiam
3615 1621 3739 1662 sus-

2149 1678 2352 1747 tuleris,
2383 1683 2563 1737 omnia
2608 1686 2874 1755 peribunt.
2900 1686 2969 1742 Et
2993 1690 3440 1760 quemadmodum
3468 1709 3565 1766 per
3584 1712 3741 1754 mare

2146 1771 2393 1841 navigare
2421 1789 2525 1828 non
2564 1776 2758 1846 possis,
2793 1780 2837 1832 si
2869 1787 3052 1848 portus
3081 1789 3137 1837 et
3160 1784 3420 1841 stationes
3437 1786 3729 1844 obstruas:

2144 1863 2223 1919 sic
2250 1881 2354 1918 non
2384 1876 2558 1935 potest
2596 1867 2713 1924 haec
2739 1869 2846 1925 vita
2878 1880 3146 1941 constare,
3184 1874 3230 1930 si
3277 1876 3698 1934 misericordiam
3720 1922 3736 1948 ,

2144 1956 2351 2010 veniam
2383 1965 2437 2011 et
2462 1957 2844 2016 humanitatem
2871 1963 3171 2018 sustuleris.

2214 2045 2268 2100 5.
2308 2044 2647 2118 Quapropter
2674 2064 2779 2104 non
2813 2050 3047 2108 lmmano
3088 2054 3259 2110 solum
3288 2058 3571 2115 ratiocinio
3614 2060 3733 2118 haec

2145 2136 2288 2192 Deus
2314 2139 2574 2207 permisit,
2606 2140 2698 2196 sed
2726 2153 2779 2197 et
2805 2146 2996 2200 multas
3019 2160 3203 2202 eorum
3236 2159 3413 2218 partes
3449 2162 3653 2209 natura:
3685 2156 3737 2210 vi

2144 2228 2354 2284 insevit.
2383 2227 2478 2287 Sic
2509 2241 2685 2302 patres
2712 2243 2766 2290 et
2786 2244 2986 2290 matres
3006 2253 3129 2308 erga
3150 2238 3347 2296 liberos
3372 2243 3739 2301 miscricordia

2142 2332 2460 2388 moventur;
2490 2324 2569 2377 sic
2590 2324 2681 2379 filii
2701 2340 2821 2396 erga
2848 2336 3093 2394 parentes
3119 2346 3133 2384 :
3161 2346 3333 2401 neque
3356 2333 3407 2387 in
3436 2333 3741 2392 hominibus

2144 2419 2370 2477 tantum,
2391 2412 2484 2467 sed
2507 2414 2557 2467 in
2574 2414 2745 2471 brutis
2764 2434 2776 2467 z
2796 2417 3095 2489 eodemque
3110 2430 3232 2475 sunt
3248 2421 3419 2478 atl‘ecti
3443 2424 3604 2481 modo
3624 2423 3737 2483 fra-

2148 2510 2274 2578 tres,
2306 2503 2590 2576 propinqui
2612 2516 2663 2560 et
2709 2508 2897 2563 affines
2915 2551 2931 2575 ,
2960 2518 3016 2565 et
3044 2509 3289 2572 homines
3312 2514 3401 2568 alii
3428 2530 3553 2586 erga
3579 2517 3736 2573 alios.

2145 2592 2189 2648 A
2221 2607 2406 2649 natura
2428 2595 2625 2666 quippe
2654 2599 2808 2666 proni
2838 2599 2904 2654 ad
2933 2602 3355 2659 misericordiam
3383 2621 3589 2666 sumus.
3613 2609 3739 2665 ldco

2144 2684 2284 2739 circa
2319 2684 2509 2756 injuria
2543 2686 2763 2744 allectos
2803 2690 3173 2761 indignamur,
3208 2694 3351 2751 circa
3389 2698 3741 2771 interemptos

2148 2773 2424 2842 dolemus,
2474 2779 2518 2835 si
2550 2778 2793 2850 lugentes
2834 2782 3150 2853 videamus,
3190 2786 3564 2857 lacrymamur.
3604 2793 3737 2860 Quia

2144 2868 2286 2923 enim
2334 2871 2443 2924 vult
2489 2871 2627 2928 Deus
2653 2914 2668 2937 ,
2714 2883 2772 2929 ut
2802 2874 2853 2930 id
2893 2876 3253 2948 observetur,
3307 2890 3551 2939 naturam
3579 2887 3740 2957 jussit

2144 2959 2309 3014 multa
2341 2959 2439 3016 hac
2466 2960 2516 3015 in
2549 2977 2608 3018 re
2632 2979 2698 3019 ex
2729 2980 2788 3020 se
2812 2968 3076 3033 conferre,
3108 2971 3400 3029 ostendens
3426 2974 3477 3031 id
3497 2977 3595 3032 sibi
3624 2994 3741 3033 ma-

2142 3049 2284 3104 xime
2311 3050 2363 3104 in
2389 3053 2587 3121 aptatis
2614 3068 2755 3110 esse.
2784 3055 2911 3112 Haec
2938 3059 3116 3129 itaque
3135 3063 3315 3117 animo
3340 3077 3613 3123 versantes
3634 3111 3649 3135 ,
3682 3079 3737 3124 et

2143 3153 2241 3193 nos
2269 3150 2322 3194 ct
2363 3140 2501 3197 illius
2542 3153 2595 3197 et
2634 3146 2961 3215 propinquos
2993 3150 3057 3204 ad
3086 3152 3448 3226 eleemosyna:
3495 3158 3734 3216 scholam

2142 3227 2436 3298 ducamus;
2465 3232 2567 3289 hoc
2589 3245 2714 3291 ante
2740 3240 2916 3293 omnia
2944 3240 3114 3296 discat
3135 3242 3327 3312 homo;
3358 3262 3479 3302 nam
3509 3250 3630 3305 illud
3654 3263 3735 3307 est

2144 3319 2410 3377 hominem
2435 3337 2592 3390 esse;
2628 3325 2817 3399 Magna
2838 3330 3027 3400 quippe
3049 3349 3129 3388 res
3154 3344 3226 3390 est
3246 3336 3416 3401 homo,
3448 3351 3495 3394 et
3518 3345 3735 3411 pretium

2140 3425 2221 3465 res
2247 3422 2322 3466 eu
2349 3413 2424 3467 vir
2442 3415 2762 3492 misericors(
2787 3420 2943 3478 Prov.
2972 3422 3065 3480 20.
3094 3426 3167 3499 6)
3191 3444 3205 3491 ;
3238 3429 3281 3483 si
3311 3430 3360 3485 id
3392 3446 3496 3487 non
3520 3432 3733 3503 habeat,

2141 3514 2171 3555 a
2198 3511 2386 3559 natura
2411 3507 2640 3562 hominis
2660 3508 2878 3566 decidit.
2905 3514 3016 3569 Hoc
3036 3519 3304 3585 sapientes
3322 3521 3503 3580 efticit.
3533 3526 3732 3598 Ecquid

2141 3594 2373 3663 miraris,
2404 3597 2449 3651 si
2480 3596 2583 3653 hoc
2604 3610 2687 3655 est
2709 3600 2976 3660 hominem
3004 3610 3160 3663 esse?
3181 3609 3294 3666 Hoc
3318 3623 3401 3668 est
3426 3615 3563 3673 Deus
3592 3594 3733 3686 esse;

2141 3701 2263 3741 nam
2285 3690 2359 3743 ait
2382 3706 2396 3743 :
2418 3687 2596 3747 Estote
2617 3695 2982 3764 misericordes,
3006 3700 3136 3754 sicut
3156 3713 3202 3755 et
3220 3703 3378 3761 Pater
3397 3718 3554 3763 vester
3579 3711 3733 3785 (Luc.

2141 3779 2195 3834 6.
2228 3780 2356 3851 56).
2389 3782 2665 3842 Discamus
2701 3787 2861 3857 igitur
2890 3792 3263 3852 misericordes
3301 3814 3450 3865 esse,
3485 3779 3598 3859 tum
3619 3822 3736 3862 om-

2144 3873 2289 3929 nium
2317 3888 2476 3931 causa
2498 3917 2512 3940 ,
2544 3888 2654 3932 tum
2685 3881 2919 3937 maxime
2949 3885 3089 3954 quod
3120 3897 3173 3942 et
3204 3890 3302 3959 ipsi
3333 3893 3495 3948 multa
3524 3897 3734 3956 miscri-

2114 4024 2117 4027 _
2141 3964 2321 4021 cordia
2345 3980 2617 4037 egeamus.
2646 3968 2830 4041 Neque
2860 3989 2958 4029 nos
2983 3977 3159 4032 vivere
3188 3994 3434 4048 putemus
3461 4001 3568 4055 quo
3596 3998 3733 4043 tern-

2142 4070 2270 4125 pore
2294 4058 2671 4131 misericordes
2690 4078 2795 4118 non
2827 4079 3041 4133 sumus;
3074 4068 3141 4124 de
3162 4069 3501 4147 eleemosyna
3522 4078 3731 4151 loqu0r,

2140 4163 2259 4219 quae
2280 4152 2347 4205 ab
2376 4152 2598 4209 avaritia
2623 4168 2677 4209 et
2702 4156 2884 4227 rapina
2917 4174 3048 4229 pura
3073 4162 3247 4220 sit.Si
3275 4168 3416 4222 cnim
3458 4172 3545 4240 qui
3580 4175 3731 4231 bonis

2142 4241 2253 4294 suis
2273 4252 2577 4309 contentus,
2603 4246 2733 4300 nihil
2753 4248 2867 4303 aliis
2890 4250 3131 4321 largitur,
3156 4271 3260 4311 non
3286 4269 3368 4313 est
3393 4261 3724 4322 ntiseeiCors:

2142 4333 2232 4402 qui
2259 4335 2429 4389 aliena
2462 4340 2619 4407 rapit,
2649 4342 2917 4409 quomodo
2943 4346 3249 4404 misericors
3274 4350 3373 4413 sit.
3405 4355 3611 4412 etiamsi
3646 4358 3725 4411 in-

2143 4440 2365 4481 numera
2411 4431 2631 4499 eroget?
2670 4431 2802 4487 Nam
2852 4435 2896 4488 si
2938 4433 2994 4491 is
3023 4440 3111 4508 qui
3153 4442 3265 4497 suis
3293 4453 3493 4500 tantum
3534 4449 3724 4506 fruitur

2143 4518 2315 4583 bonis,
2339 4528 2391 4573 et
2418 4520 2545 4575 nihil
2570 4522 2803 4593 largitur,
2826 4526 3203 4586 immisericors
3230 4545 3307 4589 est
3336 4554 3348 4591 :
3371 4539 3536 4593 multo
3560 4557 3729 4612 magis

2142 4606 2187 4661 is
2218 4609 2306 4677 qui
2338 4610 2508 4664 aliena
2540 4612 2754 4685 abripit.
2789 4615 2844 4672 Si
2878 4620 2909 4672 ii
2941 4623 3033 4690 qui
3056 4622 3184 4679 nihil
3204 4626 3383 4681 damni
3411 4606 3724 4697 intulerunt,

2145 4699 2445 4769 plectuntur
2464 4742 2479 4769 ,
2509 4706 2629 4773 quia
2664 4708 2835 4779 largiti
2862 4725 2967 4765 nan
2996 4708 3119 4770 sunt
3151 4734 3164 4769 :
3196 4718 3369 4773 multa
3385 4724 3551 4793 magis
3579 4724 3615 4780 ii
3637 4728 3725 4797 qui

2142 4791 2312 4847 aliena
2337 4806 2645 4863 rapuerunt.
2665 4797 2743 4854 Ne
2762 4800 2920 4871 igitur
2936 4803 3075 4861 dixe:
3091 4806 3156 4874 is,
3181 4810 3331 4877 Alius
3356 4791 3551 4883 injuste
3574 4791 3730 4877 laesus

2144 4894 2245 4951 est,
2274 4900 2327 4941 et
2356 4886 2491 4941 alius
2512 4889 2908 4963 eleemosynam
2930 4898 3138 4966 acripit.
3166 4900 3218 4956 In
3247 4901 3346 4959 hoc
3363 4906 3505 4960 enim
3530 4912 3729 4967 malum

2144 4988 2409 5032 versatur.
2445 4978 2549 5034 Par
2577 4983 2775 5053 quippe
2814 4994 2932 5040 erat
2969 4990 3213 5046 eumdem
3241 4994 3412 5062 ipsum
3439 5000 3527 5068 qui
3574 5001 3732 5058 laesus

2144 5075 2245 5131 est,
2274 5067 2670 5141 eleemosynam
2692 5077 2934 5145 accipere
2968 5096 2981 5132 :
3016 5095 3155 5135 nunc
3180 5100 3306 5138 vero
3339 5067 3473 5142 alios
3500 5092 3735 5148 vulneri-

2144 5161 2245 5216 bus
2263 5162 2451 5228 afllcis,
2473 5172 2527 5218 et
2545 5164 2769 5221 aliorum
2789 5170 3005 5226 vulnera
3030 5189 3203 5240 curas,
3224 5193 3363 5248 quos
3385 5196 3492 5237 non
3512 5186 3733 5244 vulnere

2144 5250 2386 5318 aﬂ‘ecisti,
2410 5268 2529 5307 cum
2556 5267 2829 5325 oporteret
2853 5260 2971 5315 illos
2998 5263 3142 5331 ipsos
3167 5283 3386 5330 curare;
3420 5272 3526 5327 imo
3554 5278 3731 5346 potius

2146 5358 2251 5397 non
2286 5345 2620 5403 vulnerasse.
2647 5349 2911 5421 Benignus
2933 5357 3072 5410 enim
3096 5358 3182 5413 ille
3207 5370 3306 5426 est,
3340 5379 3445 5418 non
3469 5345 3730 5435 quicedit

2146 5442 2200 5488 et
2224 5444 2403 5503 postea
2431 5447 2599 5505 curat,
2617 5440 2712 5495 sed
2738 5444 2824 5511 qui
2850 5444 2915 5499 ab
2941 5447 3061 5500 aliis
3087 5449 3391 5508 vulneratos
3416 5468 3584 5513 curat.
3604 5459 3733 5516 Tuis

2146 5540 2272 5595 ergo
2298 5527 2452 5581 malis
2480 5529 2761 5599 medearis,
2796 5550 2902 5589 non
2929 5539 3117 5594 alienis
3142 5558 3157 5606 ;
3194 5544 3300 5597 imo
3329 5562 3455 5601 vero
3484 5566 3584 5605 nec
3607 5567 3724 5621 per-

2146 5616 2317 5668 cutias
2341 5657 2355 5680 ,
2389 5632 2486 5672 nec
2527 5618 2747 5687 dejicias
2777 5626 2795 5693 (
2821 5625 2921 5680 hoc
2955 5630 3098 5684 enim
3127 5630 3356 5689 ludentis
3389 5639 3568 5711 esset)
3590 5616 3621 5707 ,-
3638 5650 3730 5703 sed

2147 5706 2383 5776 deiectos
2413 5712 2578 5781 erige.
2610 5713 2789 5786 Neque
2820 5720 2960 5775 enim
2989 5733 3137 5793 potes
3161 5728 3346 5784 eadem
3379 5732 3731 5805 eleemosyna:
