4046 6428
238 372 352 432 535

226 503 477 547 mensura
499 485 697 542 malum
723 498 786 539 ex
813 480 1037 537 avaritia
1057 477 1259 532 illatum
1276 489 1487 531 curare.
1506 471 1637 528 Nam
1659 472 1702 526 si
1720 470 1826 525 oho

226 584 337 638 lum
357 580 733 653 rapueris,uon
748 574 877 630 satis
892 583 971 627 est
988 570 1203 626 obolutu
1217 569 1269 621 in
1284 564 1682 636 electuosynam
1700 561 1851 618 dare.

225 688 280 729 ut
304 678 501 742 rapina:
524 671 677 725 ulcus
697 681 877 729 sanes;
900 664 995 720 sed
1020 664 1219 718 talento
1240 676 1376 730 Opus
1393 670 1495 713 est.
1517 659 1641 713 Ideo
1659 656 1742 710 iur
1757 654 1851 709 de-

226 766 529 837 prehensus
543 758 899 831 quadruplum
925 755 1209 811 restituere
1234 752 1443 823 cogitur
1466 746 1757 820 (Exod.‘22.
1771 748 1792 800 I
1805 746 1822 811 )
1833 788 1845 800 .

226 858 437 926 Raptor
474 868 653 907 autem
688 862 769 906 est
817 854 933 905 lure
981 848 1149 918 pejor.
1177 846 1234 902 Si
1262 859 1398 899 vero
1440 844 1586 897 illum
1619 840 1853 910 quadru-

227 950 376 1021 plum
412 947 543 1000 darc
574 951 791 1013 Oportet
827 939 905 1011 (tt)
927 982 939 1001 ,
985 948 1253 1007 raptorem
1285 935 1572 1004 dcruplum
1605 941 1659 988 et
1684 932 1853 984 multo

231 1046 355 1113 plus
378 1040 665 1095 restituere
688 1051 783 1107 par
800 1044 915 1096 est;
941 1042 1103 1102 atque
1124 1030 1362 1101 optabile
1382 1036 1464 1082 est
1492 1028 1572 1079 vel
1595 1029 1673 1079 sic
1697 1036 1853 1093 posse

237 1136 405 1189 Deum
436 1132 506 1186 ob
534 1128 846 1199 iniustitiam
879 1126 1090 1195 placare
1123 1141 1135 1174 :
1170 1134 1295 1176 tunc
1320 1121 1465 1175 enim
1490 1135 1595 1172 nou
1617 1116 1854 1172 eleemu-

228 1244 382 1298 syua:
414 1225 639 1278 fructum
672 1219 915 1289 recipiet.
961 1216 1085 1271 Ideo
1111 1215 1399 1270 Zaccftams
1450 1210 1614 1266 dicit:
1646 1208 1708 1264 Si
1727 1206 1854 1277 quid

229 1320 461 1388 aliqurm
495 1313 826 1386 defraudavi,
862 1312 1077 1366 reddam
1104 1306 1447 1377 quadruplum
1471 1347 1485 1372 ,
1513 1313 1561 1358 et
1584 1301 1853 1355 dimidium

231 1410 484 1464 bonorum
510 1421 735 1461 meorum
756 1402 887 1457 dabo
914 1399 1221 1473 pauperibus
1246 1400 1264 1467 (
1285 1396 1411 1451 Luc.
1459 1395 1545 1451 19.
1574 1394 1668 1465 8).
1696 1391 1853 1459 Quod

231 1503 281 1557 si
313 1504 362 1555 iu
389 1502 506 1570 I-ge
525 1495 882 1569 quadruplum
918 1493 1143 1548 reddere
1164 1489 1467 1560 oportebat,
1491 1486 1663 1542 multo
1684 1483 1853 1555 magis

238 1595 294 1649 iu
325 1594 523 1663 gratia.
551 1590 606 1645 Si
639 1589 809 1642 furem
842 1595 1049 1641 tantum
1087 1582 1370 1638 restituere
1394 1587 1653 1659 10portet,
1684 1576 1853 1631 multo

231 1690 404 1757 magis
433 1694 722 1755 raptorem.
754 1679 885 1735 Nam
924 1688 1118 1749 prauer
1143 1676 1396 1729 damnum
1417 1714 1432 1738 ,
1465 1669 1853 1727 contumeliosa

231 1786 381 1833 certe
399 1791 483 1831 res
499 1783 601 1831 cst.
624 1774 804 1843 Itaque
820 1768 1026 1826 etiamsi
1048 1765 1356 1835 centuplum
1380 1762 1694 1825 reddideris,
1718 1774 1855 1813 non-

232 1870 363 1924 dum
391 1878 559 1921 totum
583 1862 799 1919 dedisti.
828 1860 1013 1916 Viden'
1045 1874 1132 1915 me.
1175 1871 1280 1917 nou
1305 1858 1496 1911 frustra
1528 1854 1727 1909 dixisse
1749 1896 1765 1919 ,
1796 1852 1852 1908 Si

233 1961 453 2015 obuium
478 1958 720 2027 rapuisti,
753 1954 917 2010 redde
939 1953 1201 2008 talentum
1220 1951 1243 2003 ἲ
1262 1950 1340 2005 sic
1360 1949 1521 2003 etiam
1546 1946 1635 2001 vix
1658 1944 1852 1999 vulnus

242 2061 395 2105 tuum
423 2048 660 2103 curabis.
692 2045 843 2113 Quod
872 2044 914 2098 si
943 2042 1028 2097 vel
1060 2042 1161 2095 hoc
1191 2038 1416 2098 faciens.
1445 2039 1535 2091 vix
1562 2050 1722 2091 cures
1754 2052 1766 2086 :
1802 2035 1849 2088 si

243 2141 491 2196 ordini-tn
526 2140 783 2203 invertas,
817 2136 1161 2205 intcgrasque
1192 2131 1563 2202 possessiones
1586 2128 1850 2197 rapueris,

306 2277 386 2340 (α)
418 2282 508 2325 Fur
531 2273 883 2337 deprehensus
905 2268 1231 2334 quadruplum
1269 2267 1538 2317 restituere
1560 2255 1852 2328 cogebatur.

1277 361 1343 417 IN
1380 354 1791 417 uarrtuzmt
1830 342 2061 413 ttOMIL.
2105 346 2238 410 Llll.
2281 354 2354 411 al.
2398 351 2530 408 Liv.

3476 358 3584 417 526

1968 484 2135 539 pauca
2166 482 2294 523 vero
2324 467 2633 538 crogaveris
2653 510 2668 534 ,
2707 483 2886 540 neque
2920 468 3026 525 illis
3055 483 3193 540 quos
3235 469 3421 526 laesisti
3441 513 3458 537 ,
3486 473 3581 529 sed

1961 561 2117 625 aliis,
2160 568 2325 632 quam
2375 560 2751 617 defensionem
2802 561 3080 617 habebis?
3120 578 3282 634 quam
3334 565 3584 620 veniam?

1961 668 2123 723 quam
2144 668 2297 725 spem
2328 653 2561 708 salutis?
2590 652 2684 709 Vis
2715 653 2856 709 scire
2881 665 3142 723 quantum
3167 656 3366 710 malum
3393 653 3582 726 facias,

1961 745 2088 802 dum
2111 748 2189 804 sic
2207 747 2302 802 das
2323 746 2759 818 eleemosynam?
2778 746 2916 801 Audi
2936 746 3268 817 Scripturam
3286 746 3580 805 dicentem:

1963 839 2108 895 Sicut
2137 842 2223 911 qui
2248 841 2414 909 ﬁlium
2444 856 2616 893 coram
2644 850 2789 909 patre
2817 856 2915 894 suo
2941 841 3202 905 inter/icit,
3223 843 3295 895 sic
3321 843 3408 907 qui
3432 840 3580 909 oﬂ'ert

1959 931 2270 1001 sacriﬁcium
2294 948 2359 986 ea:
2380 932 2607 999 pecuniis
2628 948 2909 1002 pauperum
2929 930 2947 1003 (
2967 931 3134 986 Eccli.
3159 933 3248 989 34.
3272 933 3343 988 2i
3367 934 3409 1003 ).
3435 933 3583 987 IIanc

1967 1025 2147 1093 itaque
2178 1024 2653 1079 commutationem
2686 1024 2738 1077 iu
2775 1036 2954 1079 tncnte
2983 1024 3366 1087 inscribetttes.
3400 1026 3579 1081 disce—

1959 1116 2147 1171 damus
2177 1134 2190 1169 :
2220 1115 2360 1171 hanc
2390 1118 2443 1170 in
2474 1115 2642 1170 muris
2668 1157 2682 1179 ,
2731 1117 2784 1170 itt
2812 1116 3061 1171 manibus
3082 1158 3096 1179 ,
3128 1116 3182 1171 in
3208 1116 3537 1173 conscientia
3566 1159 3579 1183 ,

1958 1219 2009 1264 et
2041 1208 2236 1279 ubique
2277 1207 2577 1266 scribamus
2608 1224 2625 1263 :
2656 1217 2713 1262 ut
2763 1208 2849 1262 l.ic
2892 1208 3085 1269 saltem
3117 1218 3294 1263 metus
3321 1209 3372 1263 in
3402 1218 3583 1263 mente

1961 1310 2142 1363 nostra
2198 1300 2390 1367 vigens
2433 1314 2627 1355 manus
2668 1309 2882 1355 nostras
2921 1315 2950 1354 a
2977 1301 3304 1370 quotidianis
3344 1301 3585 1357 cedibus

1966 1390 2240 1448 cohibeat.
2271 1389 2429 1444 (Stude
2455 1389 2663 1458 quippe
2684 1386 2927 1441 deterior
2949 1395 3031 1440 est
3063 1387 3250 1454 rapina
3280 1402 3403 1455 qua:
3434 1401 3569 1454 pau—

1968 1482 2120 1537 latim
2160 1495 2453 1550 pauperem
2485 1478 2784 1533 consumit.
2836 1478 2907 1534 Ut
2952 1478 3116 1547 igitur
3141 1476 3210 1531 ab
3244 1477 3347 1531 hoc
3380 1476 3568 1544 inqui-

1966 1583 2224 1629 namento
2252 1574 2265 1603 ¹
2296 1573 2415 1641 puri
2451 1571 2646 1635 simus,
2686 1572 2801 1626 haec
2828 1570 3155 1624 meditemur
3189 1578 3406 1623 ct‘cum
3443 1569 3567 1623 aliis

1965 1665 2375 1736 colloquamur.
2415 1664 2489 1717 Ita
2525 1664 2673 1717 enim
2701 1662 2769 1717 ad
2801 1660 3241 1716 misericordiam
3274 1660 3567 1732 proniores

1962 1756 2194 1820 erimus,
2225 1769 2539 1825 puramque
2562 1751 3305 1823 adipiscemurpnereedem,
3330 1760 3567 1808 aeterna-

1962 1863 2072 1920 que
2101 1847 2245 1902 bona
2273 1862 2701 1917 consequemur,
2738 1846 2916 1918 gratia
2961 1854 3019 1900 et
3046 1845 3432 1901 misericordia
3459 1846 3567 1900 Do—

1961 1939 2097 1993 mini
2141 1939 2318 1993 nostri
2356 1937 2488 1993 Jesu
2543 1936 2775 2001 Christi,
2818 1937 2908 1992 cui
2952 1936 3126 2008 gloria
3165 1946 3223 1993 et
3265 1937 3562 2008 imperium

1961 2047 2087 2088 cum
2129 2032 2287 2088 Patre
2316 2041 2375 2087 et
2408 2030 2617 2101 Spiritu
2646 2040 2860 2098 sancto,
2892 2047 3043 2088 nunc
3071 2041 3128 2089 et
3155 2046 3398 2103 semper,
3420 2038 3477 2087 et
3506 2032 3561 2085 in

1960 2121 2160 2176 saecula
2191 2119 2539 2175 saeculorum.
2574 2120 2771 2177 Amen.

2023 2282 2044 2317 ί
2066 2281 2185 2343 Alli,
2208 2280 2269 2333 ab
2289 2280 2383 2332 hoc
2406 2280 2593 2332 morbo.

251 2453 3552 2498 __________________________________—_—————————-—

1459 2542 1808 2605 HOMILIA
1851 2539 2019 2602 LIII.
2066 2538 2151 2600 aI.
2201 2536 2363 2597 LIV.

238 2706 370 2761 CAP.
402 2705 487 2760 l5.
516 2719 569 2756 ν.
598 2704 687 2759 51.
714 2701 867 2757 Jesus
889 2707 1057 2753 autem
1080 2739 1095 2762 ,
1119 2695 1404 2750 convocatis
1434 2692 1699 2762 discipulis
1724 2690 1853 2754 suis,

313 2796 444 2851 dixit
468 2816 492 2850 ,ο
520 2794 764 2850 Misereor
803 2809 955 2861 super
980 2789 1177 2843 turbam
1199 2830 1214 2854 ,
1257 2788 1377 2858 quia
1402 2802 1513 2840 ecce
1551 2786 1654 2850 iam
1688 2782 1855 2835 triduo

314 2890 562 2943 sustinent
608 2904 710 2951 me,
758 2901 848 2939 nec
888 2882 1071 2937 habent
1116 2881 1253 2951 quod
1301 2878 1605 2932 manducent
1637 2892 1654 2930 :
1681 2885 1728 2928 ct
1778 2874 1854 2927 dio

315 2985 515 3038 mittere
540 2999 624 3035 eos
643 2982 853 3051 jejuuos
881 2977 1021 3043 nolo,
1056 2991 1117 3029 ne
1140 2974 1379 3041 deﬁciant
1405 2975 1455 3026 in
1481 2972 1580 3025 via.

322 3078 371 3130 l.
399 3068 659 3142 Superius
687 3087 807 3128 eum
854 3067 1159 3138 huiusmodi
1192 3067 1400 3137 signum
1431 3065 1666 3119 facturus
1691 3070 1854 3123 esset,

244 3170 422 3241 primo
441 3167 650 3223 curavit
674 3180 767 3221 eos
792 3167 881 3235 qui
904 3162 1150 3233 corporis
1174 3160 1489 3231 mgritudine
1509 3159 1851 3213 laborarent:

245 3260 476 3332 idipsum
521 3258 609 3313 hic
657 3256 825 3312 facit:
869 3264 990 3326 post
1028 3269 1293 3309 ca‘corum
1344 3261 1504 3322 atque
1543 3248 1855 3305 claudortun

243 3353 579 3410 curationem
613 3351 663 3404 iu
694 3348 924 3419 idipsuut
954 3361 1139 3402 rursus
1171 3345 1375 3401 incidit.
1403 3344 1510 3398 Cur
1530 3354 1709 3397 autem
1733 3350 1861 3397 tunc

246 3444 502 3500 dixerunt
526 3442 775 3509 discipuli
799 3482 813 3505 ,
844 3438 1058 3493 Dimitte
1087 3440 1260 3491 turbas
1298 3437 1315 3500 (
1349 3435 1537 3490 Matth.
1572 3435 1659 3491 M.
1696 3435 1764 3489 15
1792 3432 1812 3505 )
1840 3453 1855 3488 :

246 3550 390 3591 nunc
420 3549 544 3586 vero
573 3547 677 3586 non
705 3530 975 3595 dixerunt,
1006 3529 1175 3583 tribus
1204 3540 1379 3583 tamen
1409 3526 1597 3581 diebus
1616 3525 1858 3580 exactis?

247 3625 379 3680 Sive
404 3626 528 3693 quia
556 3624 665 3689 jam
715 3621 789 3674 illi
822 3618 1168 3689 perfectiores
1196 3626 1345 3671 erant
1370 3658 1384 3681 ,
1413 3618 1525 3671 sive
1551 3614 1695 3686 quod
1740 3615 1860 3670 illos

247 3716 492 3772 viderent
523 3729 627 3769 non
651 3721 799 3767 tanto
830 3710 985 3765 fatuis
1013 3725 1175 3765 sensu
1203 3707 1342 3761 allici
1370 3725 1383 3760 :
1410 3722 1530 3761 nam
1555 3707 1607 3760 in
1632 3707 1718 3770 iis,
1742 3721 1860 3776 quze

249 3806 388 3862 facta
409 3815 581 3870 erant,
606 3805 712 3859 Deo
738 3803 971 3873 gloriam.
987 3800 1307 3856 rti'erehant.
1329 3798 1433 3855 Sel
1458 3800 1577 3854 vide
1592 3796 1861 3868 quomodo

248 3899 411 3953 etiam
439 3911 579 3951 nunc
602 3911 706 3949 non
744 3892 1061 3963 simpliciter
1086 3891 1154 3946 ad
1196 3889 1858 3961 miraculumpatrandum

250 3994 415 4057 venit,
448 3990 541 4046 sed
574 3991 692 4045 illus
716 3988 781 4044 ad
811 3987 861 4043 id
895 3998 1103 4042 evocat.
1126 3984 1258 4041 Nam
1282 3983 1452 4039 turb:e
1478 3984 1714 4055 quidem,
1741 3999 1861 4052 qua:

250 4084 318 4139 ad
350 4083 667 4139 morborum
688 4096 871 4136 curam
899 4086 1195 4143 venerant,
1226 4092 1393 4147 panes
1421 4085 1601 4146 petere
1632 4090 1736 4130 non
1767 4090 1860 4129 au-

251 4177 453 4233 debant
486 4193 498 4228 :
534 4175 650 4243 ipse
696 4188 825 4227 vero
850 4213 865 4239 ,
910 4186 1031 4226 cum
1063 4169 1327 4239 benignus
1355 4170 1425 4222 sit
1463 4176 1515 4221 et
1562 4165 1818 4237 providus
1843 4208 1858 4234 ,

254 4285 359 4324 non
385 4267 690 4337 petentibus
708 4264 875 4328 dedit,
898 4264 1079 4331 aitque
1099 4259 1374 4331 discipulis
1406 4276 1418 4311 :
1446 4258 1694 4313 Misereor
1709 4274 1863 4326 super

255 4362 472 4423 turbant,
496 4361 757 4429 etjejunos
778 4358 1029 4411 dimittere
1044 4356 1160 4409 illos
1179 4352 1319 4408 uolo.
1343 4352 1419 4408 Ne
1435 4353 1674 4407 dicerent
1692 4351 1859 4416 enim,

257 4454 403 4524 ipsos
447 4469 570 4507 cum
617 4452 811 4505 viatico
841 4449 1095 4509 Venisse.
1143 4445 1411 4500 aitzlam
1462 4443 1629 4498 triduo
1668 4458 1863 4498 mecum

256 4557 405 4610 sunt;
435 4547 505 4600 ita
545 4544 754 4600 etiamsi
784 4542 973 4596 viatica
1011 4540 1328 4595 habuissent
1354 4580 1368 4601 ,
1393 4536 1863 4607 jam'cousumpta

257 4645 459 4692 essent.
490 4635 695 4690 Idcirco
720 4636 863 4688 enim
904 4632 991 4685 ille
1036 4647 1141 4685 nou
1176 4629 1350 4699 primo
1376 4627 1456 4683 vel
1499 4625 1738 4681 secundo
1776 4626 1865 4682 die

259 4732 362 4784 hoc
390 4728 532 4795 fecit,
563 4729 657 4784 sed
686 4742 807 4781 eum
833 4726 941 4795 jam
970 4723 1148 4777 omnia
1170 4720 1481 4786 deﬁcerent,
1511 4730 1570 4773 ut
1598 4722 1649 4772 iu
1676 4733 1863 4773 neces-

259 4822 413 4875 sitate
436 4820 591 4888 positi
620 4834 742 4873 cum
766 4815 954 4885 majori
976 4813 1153 4868 studio
1176 4812 1371 4867 factum
1394 4812 1721 4882 exciperent.
1740 4809 1865 4866 Ideo

259 4915 355 4973 ait,
392 4910 473 4965 Ne
502 4910 741 4979 deﬁciant
786 4909 839 4961 in
885 4906 1000 4969 via;
1046 4904 1339 4959 ostendens
1390 4902 1534 4971 ipsos
1582 4910 1636 4957 et
1682 4901 1862 4971 procul

262 5006 464 5075 positos
492 5017 651 5063 esse.
701 5013 753 5055 et
796 4999 975 5053 omnia
1026 4996 1449 5065 consumpsisse.
1500 4994 1606 5049 Sed
1658 4994 1700 5048 si
1755 5010 1859 5048 non

266 5101 343 5152 vis
369 5098 581 5167 jejunos
602 5096 874 5149 dimittere
895 5133 909 5159 ,
940 5106 1037 5146 cur
1067 5091 1275 5161 signum
1311 5105 1415 5141 non
1462 5087 1630 5141 facis?
1663 5086 1733 5143 Ut
1762 5087 1865 5142 hac

264 5191 684 5257 interrogatione
730 5196 782 5240 et
830 5182 1183 5253 respon~ione
1230 5192 1489 5252 sequente
1548 5182 1866 5236 attentiores

262 5284 511 5338 redderet
554 5279 848 5348 dlscipulos
873 5321 887 5342 ,
920 5287 975 5332 et
1004 5277 1080 5331 illi
1109 5275 1265 5330 tidem
1308 5291 1459 5329 suam
1492 5273 1864 5341 ostenderent,

263 5376 609 5443 dcet-eumue
632 5414 643 5433 ,
673 5372 843 5424 Panes
872 5369 1049 5423 facito.
1076 5368 1181 5422 Sed
1215 5367 1283 5420 illi
1320 5383 1387 5421 ne
1415 5367 1490 5419 sic
1532 5366 1745 5433 quidem
1789 5367 1870 5420 itt-

266 5467 638 5537 tcrrogatiouis
667 5480 881 5520 causam
913 5464 1293 5517 intulit-xerunt
1321 5481 1331 5514 :
1360 5462 1498 5515 unde
1528 5472 1707 5531 postea
1731 5462 1870 5516 dixit

269 5563 369 5615 illis
394 5603 407 5625 ,
456 5570 511 5612 ut
555 5560 766 5613 Marcus
789 5558 863 5611 ait
894 5577 907 5611 :
941 5557 1121 5609 Adhuc
1161 5557 1232 5608 ita
1265 5564 1381 5608 sunt
1425 5566 1672 5607 occa'cata
1715 5555 1870 5608 corda

268 5664 470 5707 bestia:
503 5652 674 5704 oculos
718 5650 949 5702 [tabentes
983 5666 1084 5701 non
1125 5649 1325 5712 videtis,
1366 5657 1409 5701 et
1436 5664 1583 5700 aures
1633 5648 1870 5702 habentes

268 5763 367 5799 non
409 5744 597 5796 auditis
627 5743 644 5813 (
676 5741 841 5795 Marc.
876 5741 930 5796 8.
964 5741 1049 5793 i7.
1085 5740 1151 5793 18
1174 5740 1216 5807 ).
1263 5738 1394 5792 Nam
1428 5739 1526 5792 nisi
1557 5738 1657 5793 hoc
1687 5748 1829 5793 esset
1851 5781 1867 5805 ,

269 5852 369 5906 qua
416 5834 481 5889 de
511 5850 668 5888 causa
722 5832 835 5887 tunc
874 5831 1149 5901 discipulis
1175 5832 1412 5896 diceret,
1456 5831 1869 5901 ostenderetque

1964 2683 2149 2753 dignas
2182 2697 2303 2752 esse
2335 2680 2518 2735 turbas
2544 2680 2829 2746 beneﬂcio,
2854 2670 3185 2751 adderetquc
3207 2681 3390 2747 ipsum
3413 2678 3580 2735 mise~

1967 2773 2197 2829 ricordia
2254 2783 2457 2828 motum
2487 2772 2697 2829 fuisse?
2727 2774 3011 2829 Matthauts
3060 2789 3189 2829 vero
3231 2774 3365 2830 dicit
3406 2775 3576 2845 ipsum

1966 2878 2148 2935 postea
2180 2866 2489 2935 increpasse
2515 2880 2610 2921 eos
2645 2866 2728 2920 his
2762 2866 2939 2920 verbis
2974 2885 2986 2919 :
3027 2866 3248 2921 Madij
3270 2867 3414 2934 ﬁdei,
3448 2884 3580 2921 uou-

1962 2958 2083 3011 dum
2105 2956 2409 3027 intelligitis,
2442 2974 2535 3011 nec
2564 2958 2865 3011 meministis
2888 2958 3112 3029 quinque
3136 2974 3328 3028 panum
3350 2968 3395 3011 et
3421 2961 3575 3028 quiu-

1961 3067 2058 3122 que
2085 3052 2322 3114 millium,
2344 3062 2389 3104 et
2411 3060 2529 3119 quot
2568 3051 2816 3118 capitiuos
2831 3052 3149 3119 stonpseritis
3164 3051 3189 3104 ?
3205 3067 3366 3121 neque
3385 3059 3578 3121 septem

1964 3159 2154 3213 panum
2175 3147 2243 3197 'et
2271 3153 2491 3213 quatuor
2529 3144 2748 3196 utillima
2772 3185 2784 3205 ,
2811 3154 2857 3196 et
2884 3153 3004 3213 quot
3035 3154 3237 3213 sportas
3262 3142 3580 3213 sumpserim

1964 3232 2200 3304 (Matth.
2234 3234 2323 3289 16.
2357 3233 2411 3288 8.
2445 3234 2478 3288 9
2505 3233 2573 3303 )?
2614 3235 2686 3286 Ita
2718 3234 3068 3305 evangelista:
3097 3233 3400 3291 concordes
3442 3235 3581 3289 inter

1964 3340 2023 3381 se
2054 3337 2201 3381 sunt.
2236 3326 2373 3393 Quid
2398 3342 2527 3396 ergo
2573 3326 2867 3395 discipuli?
2896 3326 3083 3382 Adhuc
3116 3327 3264 3382 lmmi
3312 3339 3580 3398 serpunt:

1962 3426 2020 3471 et
2048 3418 2293 3487 quamvis
2333 3416 2496 3471 millia
2539 3416 2723 3471 fecerit
2749 3458 2764 3483 ,
2796 3418 3073 3487 utprioris
3109 3418 3349 3475 miraculi
3380 3436 3583 3475 memo-

1965 3509 2097 3563 riam
2125 3517 2443 3575 servarent,
2471 3518 2528 3564 et
2554 3523 2651 3578 per
2678 3507 3156 3579 interr03atiouem
3186 3526 3249 3566 ac
3276 3513 3583 3581 responsio-

1981 3620 2132 3667 nem,
2155 3614 2208 3659 et
2228 3603 2376 3675 quod
2393 3603 2516 3660 illos
2538 3602 2827 3658 ministros
2850 3599 3066 3664 fecerit,
3083 3600 3294 3669 etquod
3309 3599 3577 3668 cophinos

1979 3698 2059 3750 eis
2073 3697 2422 3751 distribuerit
2438 3697 2477 3763 ¹;
2499 3695 2595 3752 sed
2617 3696 2800 3761 adhuc
2813 3691 3249 3764 imperfectiores
3260 3699 3438 3747 erant.
3454 3688 3578 3744 Ideo

1966 3782 2151 3838 dicunt
2177 3783 2225 3836 ei
2258 3800 2271 3836 :
2302 3783 2391 3837 55.
2427 3780 2578 3835 Unde
2606 3781 2749 3835 nobis
2775 3781 2827 3835 in
2855 3781 3131 3836 solitudine
3172 3792 3243 3836 tot
3275 3799 3437 3852 panes
3457 3783 3483 3837 1
3514 3783 3584 3838 Et

1965 3886 2119 3929 antea
2147 3884 2202 3930 et
2227 3890 2369 3930 nunc
2399 3872 2745 3929 solitudinem
2777 3885 3099 3940 memorant,
3125 3884 3177 3931 et
3203 3891 3271 3932 ex
3289 3877 3451 3931 animi
3476 3876 3581 3931 im-

1967 3967 2261 4022 becillitate
2292 3967 2361 4021 ita
2391 3966 2694 4036 loquentes,
2723 3966 2935 4036 signum
2966 3967 3033 4022 ab
3078 3970 3226 4023 onmi
3279 3970 3585 4039 suspicione

1968 4059 2285 4114 liberabant.
2320 4057 2398 4112 Ne
2426 4058 2549 4129 quis
2576 4058 2721 4113 enim
2748 4058 2989 4127 diceret,
3026 4072 3085 4114 ut
3103 4060 3215 4128 jam
3245 4071 3403 4115 antea
3434 4061 3583 4126 dixi,

1968 4153 2140 4221 ipsum
2167 4166 2232 4207 ex
2261 4150 2438 4205 vicino
2474 4151 2705 4220 quodam
2744 4151 2862 4206 vico
2889 4140 3055 4222 panes
3081 4161 3385 4209 mutuatum
3425 4171 3546 4211 esse
3567 4197 3584 4221 ,

1967 4243 2116 4299 lucus
2146 4242 2266 4313 quis
2293 4243 2363 4297 sit
2403 4240 2749 4311 declaratur,
2797 4252 2857 4298 ut
2896 4244 3213 4299 miraculum
3249 4245 3584 4302 crederetur.

1971 4334 2174 4390 Idcirco
2201 4343 2251 4389 et
2276 4335 2507 4405 primum
2537 4346 2593 4389 et
2612 4335 2716 4391 hoc
2742 4351 2959 4406 quoque
2984 4337 3195 4407 signum
3226 4338 3279 4392 in
3301 4338 3588 4394 solitudine

1967 4426 2092 4481 facit
2116 4467 2131 4489 ,
2186 4441 2216 4480 a
2248 4427 2439 4481 viculis
2484 4426 2644 4496 longe
2678 4427 2933 4482 distaMe.
2970 4428 3076 4484 Sed
3124 4428 3315 4483 hormu
3347 4428 3480 4484 nihil
3510 4430 3589 4484 itt-

1970 4520 2273 4591 telligeutes
2298 4518 2548 4590 discipuli
2572 4520 2828 4577 diecbant
2853 4539 2864 4574 :
2893 4520 3043 4577 Unde
3066 4523 3208 4577 nobis
3239 4524 3292 4577 in
3315 4524 3591 4581 solitudtne

1970 4620 2040 4666 tot
2070 4610 2266 4680 panes?
2293 4611 2424 4667 Nam
2444 4612 2702 4683 putabant
2731 4613 2877 4667 illum
2903 4612 3027 4669 ideo
3054 4613 3168 4670 btet:
3189 4613 3411 4682 dixisse,
3438 4616 3588 4687 quasi

1972 4709 2341 4772 prmcepturus
2366 4712 2512 4758 esset
2535 4713 2591 4759 ut
2622 4702 2743 4757 illos
2764 4703 3040 4767 ciharent;
3065 4704 3160 4760 sed
3192 4706 3484 4761 admodum
3519 4707 3591 4762 in-

1969 4797 2249 4868 sipienter.
2302 4796 2536 4868 Ideoque
2586 4797 2691 4853 illis
2733 4814 2908 4867 nuper
2937 4797 3189 4865 dixerat,
3230 4799 3364 4854 Date
3391 4816 3480 4856 vos
3520 4801 3593 4856 eis

1971 4889 2282 4943 manducare
2304 4890 2325 4961 (
2357 4888 2547 4947 Matth.
2574 4890 2665 4946 14.
2693 4888 2760 4945 i6
2780 4890 2801 4961 )
2822 4930 2837 4957 ,
2865 4900 2925 4944 ut
2954 4890 3059 4944 illis
3079 4890 3421 4957 occasionem
3439 4891 3590 4949 daret

1970 4998 2031 5039 se
2059 4985 2160 5040 hac
2192 4984 2262 5039 de
2285 4999 2451 5039 causa
2483 4983 2757 5054 precandi.
2789 4982 2944 5039 Nunc
2970 5000 3098 5039 vero
3128 5000 3237 5040 non
3267 4984 3429 5053 dicit,
3459 4984 3594 5039 Date

1970 5075 2076 5129 illis
2101 5075 2412 5130 manducare
2435 5117 2450 5142 ,
2484 5074 2579 5131 sed
2622 5076 2748 5146 quit!
2773 5076 2794 5128 i
2825 5075 3071 5131 Misereor
3098 5094 3251 5147 super
3278 5078 3476 5134 turbam
3497 5121 3514 5145 ,
3540 5086 3595 5133 et

1971 5167 2225 5223 dimittere
2244 5183 2327 5221 eos
2339 5168 2551 5238 jejunus
2573 5168 2691 5221 nolo
2710 5184 2730 5221 :
2760 5168 2982 5239 propius
3005 5184 3230 5227 movens
3257 5171 3591 5240 incitatisque

1974 5260 2115 5317 illos.
2149 5269 2204 5314 ut
2234 5260 2449 5314 videant
2476 5260 2604 5314 illud
2632 5262 2700 5315 ab
2726 5276 2786 5315 se
2815 5262 3106 5331 petendum
3134 5277 3276 5318 esse.
3306 5263 3439 5320 Nam
3464 5264 3591 5335 ipsa

1975 5354 2133 5409 verba
2164 5354 2530 5415 declarabant,
2564 5368 2724 5422 posse
2758 5355 2931 5424 ipsum
2959 5372 3057 5409 non
3092 5355 3367 5413 dimittere
3394 5373 3491 5415 eos
3512 5357 3595 5426 je-

1972 5448 2162 5517 junos,
2205 5456 2260 5502 et
2293 5449 2586 5517 potentiam
2636 5448 2805 5517 ipsius
2835 5449 3215 5503 ostendebant.
3260 5451 3390 5505 Illud
3418 5452 3591 5512 enim.

1978 5540 2157 5606 Nolo,
2209 5540 2261 5595 id
2307 5541 2595 5609 signiﬁcat.
2650 5540 2783 5607 Quia
2816 5557 2947 5596 vero
2995 5554 3049 5597 et
3096 5542 3492 5599 multitudinem
3542 5557 3593 5603 et

1976 5635 2151 5689 locum
2196 5644 2251 5690 ct
2294 5634 2638 5689 solitudinem
2689 5646 3096 5703 memorarunt,
3150 5638 3318 5706 (nam
3368 5638 3593 5705 dicunt,

1981 5727 2131 5783 Unde
2176 5729 2318 5783 nobis
2361 5728 2411 5781 itt
2439 5729 2715 5781 solitudine
2754 5738 2826 5780 tot
2867 5745 3025 5798 panes
3049 5771 3069 5799 ,η
3107 5740 3160 5784 ut
3202 5731 3412 5786 satietur
3443 5737 3593 5782 tanta

2060 5842 2193 5891 ίαν.
2222 5842 2399 5892 Adnot.
2434 5842 2591 5892 I’icld.
2625 5841 2682 5891 ad
2710 5853 2821 5903 pag.
2848 5842 2958 5891 εδδ.
