4046 6432
543 295 699 404 em.

1423 333 1476 388 S.
1510 326 1785 387 ΙΟᾹΝΝΣΒ
1820 325 2289 386 (ΣΗΒΥΒΟΕΤΟΜΙ
2328 322 2651 389 .lllClllEP.
2682 323 3215 389 CONSTANTINOP.

544 458 687 512 turba
705 456 733 512 .’
754 457 775 527 )
799 468 971 525 neque
992 461 1167 523 nmen
1187 448 1385 527 intristi
1403 448 1561 504 verba
1584 446 1980 520 intellexerunt,
2000 448 2125 497 tunc
2228 438 2405 493 calum
2427 450 2499 498 est
2515 454 2539 503 ,°
2564 440 2618 496 5.
2647 449 2694 495 et
2737 455 2903 498 mane.
2937 437 3106 514 Hodie
3149 447 3416 505 tempestas
3470 432 3562 490 erit
3592 450 3611 491 :
3643 436 3834 499 rutilat

541 566 698 606 sulm.
878 522 1012 617 opus
1042 522 1280 615 peragit,
1316 550 1374 605 et
1410 541 1488 597 ait
1513 538 1615 595 illis
1639 555 1654 594 :
1682 537 1773 594 54.
1800 534 1941 604 Quot
1968 548 2125 605 panes
2225 531 2355 585 enim
2378 531 2520 587 trists
2544 532 2741 585 cretum.
2768 531 2823 586 4.
2851 529 3058 585 Faciem
3078 530 3189 607 creti
3219 529 3375 588 nostis
3403 527 3713 598 diiudicare,
3751 530 3830 589 si.

540 642 777 698 tumetis!
803 639 897 695 liti
918 654 1035 696 vero
1058 635 1253 703 dicunt,
1266 632 1504 705 .Septent,
1534 641 1581 686 et
1608 628 1877 703 pisciculos
1911 642 2120 697 paucos.

541 735 656 791 Nec
671 733 782 803 jam
810 730 1019 795 dicunt,
1045 728 1149 784 Sed
1173 726 1280 787 Inus
1306 724 1428 797 quid
1450 732 1567 779 sunt
1594 722 1724 776 inter
1748 728 1914 776 tantos
1939 716 2115 791 (Joan-

541 826 594 882 6.
627 822 741 898 9)?
790 835 848 878 ut
891 829 1046 877 antea
1088 818 1355 875 dicebant.
1400 815 1490 871 Sic
1539 812 1744 869 etiamsi
1792 824 1899 866 non
1953 818 2120 864 totum

539 915 1095 989 comprehenderent,
1124 913 1462 969 sublimiores
1487 918 1664 964 tamen
1702 902 1952 975 paulatim
1991 917 2119 958 eva-

538 1013 754 1067 debant.
792 1008 926 1065 Nam
968 1017 1025 1063 et
1069 1008 1183 1077 ipse
1212 1003 1295 1058 bis
1338 1001 1550 1057 illorum
1586 1006 1823 1055 mentem
1862 994 2073 1065 erigens
2100 1033 2117 1059 ,

540 1102 732 1158 eodem
759 1114 865 1171 quo
893 1099 1039 1168 prius
1062 1096 1220 1152 modo
1246 1090 1606 1163 interrogabat
1625 1131 1642 1157 ,
1675 1098 1734 1145 ut
1761 1087 1842 1143 vel
1868 1102 1932 1143 es
1959 1084 2119 1141 modo

544 1192 902 1264 interrogandi
929 1192 1039 1261 jam
1082 1194 1226 1260 gesta
1254 1187 1305 1239 in
1341 1183 1651 1240 memoriam
1692 1186 1989 1236 revocaret.
2032 1174 2112 1230 Tu

540 1303 668 1344 vero
713 1296 771 1341 ut
810 1284 901 1341 hic
926 1281 1101 1337 vidisti
1129 1279 1339 1334 illorum
1369 1272 1842 1346 imperfectionem,
1870 1266 1948 1327 sic
1969 1265 2119 1321 disce

539 1383 748 1439 illorum
769 1355 1185 1450 philosophicam
1203 1378 1459 1435 mentem,
1475 1373 1530 1424 et
1544 1363 1879 1422 veracitatem
1898 1360 2113 1424 mirare,

538 1470 805 1543 quomodo
828 1480 1020 1537 nempe
1039 1463 1335 1520 scribentes
1355 1501 1373 1527 ,
1404 1456 1765 1528 stupiditatem
1803 1466 1975 1517 suam,
2015 1449 2115 1543 etsi

538 1540 803 1634 magnam,
832 1573 937 1614 non
967 1554 1256 1612 occultent.
1284 1550 1465 1622 Neque
1490 1548 1632 1603 enim
1658 1543 1941 1634 mediocris
1960 1540 2114 1611 culpa

538 1633 674 1716 erat,
707 1665 874 1722 nuper
901 1647 1024 1704 facti
1050 1642 1287 1701 miraculi
1310 1650 1420 1695 tam
1444 1640 1549 1695 cito
1578 1633 1857 1700 oblivisci;
1888 1633 2116 1703 ideoque

539 1745 898 1813 increpantur.
1322 1732 1325 1735 “
1499 1736 1503 1740 ’

605 1833 659 1888 2.
700 1831 780 1888 Ad
838 1833 951 1886 hac
996 1828 1155 1883 aliam
1196 1838 1409 1897 quoque
1455 1818 1805 1893 philosophia
1850 1815 2110 1871 rationem

530 1928 734 1999 cogites
774 1924 931 1980 velim
978 1941 993 1976 :
1029 1918 1300 1992 quomodo
1336 1923 1576 1973 ventrem
1603 1916 1786 1983 parum
1822 1909 2110 1969 curabant,

530 2016 799 2090 quomodo
826 2011 1253 2077 instituebantur,
1286 2024 1355 2065 ne
1381 2019 1581 2061 mense
1606 2001 1829 2059 multum
1850 1999 2112 2090 rationem

534 2109 809 2164 baberent.
830 2105 964 2162 Nam
992 2104 1045 2160 in
1070 2101 1353 2160 solitudine
1374 2113 1494 2154 cum
1513 2103 1711 2161 essent,
1740 2103 1857 2164 post
1878 2090 2108 2147 triduum

530 2211 733 2271 septem
790 2212 956 2271 panes
1006 2196 1291 2253 habebant.
1330 2191 1535 2248 Ctetera
1586 2203 1711 2245 vero
1763 2187 2005 2243 Christus
2054 2190 2113 2238 ut

530 2294 677 2364 prius
702 2291 931 2364 disponit
962 2308 975 2343 :
1003 2288 1314 2346 recumbere
1335 2284 1485 2354 jubet
1508 2284 1560 2338 in
1580 2290 1747 2347 terra,
1777 2290 1831 2335 et
1854 2279 1905 2332 in
1935 2275 2108 2331 mani-

530 2386 628 2440 bus
654 2383 1030 2454 discipulorum
1058 2394 1219 2450 panes
1245 2375 1574 2444 multiplicat.
1606 2373 1695 2428 35.
1740 2371 1904 2424 Iussit
1941 2369 2105 2432 enim,

526 2480 619 2543 ait,
644 2485 697 2530 ut
722 2476 881 2530 turba
898 2473 1261 2528 discumberent
1290 2484 1440 2540 super
1469 2477 1672 2521 terram.
1708 2462 1796 2517 56.
1827 2461 1893 2517 Et
1917 2460 2106 2528 accipi-

524 2586 615 2624 ens
638 2568 855 2640 quinque
881 2580 1035 2637 panes
1062 2568 1119 2618 et
1137 2562 1319 2631 pisces,
1350 2559 1543 2631 gratias
1566 2570 1719 2625 agens
1744 2552 1917 2624 fregit,
1935 2561 1981 2605 et
2009 2553 2117 2604 da-.

525 2662 607 2715 bat
628 2658 889 2728 discipulis
908 2654 1175 2726 :discipult
1198 2668 1314 2707 uero
1338 2650 1513 2705 turba.
1540 2647 1685 2702 Finis
1705 2658 1834 2701 vero
1862 2640 2105 2697 miraculi

526 2753 687 2823 priori
715 2751 904 2806 similis
922 2763 1025 2804 non
1049 2746 1165 2802 fuit.
1190 2747 1277 2803 57.
1308 2744 1736 2799 Manducaveruat
1752 2740 1894 2801 enim
1912 2752 2102 2801 omnes,

522 2844 710 2911 inquit,
752 2852 797 2897 et
835 2840 1047 2896 saturati
1085 2847 1221 2899 sunt.
1261 2845 1309 2891 et
1347 2837 1567 2889 tulerunt
1605 2832 1738 2903 quod
1763 2841 2021 2899 supererat
2044 2830 2108 2883 de

523 2935 817 3006 fragmentis
845 2944 1032 3000 septem
1057 2940 1254 3000 apertas
1280 2929 1473 2998 plenas.
1508 2918 1594 2983 38.
1632 2926 1731 2991 Qui
1764 2935 1932 2979 autem
1969 2939 2106 2977 com-

520 3025 726 3079 ederunt
747 3030 890 3078 erant
918 3030 1132 3092 quatuor
1150 3020 1287 3074 mille
1314 3019 1425 3081 viri,
1454 3028 1632 3088 printer
1658 3015 1890 3070 mulieres
1909 3025 1955 3068 et
1978 3030 2100 3084 par-

522 3114 686 3169 antes.
715 3113 822 3169 Sed
852 3128 949 3168 cur
974 3121 1100 3167 tunc
1123 3126 1245 3166 cum
1270 3109 1549 3179 quinquies
1576 3106 1943 3171 milleessent,
1969 3104 2101 3159 duo-

521 3205 694 3260 decim
731 3203 943 3273 caphini
974 3199 1367 3271 superfuerunt,
1414 3198 1499 3253 hic
1526 3212 1674 3261 vero,
1706 3207 1929 3267 quatuor
1957 3193 2102 3249 mille

521 3310 640 3351 cum
689 3295 817 3360 sint,
857 3302 1061 3363 septem
1102 3301 1298 3361 sporta:
1326 3298 1611 3361 supersunt
1638 3291 1655 3361 (
1679 3287 1861 3342 Matth.
1892 3287 1979 3343 Η.
2008 3286 2098 3340 20.

521 3388 585 3443 2i
612 3388 629 3459 )
652 3398 674 3442 τ
701 3402 798 3443 cur
833 3401 962 3457 ergo
1002 3385 1233 3445 minores
1257 3392 1407 3440 erant
1440 3381 1700 3452 reliquiae,
1741 3395 1863 3435 cum
1886 3395 1993 3435 non
2026 3388 2101 3432 tot

522 3487 700 3536 essent
720 3479 809 3550 qui
831 3475 1211 3534 comedcrcnt‘i
1237 3474 1326 3531 Vel
1348 3473 1629 3530 dicendum
1651 3483 1752 3537 est,
1778 3480 2102 3542 sportasco-

520 3570 700 3640 phinis
729 3571 956 3640 majores
979 3566 1173 3635 fuisse;
1200 3567 1285 3622 lrei
1308 3581 1375 3623 ne
1402 3566 1597 3636 paritas
1623 3565 1831 3620 numeri
1864 3564 1914 3617 in
1941 3562 2099 3617 mira-

519 3662 640 3717 culo
678 3655 1007 3719 oblivionem
1049 3668 1292 3731 pareret,
1339 3674 1404 3713 ex
1450 3656 1746 3715 diil‘erentia
1789 3656 2097 3711 memoriam

521 3751 733 3807 illorum
777 3753 1055 3816 excitasse,
1108 3760 1163 3805 ut
1184 3767 1249 3828 ex
1283 3750 1539 3804 varietate
1578 3744 1636 3803 et
1675 3746 1832 3817 huius
1860 3756 1913 3801 et
1959 3745 2099 3800 illius

522 3843 948 3897 recordarentur.
982 3831 1208 3912 Ideoque
1246 3850 1369 3895 tunc
1392 3840 1652 3909 cophinos
1685 3839 2097 3908 fragmentorum

521 3932 795 4005 discipulis
845 3950 1067 3990 numero
1107 3948 1262 4004 pares
1306 3932 1460 3997 facit,
1511 3946 1650 3986 nunc
1694 3945 1822 3985 vero
1875 3929 2099 4000 panibus

520 4034 750 4095 sportas,
788 4034 842 4081 et
883 4027 932 4080 in
965 4024 1067 4079 hoc
1095 4039 1305 4094 quoque
1332 4039 1479 4079 suam
1511 4023 1828 4078 ineﬂ'abilem
1864 4030 2097 4091 potesta-

522 4125 627 4172 tein
655 4117 903 4181 ostendit,
937 4126 994 4172 et
1018 4116 1323 4171 facilitatem
1365 4115 1679 4185 imperandi,
1705 4129 1822 4168 cum
1852 4112 2015 4182 pOSsil.
2046 4122 2100 4166 ct

523 4208 623 4264 hoc
653 4219 708 4265 et
738 4209 829 4263 illo
854 4209 1011 4263 modo
1034 4208 1284 4263 miracula
1308 4208 1487 4262 edere.
1514 4206 1692 4274 Neque
1715 4204 1855 4258 enim
1877 4198 2099 4258 modicas

523 4301 799 4372 potestatis
825 4310 937 4355 erat
960 4314 1237 4354 numerum
1261 4312 1415 4368 posse
1437 4310 1757 4352 conservare
1778 4295 1827 4347 in
1852 4302 2095 4363 utroque,

520 4409 642 4449 cum
667 4403 790 4448 tunc
812 4393 1091 4463 quinquies
1119 4392 1284 4459 mille,
1316 4406 1455 4445 nunc
1474 4392 1705 4459 quatuor
1726 4388 1870 4443 mille
1897 4394 2092 4449 essent,

522 4499 621 4542 nec
645 4485 816 4556 plura,
862 4499 963 4540 nec
1004 4488 1250 4553 pauciora
1298 4483 1591 4552 fragmenta
1645 4482 1890 4552 relinqui,
1936 4496 2093 4552 quam

521 4587 645 4633 tunc
681 4576 917 4647 copbiui',
963 4590 1103 4631 nunc
1148 4584 1346 4643 sporta:
1384 4582 1637 4644 caperent
1663 4615 1675 4635 ,
1701 4574 1802 4629 etsi
1847 4588 2098 4629 numerus

519 4670 860 4724 convivarum
908 4683 1014 4723 non
1060 4682 1153 4738 par
1172 4677 1333 4724 esset.
1366 4665 1512 4721 Finis
1547 4667 1631 4721 hic
1660 4675 1713 4721 et
1738 4666 1789 4720 in
1820 4666 1996 4735 priore
2020 4666 2097 4719 sl-

518 4757 943 4814 ntilisfuit.Nam
972 4769 1112 4823 tunc,
1138 4757 1372 4811 dimissis
1400 4758 1586 4820 turbis,
1619 4757 1825 4823 navigio
1856 4756 2093 4822 recessit,

519 4859 573 4905 et
602 4850 687 4904 hic
715 4850 861 4914 item,
896 4857 953 4903 ut
974 4849 1205 4904 JOannes
1238 4849 1385 4918 (Cap.
1404 4848 1471 4903 6.
1496 4850 1583 4914 l7)
1622 4848 1768 4901 dicit.
1794 4847 1923 4915 Quia
1954 4850 2093 4901 enim

522 4941 722 4997 nullum
749 4942 955 5011 signum
997 4941 1131 4995 adeo
1173 4940 1377 4994 turbam
1418 4940 1699 4995 inducebat
1735 4940 1799 4993 ad
1840 4941 1983 4994 illum
2012 4956 2097 4996 se-

519 5035 806 5105 quendum,
830 5047 889 5089 ut
916 5048 1107 5106 panum
1140 5034 1449 5087 miraculum
1474 5077 1489 5099 ,
1524 5044 1579 5087 et
1616 5033 1717 5088 hoc
1760 5032 1917 5088 modo
1947 5035 2095 5103 ecqui

520 5130 665 5185 illum
689 5169 707 5195 ,
733 5128 826 5182 sed
869 5128 1027 5182 etiam
1072 5141 1254 5197 regem
1297 5125 1468 5182 facere
1497 5127 1779 5189 volebant,
1810 5136 1867 5181 ut
1884 5142 2096 5181 onmem

519 5218 813 5291 tyrannidis
853 5218 1206 5288 suspicionem
1242 5219 1439 5273 devitet
1462 5260 1476 5283 ,
1511 5227 1627 5287 post
1664 5216 1965 5285 hujusmodi
1994 5218 2095 5270 mi-

517 5310 753 5366 raculum
800 5310 1165 5366 rccedit:nec
1206 5311 1447 5380 pedibus,
1499 5326 1565 5366 ne
1607 5312 1680 5365 illi
1723 5320 2093 5378 sequerentur,

516 5404 611 5459 sed
643 5404 870 5473 navigio.
902 5402 991 5459 39.
1022 5401 1089 5457 Et
1134 5404 1341 5457 dimissa
1374 5404 1539 5467 turba,
1576 5404 1759 5471 inquit,
1794 5403 2021 5457 ascendit
2045 5405 2095 5457 in

518 5498 823 5557 naviculam,
855 5504 901 5549 et
946 5495 1076 5550 venit
1119 5497 1173 5549 in
1214 5496 1342 5564 ﬁnes
1374 5494 1635 5565 Magdala.
1680 5494 1828 5564 (Cap.
1860 5494 2000 5565 XVI)
2042 5496 2092 5549 i.

518 5587 582 5641 Et
608 5590 898 5642 accedentes
922 5584 1169 5642 Pltaristei
1196 5596 1242 5647 et
1280 5587 1552 5642 Sadducari
1594 5588 1835 5659 rogabant
1869 5605 1999 5653 eum,
2043 5598 2097 5643 ut

517 5680 715 5749 signum
752 5681 816 5733 de
852 5678 977 5733 calo
997 5679 1275 5733 ostenderet
1304 5682 1394 5733 eis.
1441 5681 1495 5733 2.
1527 5678 1625 5733 Ille
1643 5689 1810 5733 autem
1836 5681 1963 5734 dixit
1987 5683 2094 5737 eis:

520 5768 734 5840 Vespere
764 5772 903 5844 facto
928 5769 1125 5843 (licitis,
1161 5773 1403 5829 Serenum
1429 5776 1562 5828 erit:
1587 5775 1921 5830 rubicundum
1958 5780 2089 5831 enim

2224 637 2326 692 gna
2362 638 2477 676 vero
2522 631 2805 692 temporum
2848 639 2949 677 non
2990 622 3239 693 potestis?
3286 618 3554 675 Generatio
3580 635 3745 690 pratia
3782 632 3834 673 et

2222 714 2455 779 adultera
2477 716 2682 786 signum
2718 717 2917 786 quierit,
2958 724 3005 769 et
3030 716 3230 786 signum
3256 730 3357 769 non
3383 715 3586 783 dabitur
3618 714 3690 778 ei,
3724 714 3831 768 nisi

2221 804 2419 876 signum
2446 804 2598 861 lam:
2623 810 2901 879 propheta.
2929 804 2999 861 Et
3026 806 3373 877 derelinquens
3400 823 3484 860 eos
3510 805 3663 860 abiit.
3682 805 3828 860 Mur-

2222 912 2317 960 cus
2342 909 2519 954 autem
2536 900 2698 966 dicit,
2727 901 2862 959 Cum
2876 900 3306 965 accessissentet
3326 908 3653 968 «μκιτει-ιιιη,
3670 900 3827 967 iuge-

2222 990 2420 1068 muisse
2440 991 2649 1058 spiritu,
2672 1006 2735 1046 ac
2767 990 2965 1047 dixisse
2990 1008 3010 1047 ηε
3046 990 3182 1056 Quid
3203 991 3459 1061 generatio
3487 992 3587 1043 ista
3610 990 3830 1060 signum

2220 1083 2397 1152 quatrit
2421 1081 2619 1146 (Μαι-ο.
2639 1084 2695 1141 8.
2731 1083 2863 1155 ην
2893 1084 3001 1138 Etsi
3052 1084 3169 1137 talis
3200 1083 3548 1152 interrogatio
3595 1082 3733 1135 iram
3767 1092 3826 1133 ct

2221 1171 2637 1244 indignationem
2669 1174 2835 1244 possit
2874 1175 3125 1235 excitare.
3154 1184 3390 1228 attamen
3434 1173 3697 1243 benignus
3728 1172 3825 1226 ille

2220 1263 2479 1320 Dominus
2504 1280 2609 1318 non
2639 1265 2907 1332 irascitur,
2940 1265 3033 1321 sed
3064 1266 3349 1319 miseratur
3391 1264 3513 1318 illos
3539 1272 3820 1333 tamquam

2220 1355 2496 1410 incuraliili
2542 1355 2737 1413 morbo
2755 1356 3077 1418 laborantes.
3113 1355 3203 1426 qui
3235 1366 3353 1424 post
3384 1364 3583 1408 tantam
3616 1363 3819 1422 poten-

2220 1444 2305 1499 ιὶευ
2334 1459 2447 1500 sua:
2489 1445 3023 1510 demonstrationem,
3065 1454 3323 1500 tentatum
3356 1445 3589 1501 veniant.
3627 1443 3819 1514 Neque

2216 1538 2359 1590 enim
2381 1535 2706 1603 accedebant
2732 1539 3105 1605 utcrederent,
3128 1537 3221 1599 sed
3250 1548 3306 1591 ut
3326 1536 3812 1605 reprehenderent.

2216 1629 2349 1685 Nam
2379 1632 2445 1695 si,
2467 1639 2529 1691 ut
2567 1630 2871 1710 crederent,
2901 1619 3274 1697 accessissent,
3303 1632 3539 1685 dedisset
3576 1631 3760 1702 utique
3795 1650 3810 1686 :

2214 1722 2304 1791 qui
2343 1722 2486 1777 enim
2528 1722 2736 1779 mulieri
2781 1722 2933 1787 dixit,
2966 1720 3088 1777 Non
3114 1733 3189 1778 est
3233 1723 3417 1777 bonum
3457 1722 3687 1796 (Matth.
3717 1724 3811 1780 i5.

2214 1810 2329 1883 26),
2358 1820 2412 1867 et
2455 1822 2637 1881 postea
2681 1813 2891 1883 signum
2936 1812 3099 1877 dedit,
3136 1815 3303 1868 multo
3348 1813 3515 1884 magis
3547 1813 3633 1870 bis
3656 1830 3805 1885 pra»

2215 1902 2437 1957 buisset.
2462 1902 2659 1959 Verum
2686 1905 2807 1972 quia
2831 1919 2937 1959 non
2964 1905 3274 1976 quierebant
3300 1914 3357 1959 ut
3380 1905 3684 1969 crederent,
3714 1907 3811 1976 ity-

2216 1995 2443 2063 pocritas
2486 1994 2607 2049 illos
2646 1993 2771 2051 alibi
2818 2006 2993 2061 vocat,
3024 1996 3146 2066 quia
3172 1996 3311 2051 aliud
3342 1996 3613 2061 dicebant,
3659 1998 3808 2051 aliud

2214 2086 2535 2141 sentiebant.
2580 2085 2635 2142 Si
2663 2087 2805 2145 enim
2835 2086 3211 2149 credidissent.
3253 2102 3359 2141 non
3390 2088 3604 2156 petituri
3628 2100 3807 2143 erant.

2212 2176 2443 2231 Aliunde
2469 2177 2629 2232 etiam
2654 2178 2826 2247 palam
2849 2186 2929 2233 est
2962 2180 3102 2248 ipsos
3130 2196 3233 2233 non
3267 2180 3578 2235 credidisse.
3621 2179 3804 2235 lucre-

2212 2269 2318 2337 pati
2343 2269 2539 2339 quippe
2564 2277 2617 2324 et
2639 2270 2917 2335 confutati,
2946 2285 3051 2324 non
3080 2280 3409 2334 manserunt,
3438 2287 3613 2341 neque
3648 2272 3805 2327 dixe-

2212 2372 2373 2418 runt:
2416 2364 2725 2433 ignoramus
2772 2373 2823 2418 et
2862 2363 3103 2419 ediscere
3148 2364 3459 2435 quia-rimus.
3485 2364 3641 2432 Quod
3675 2379 3809 2419 vero

2209 2453 2416 2523 signum
2444 2452 2511 2507 de
2538 2452 2669 2507 czelo
2699 2454 2988 2523 petebant?
3030 2452 3101 2509 Ut
3138 2453 3306 2507 solem
3335 2456 3569 2518 sisteret,
3603 2455 3683 2507 vel
3715 2454 3802 2507 lu-

2211 2560 2330 2599 nam
2364 2544 2616 2609 frenaret,
2667 2554 2761 2601 aut
2807 2544 3027 2599 fulmina
3060 2548 3316 2611 mitteret,
3343 2556 3429 2599 aut
3459 2560 3639 2600 aerem
3678 2561 3802 2600 mn-

2209 2645 2366 2705 turet,
2413 2650 2503 2695 aut
2538 2639 2662 2709 quid
2712 2639 2904 2695 simile.
2949 2639 3085 2705 Quid
3128 2640 3285 2710 igitur
3308 2641 3381 2695 ait
3411 2640 3562 2708 ipse?
3590 2636 3803 2710 Faciem

2205 2731 2318 2786 cali
2345 2731 2625 2802 diiudicare
2646 2731 2803 2796 scitis,
2835 2732 2982 2802 signa
3006 2748 3121 2785 vero
3138 2742 3416 2802 temporum
3441 2746 3543 2787 non
3564 2731 3805 2800 potestis?

2210 2822 2426 2877 Vidistis
2457 2824 2919 2879 mansuetudinem
2946 2833 3001 2878 et
3028 2823 3485 2879 moderationem!
3508 2822 3625 2878 Non
3652 2824 3802 2878 enim

2206 2924 2261 2970 ut
2292 2914 2438 2984 prius
2478 2915 2689 2985 negavit
2726 2926 2781 2971 et
2806 2915 2958 2977 dixit.
2992 2914 3112 2969 Non
3140 2913 3342 2969 dabitur
3370 2915 3416 2967 ei
3442 2913 3670 2979 (Matth.
3705 2914 3799 2971 l3.

2205 3008 2274 3062 59
2293 3003 2336 3079 ),
2368 3006 2461 3061 sed
2488 3020 2706 3061 causam
2736 3022 2831 3061 cur
2872 3022 2975 3061 non
3017 3006 3108 3063 det
3148 3004 3324 3077 all'ert,
3355 3004 3561 3059 etiamsi
3587 3004 3662 3071 illi
3689 3021 3800 3060 non

2206 3111 2263 3157 ut
2284 3101 2553 3157 discerent
2578 3104 2985 3174 interrogarent.
3011 3104 3267 3173 Quasnam
3297 3103 3455 3175 igitur
3473 3116 3630 3160 causa
3654 3102 3802 3165 erat!

2204 3192 2273 3251 Ut
2300 3194 2354 3248 in
2374 3195 2527 3259 caelo,
2558 3195 2745 3266 inquit,
2774 3195 2917 3250 aliud
2943 3195 3154 3265 signum
3175 3205 3257 3250 est
3281 3196 3631 3271 tempestatis,
3652 3194 3800 3253 aliud

2203 3288 2620 3358 tranquillitatis.
2670 3302 2771 3344 nec
2797 3287 2918 3359 quis
2942 3296 3230 3357 conspecto
3261 3288 3590 3357 tempestatis
3613 3288 3796 3358 signo,

2205 3380 2636 3450 tranquillitatem
2681 3389 2973 3450 exspectat,
3007 3394 3179 3450 neque
3210 3381 3264 3434 in
3294 3380 3674 3449 tranquillitate
3702 3395 3797 3438 se-

2202 3478 2327 3527 rena
2353 3481 2719 3538 tempestatem
2753 3488 2766 3523 :
2794 3471 2872 3525 sic
2896 3468 2964 3524 de
3005 3483 3093 3523 me
3120 3484 3331 3539 quoque
3358 3470 3794 3526 existimandum.

2200 3562 2356 3617 Aliud
2384 3562 2527 3617 enim
2570 3571 2653 3617 cst
2684 3572 2890 3632 tempus
2922 3560 3081 3631 hujus
3103 3561 3386 3632 adventus,
3415 3561 3559 3616 aliud
3606 3564 3793 3633 futuri.

2202 3655 2355 3711 Nunc
2378 3670 2514 3726 opus
2542 3665 2625 3711 est
2666 3657 2831 3725 signis
2857 3655 2984 3723 illis,
3011 3671 3129 3726 quae
3160 3656 3211 3709 in
3245 3664 3383 3709 terra
3414 3646 3649 3722 dantur;
3671 3672 3796 3727 qm;

2203 3750 2257 3805 in
2285 3750 2418 3805 caelo
2444 3758 2644 3814 autem,
2669 3749 2721 3802 in
2750 3746 2877 3803 illud
2924 3758 3135 3817 tempus
3160 3731 3529 3803 resetﬂ'antur.
3557 3747 3708 3805 Nunc
3736 3762 3796 3805 ut

2202 3840 2443 3896 medicus
2462 3840 2603 3906 veni,
2634 3849 2757 3894 tunc
2782 3847 2839 3893 ut
2875 3838 3038 3909 iudex
3063 3838 3263 3903 adero;
3295 3854 3439 3894 nunc
3472 3847 3530 3893 ut
3555 3855 3793 3911 quaeram

2202 3946 2298 3987 eos
2325 3932 2414 4001 qui
2452 3939 2787 3995 erraverunt,
2834 3938 2962 3985 tunc
2992 3938 3048 3984 ut
3086 3932 3322 3985 rationes
3346 3941 3607 3999 repetam.
3640 3931 3797 3986 Ideo-

2200 4038 2310 4093 quo
2324 4023 2494 4078 latens
2524 4020 2676 4083 veni;
2705 4030 2830 4076 tunc
2856 4023 3063 4092 publice
3088 4034 3144 4076 et
3170 4022 3343 4091 palam
3384 4024 3544 4079 caelos
3568 4027 3791 4084 convol-

2200 4130 2341 4182 vam,
2363 4115 2533 4169 solem
2560 4112 2902 4177 abscondam,
2926 4114 3104 4168 lunam
3129 4128 3234 4167 non
3260 4114 3432 4168 sinam
3461 4119 3588 4169 dare
3614 4116 3791 4171 lucem

2200 4221 2368 4261 suam.
2398 4204 2551 4260 Tunc
2570 4208 2790 4258 virtutes
2817 4204 3068 4269 ctelorum
3106 4204 3476 4268 movebuntur,
3503 4207 3792 4263 adventus-

2202 4310 2303 4366 que
2342 4310 2494 4350 meus
2523 4294 2710 4348 similis
2738 4293 2841 4347 erit
2878 4291 3068 4361 fulguri
3108 4292 3386 4348 confestim
3415 4295 3657 4349 omnibus
3687 4314 3786 4369 ap-

2201 4391 2426 4460 parenti.
2448 4388 2554 4443 Sed
2573 4402 2677 4443 non
2693 4384 2787 4442 est
2793 4386 2903 4457 jam
2928 4394 3138 4455 tempus
3162 4384 3461 4456 huiusmodi
3489 4389 3785 4457 signorum.

2198 4483 2331 4539 Nam
2359 4484 2478 4538 veni
2508 4482 2796 4535 moriturus
2825 4489 2879 4535 et
2910 4479 3211 4548 turpissima
3247 4493 3518 4548 passmus.
3546 4480 3659 4534 Non
3690 4500 3787 4536 au-

2198 4576 2353 4632 distis
2398 4574 2712 4644 prophetam
2762 4571 3025 4626 dicentem
3073 4589 3087 4625 :

2200 4668 2455 4729 clamabit,
2482 4679 2642 4734 neque
2679 4662 2913 4716 audietur
2940 4662 3065 4733 [oris
3091 4676 3189 4714 eoa:
3217 4661 3363 4731 ψη(
3396 4660 3520 4715 Isai.
3554 4663 3645 4721 4‘2.
3675 4665 3710 4717 ἳ
3732 4665 3791 4737 )2

2200 4769 2253 4814 et
2276 4758 2435 4813 altum
2460 4769 2644 4811 rursus
2676 4771 2691 4808 :
2720 4751 2996 4808 Descendet
3024 4753 3151 4806 sicut
3180 4751 3349 4821 pluvia
3371 4753 3598 4811 invellus
3618 4754 3789 4825 (Psnf.

2199 4852 2287 4907 7i.
2316 4850 2401 4918 6)?

3134 4569 3255 4624 Non
3298 4572 3581 4637 contendet,
3631 4590 3792 4643 neque

2270 4947 2322 5001 5.
2346 4946 2497 5013 Quod
2525 4946 2567 4999 si
2596 4957 2658 4996 ea
2688 4944 2835 5013 signa
2865 4941 3043 4997 dicant
3069 4956 3189 5009 qua:
3213 4940 3311 4995 sub
3350 4937 3627 4996 Pharaone
3655 4940 3795 4997 facta

2196 5046 2343 5103 sunt,
2369 5050 2500 5090 sane
2544 5034 2633 5089 illo
2679 5045 2919 5102 tempore
2958 5032 3024 5086 ab
3049 5031 3201 5087 hoste
3239 5033 3369 5101 eripi
3397 5032 3697 5102 oportebat,
3722 5047 3795 5090 ac

2198 5128 2314 5198 iure
2336 5128 2421 5182 illa
2453 5126 2648 5180 ﬁebant
2676 5125 2823 5193 signa
2858 5140 2871 5177 :
2907 5123 2978 5178 illi
3005 5132 3204 5187 autem,
3232 5124 3319 5194 qui
3350 5124 3415 5177 ad
3455 5124 3659 5179 amicos
3688 5125 3791 5179 ad-

2202 5222 2361 5286 venit,
2397 5236 2501 5275 non
2530 5234 2665 5289 Opus
2691 5227 2775 5273 est
2802 5218 2969 5287 signis
2996 5217 3119 5273 illis.
3155 5217 3435 5285 Quomodo
3472 5227 3647 5277 autem
3676 5236 3781 5273 ma-

2200 5329 2301 5385 gna
2320 5314 2406 5367 illa
2428 5313 2585 5379 dabo,
2612 5327 2730 5367 cum
2754 5325 2915 5382 parva
2936 5325 3039 5364 non
3061 5310 3383 5365 credantur?
3407 5314 3569 5365 Parva
3589 5311 3794 5366 scilicet

2199 5414 2455 5478 quantum
2498 5406 2564 5458 ad
2607 5404 3040 5467 ostentationem,
3092 5418 3213 5456 nam
3259 5402 3362 5455 illis
3400 5403 3592 5455 virtute
3621 5404 3793 5457 multo

2202 5500 2402 5567 majora
2449 5504 2589 5550 sunt.
2638 5495 2773 5562 Quid
2816 5497 2959 5551 enim
3011 5509 3105 5563 par
3154 5494 3309 5545 fuerit
3338 5501 3676 5563 peccatorum
3706 5508 3795 5547 ro-

2200 5589 2480 5647 missioni?
2524 5587 2647 5659 quid
2692 5596 2796 5641 tam
2845 5588 3087 5641 mirabile
3134 5586 3290 5640 fuerit
3338 5600 3493 5654 quam
3522 5594 3792 5639 mortuum

2199 5684 2488 5746 suscitare,
2538 5682 2812 5736 daemonas
2860 5680 3092 5748 pellere,
3139 5692 3334 5748 corpus
3379 5677 3707 5739 reformare,
3735 5683 3792 5731 et

2201 5776 2378 5833 omnia
2427 5774 2764 5831 restaurare?
2806 5772 2886 5827 Tu
2926 5788 3051 5843 vero
3097 5787 3193 5827 cor
3236 5784 3419 5825 eorum
3460 5776 3782 5823 ocaecatum
