4046 6464
194 442 331 497 529

192 554 526 617 considera,
556 552 641 621 qui
670 566 789 603 tum
817 551 1111 611 audissent,
1141 546 1358 615 Signum
1384 562 1483 599 non
1518 546 1719 599 dabitur
1742 546 1813 599 eis

195 648 321 700 nisi
362 647 561 716 signum
593 641 743 696 Jontv
771 643 1054 712 praphctw,
1104 655 1207 693 non
1258 640 1606 708 interrogant.
1656 636 1814 706 Atqui

195 742 500 809 Oportebat
545 753 662 798 eos,
706 739 792 806 qui
840 736 1151 807 prophetam
1203 742 1496 798 noverant,
1529 733 1815 801 omniaque

198 845 347 886 tunc
372 844 539 902 gesui,
569 840 623 884 et
650 831 761 881 ha‘c
795 829 903 897 jam
938 829 1115 881 denuo
1143 825 1443 886 audiebant,
1479 823 1735 877 sciscitari
1762 830 1816 875 et

193 923 451 987 discere,
496 936 593 973 cur
634 920 733 973 hoc
770 919 1037 972 diceretur
1066 938 1080 969 :
1109 915 1225 981 sed,
1272 914 1411 984 quod
1449 914 1580 979 dixi,
1611 929 1715 967 non
1746 928 1812 966 ex

192 1013 457 1068 discendi
487 1009 754 1064 desiderio
780 1010 879 1062 hoc
911 1007 1207 1076 proferunt.
1236 1005 1464 1074 Ideoque
1488 1004 1688 1057 relictis
1708 1002 1813 1057 illis

194 1104 368 1157 :iliiit.
395 1104 447 1158 5.
482 1102 548 1155 l-Jt
587 1118 698 1154 cum
734 1100 997 1164 venissent,
1047 1098 1235 1167 inquit,
1264 1096 1498 1163 discipuli
1538 1096 1647 1165 ejus
1674 1105 1813 1159 trans

196 1200 425 1266 fretum,
457 1195 596 1247 obliti
623 1202 736 1245 sunt
765 1208 922 1259 panes
947 1190 1191 1259 accipere.
1220 1190 1274 1241 6.
1304 1187 1454 1241 lesus
1489 1198 1655 1240 autent
1682 1185 1812 1239 dixit

195 1286 320 1338 illis
348 1302 366 1338 :
406 1284 578 1338 Videte
605 1296 650 1338 et
679 1291 843 1335 cavete
867 1298 899 1333 η
924 1285 1167 1351 fermento
1197 1278 1574 1333 Pharisaeorum
1604 1292 1649 1333 et
1671 1280 1812 1334 Sad-

198 1380 530 1432 duca'orum.
582 1376 689 1429 Cur
731 1390 833 1428 non
876 1373 1029 1436 dixit,
1075 1371 1269 1427 Cavete
1298 1387 1327 1426 a
1358 1371 1641 1426 doctrina?
1691 1371 1814 1425 Vult

197 1477 362 1522 certe
389 1468 517 1535 ipsis
544 1482 662 1535 quae
683 1476 828 1535 gesta
853 1463 1060 1517 fuerant
1097 1463 1147 1515 in
1180 1462 1491 1515 memoriam
1526 1476 1809 1529 revocare;

196 1559 422 1613 sciebat
451 1557 593 1611 cuitu
635 1558 744 1623 jam
773 1569 893 1609 esse
917 1554 1132 1607 oblitos.
1162 1551 1267 1608 Sed
1298 1553 1612 1623 simpliciter
1650 1567 1809 1608 accu-

197 1665 338 1703 sare
383 1662 488 1703 non
540 1646 817 1701 videbatur
849 1654 973 1699 tunc
995 1653 1350 1713 opportunum
1391 1657 1553 1697 esse:
1602 1658 1807 1708 verum,

198 1742 500 1796 occasione
526 1740 594 1793 ab
618 1740 719 1793 illis
747 1747 983 1807 accepta,
1027 1738 1302 1804 increpare
1332 1736 1449 1790 illos
1479 1735 1809 1790 tolerabilem

202 1830 475 1886 reddebat
518 1830 929 1884 accusationem.
982 1827 1048 1880 Et
1096 1842 1191 1903 cur
1237 1842 1339 1879 non
1373 1836 1492 1879 tunc
1520 1825 1810 1895 increpavit

202 1938 308 1977 cos
334 1921 749 1985 cuntdixerunt,
788 1918 934 1974 Unde
962 1918 1103 1971 nobis
1134 1919 1185 1970 in
1214 1918 1486 1971 solitudine
1509 1927 1579 1971 tot
1614 1920 1813 1985 panes?

203 2013 352 2070 Nam
386 2023 513 2066 tunc
556 2011 869 2065 videbantur
899 2010 1012 2064 haec
1048 2017 1355 2078 Opportune
1392 2010 1493 2064 dici
1528 2025 1703 2079 posse.
1734 2011 1811 2065 Ne

205 2103 488 2158 vidi-retur
513 2102 578 2157 ad
602 2103 809 2172 signum
842 2100 1141 2155 faciendum
1168 2116 1403 2155 currere.
1446 2102 1691 2172 Alioquin
1717 2119 1812 2157 au-

208 2204 323 2249 tem
352 2194 563 2249 uolebat
586 2210 764 2247 coram
790 2195 957 2247 turbis
981 2194 1096 2247 illos
1118 2208 1363 2260 arguere,
1390 2196 1469 2249 vel
1494 2210 1612 2249 sese
1632 2206 1811 2251 osten-

208 2298 352 2339 tare.
405 2285 556 2340 Nunc
602 2299 731 2339 vero
787 2284 1139 2355 opportunior
1189 2286 1477 2346 accusatio,
1531 2288 1649 2354 quia
1694 2298 1813 2357 post

206 2376 413 2446 duplex
443 2375 755 2430 miraculum
790 2376 921 2430 tales
951 2386 1124 2430 erant.
1180 2374 1380 2429 Idcirco
1407 2391 1525 2429 eum
1554 2377 1695 2430 aliud
1731 2378 1809 2432 l'e-

206 2468 379 2520 εῖδει-ι
436 2467 785 2525 miraculum.
845 2477 968 2520 tunc
1024 2468 1296 2535 increpat,
1356 2469 1812 2539 cogitationesque

209 2557 454 2627 ipsorum
490 2558 539 2610 in
571 2558 803 2612 medium
835 2558 1095 2625 producit.
1121 2558 1253 2624 Quid
1278 2574 1441 2629 porro
1469 2561 1811 2629 Cogitabam?

210 2649 270 2701 7.
301 2649 434 2715 Quia
463 2664 619 2717 partes
649 2666 747 2702 non
776 2666 1077 2719 accepimus,
1105 2650 1287 2717 inqu.t.
1317 2650 1503 2704 Adhuc
1530 2653 1667 2705 enim
1691 2670 1812 2720 pur-

207 2740 519 2810 gationibus
564 2739 798 2792 .lndaicis
843 2750 993 2793 erant
1042 2739 1255 2801 addicu,
1308 2756 1537 2793 necnon
1566 2743 1810 2798 ciborum

207 2830 715 2893 observationibus;
770 2830 993 2899 ideoque
1033 2845 1217 2884 eorum
1265 2833 1498 2885 omnium
1532 2847 1689 2887 causa
1720 2851 1810 2888 vc-

210 2920 521 2974 liemeutius
549 2920 598 2973 iu
626 2920 741 2973 illos
764 2920 1048 2986 invehitur,
1078 2920 1262 2975 dicens
1293 2938 1305 2973 :
1341 2922 1391 2976 8.
1423 2920 1559 2987 Quid
1580 2926 1811 2993 cogitatis

208 3014 267 3065 in
297 3012 433 3065 vobis
454 3013 599 3080 ipsis,
632 3013 842 3064 modica:
870 3012 1018 3079 ﬁdei,
1048 3012 1183 3081 quod
1214 3029 1368 3075 panes
1396 3030 1493 3066 non
1536 3016 1762 3084 ceperitis
1786 3016 1811 3068 ?

210 3106 271 3159 9.
312 3104 552 3159 Nondum
578 3104 871 3173 intelligitis
904 3120 1058 3171 neque
1088 3105 1456 3159 recordamini?
1476 3105 1807 3160 Occwcatum

208 3206 299 3249 est
324 3212 416 3248 eor
438 3203 694 3258 vestrum,
734 3194 915 3247 oculos
961 3194 1216 3247 habentes
1248 3209 1351 3247 non
1398 3194 1609 3262 videtis,
1652 3212 1811 3252 aures

213 3288 474 3342 habentes
506 3302 608 3341 uou
636 3286 848 3339 auditis.
879 3285 997 3339 Non
1024 3287 1359 3339 recordamini
1384 3290 1603 3357 quinque
1619 3307 1810 3361 panum

212 3380 269 3432 iit
288 3379 508 3448 quinque
532 3377 690 3431 millia
721 3378 997 3440 hominum,
1018 3387 1061 3431 ct
1082 3390 1198 3447 quot
1222 3379 1466 3448 cophinus
1485 3382 1770 3449 sumpsistis
1784 3383 1813 3436 .9

212 3468 307 3523 10.
336 3485 491 3537 neque
512 3478 699 3537 septem
735 3485 945 3538 prmum,
986 3469 1037 3521 in
1069 3479 1284 3536 quatuor
1329 3471 1489 3524 millia
1527 3473 1807 3541 hominum,

206 3573 261 3614 et
286 3573 402 3631 quot
428 3574 625 3632 sportas
649 3562 933 3629 sumpsisti;
950 3561 976 3614 ?
1260 3615 1264 3617 Α

284 3650 579 3722 lncrepatio
628 3653 1002 3705 mansuetudini
1040 3655 1309 3724 conjuncta
1340 3656 1500 3711 utilis.
1527 3687 1597 3696 —
1627 3657 1811 3713 Vidcn’

212 3744 469 3813 grandem
498 3742 949 3811 indignationem?
977 3743 1157 3813 Neque
1184 3760 1404 3815 usquam
1435 3747 1558 3801 alibi
1600 3749 1811 3804 videtur

213 3834 335 3889 illos
365 3836 443 3887 sic
474 3835 795 3903 increpasse.
831 3833 935 3888 Cur
965 3851 1091 3904 ergo
1119 3839 1187 3889 ita
1231 3836 1387 3891 facit?
1419 3838 1486 3893 Ut
1516 3855 1699 3894 rursus
1729 3842 1806 3895 ci-

214 3926 405 3979 borum
437 3926 825 3979 observationis
851 3928 1156 3994 epiuiOueui
1178 3930 1497 3986 clituinaret.
1523 3932 1645 3987 ideo
1663 3936 1806 3989 enim

213 4025 341 4070 tunc
366 4016 578 4070 dicebat
608 4026 833 4080 tantum,
867 4016 989 4071 Siue
1017 4019 1270 4073 intellectu
1305 4024 1441 4087 estis,
1474 4038 1575 4075 non
1614 4025 1804 4079 intelli-

211 4109 365 4178 gitis;
400 4108 483 4162 hic
514 4124 640 4162 vero
678 4111 1025 4165 vehementer
1055 4113 1379 4182 increpando
1409 4116 1557 4181 dicit,
1590 4117 1809 4172 Modica:

213 4201 353 4259 ﬁdei.
415 4200 531 4253 Non
591 4203 732 4254 enim
792 4204 982 4272 ubique
1034 4208 1493 4264 iiiansuetudiuem
1550 4211 1808 4267 aduihere

210 4297 444 4358 oportet.
476 4288 544 4345 Ut
572 4290 713 4343 enim
757 4292 999 4347 liduciam
1033 4296 1160 4363 ipsis
1190 4297 1457 4353 indiderat
1488 4319 1501 4353 :
1531 4302 1609 4355 sic
1637 4312 1692 4357 et
1720 4304 1820 4356 in-~

210 4390 415 4448 crepat,
444 4380 547 4434 hac
591 4383 844 4436 varietate
890 4386 1042 4439 saluti
1076 4404 1261 4442 eorum
1296 4392 1643 4459 prospiciens.
1678 4392 1807 4449 Vide

211 4483 391 4524 autetu
418 4485 469 4524 et
499 4473 912 4541 increpationem
970 4487 1021 4529 et
1051 4494 1152 4530 una
1183 4483 1642 4537 mansuetudinem
1668 4485 1806 4538 mul-

212 4571 339 4614 tam.
377 4560 505 4615 Nain
537 4577 655 4617 sese
681 4562 790 4617 fere
820 4580 1052 4635 purga..s
1082 4569 1222 4636 quod
1251 4572 1367 4625 illos
1389 4587 1578 4641 aspere
1603 4576 1807 4645 arguis-

210 4663 313 4727 set,
340 4651 415 4705 ait
441 4669 453 4704 :
484 4650 727 4705 Nondum
753 4656 1030 4727 intelligitis
1045 4661 1270 4730 quinque
1312 4678 1468 4731 panes
1494 4665 1548 4717 in
1588 4667 1807 4737 quinque

209 4742 391 4807 millia,
421 4753 465 4795 et
491 4754 610 4810 quot
637 4746 879 4814 cophinos
908 4751 1229 4819 sumpsistis?
1261 4762 1307 4805 et
1329 4764 1517 4821 septem
1562 4773 1716 4825 partes
1752 4759 1805 4812 in

210 4844 426 4903 quatuor
450 4838 629 4902 millia,
668 4849 713 4891 et
755 4851 871 4908 quot
891 4853 1089 4910 sportas
1114 4847 1433 4916 sumpsistis?
1463 4848 1586 4904 Ideo
1611 4867 1802 4908 nume-

210 4941 327 4980 rum
376 4926 530 4983 affert
572 4939 676 4984 tam
726 4948 910 4987 eorum
956 4937 1043 5005 qui
1074 4939 1437 5007 consederant,
1486 4958 1642 5011 quam
1676 4947 1802 5001 reli-

210 5019 488 5087 quiarum;
516 5030 573 5075 ut
606 5023 709 5076 illis
736 5026 895 5081 simul
925 5029 978 5081 in
1008 5032 1319 5086 memoriam
1348 5046 1628 5091 revocaret
1663 5054 1801 5108 pran-

213 5110 386 5175 terita,
414 5121 463 5165 et
506 5113 571 5166 ad
610 5113 782 5169 futura
828 5117 970 5186 ipsos
1007 5123 1320 5178 attentiores
1351 5124 1617 5182 redderet.
1654 5130 1718 5183 Et
1748 5140 1804 5185 ut

209 5198 405 5301 discas,
427 5213 680 5271 quantum
704 5207 872 5274 potuit
894 5209 1205 5279 increpatio,
1226 5224 1386 5285 utque
1407 5219 1800 5277 somnolentum

212 5304 445 5381 ipsorum
477 5305 709 5349 mentem
735 5301 984 5365 erexerit,
1008 5304 1129 5357 audi
1152 5307 1275 5375 quid
1297 5308 1439 5362 dicat
1453 5313 1800 5381 evangelista.

211 5380 339 5435 Nam
367 5398 485 5437 eum
509 5383 665 5440 Jesus
692 5387 819 5442 uibil
846 5392 1071 5461 amplius
1092 5394 1332 5462 dixisset,
1356 5400 1447 5453 sed
1473 5400 1802 5471 increpasset

212 5472 323 5526 lnec
372 5483 574 5529 tantum
626 5477 893 5545 addendo,
938 5484 1025 5537 il.
1061 5486 1327 5547 Quomodo
1368 5506 1469 5543 non
1499 5492 1799 5564 intelligitis,

212 5580 287 5655 me
330 5582 429 5618 non
484 5584 515 5620 α
567 5586 696 5637 pane
744 5589 917 5627 cavere
959 5576 1148 5631 dixisse
1196 5581 1351 5642 vobis,
1384 5584 1471 5635 sed
1496 5601 1527 5637 α
1557 5588 1800 5655 fermento

217 5654 587 5746 l’lmrisworum
634 5672 680 5715 et
724 5664 1165 5724 Sadducazorum?
1210 5673 1389 5727 subdit
1426 5654 1795 5746 evangelista:

215 5745 299 5798 Η.
338 5745 475 5800 Tunc
497 5751 869 5819 intellexerunt,
898 5759 1017 5825 quia
1044 5777 1142 5813 non
1170 5762 1368 5817 dixerat
1394 5770 1665 5823 cavendum
1695 5788 1802 5827 esse

211 5856 241 5894 α
256 5839 506 5909 fermento
533 5846 703 5913 panis,
732 5847 820 5902 sed
857 5867 888 5902 a
914 5850 1141 5907 doctrina
1172 5854 1554 5917 Pluirisneorum
1574 5876 1619 5921 et
1655 5867 1792 5921 Sad-

1252 435 1313 488 ΙΝ
1357 432 1764 489 MATTHAEUM
1804 431 2032 487 llOMlL.
2076 432 2207 486 Llll.
2248 435 2315 488 al.
2363 433 2495 488 LIV.

3416 436 3521 491 550

1928 547 2251 615 doricorum;
2279 547 2484 602 etiamsi
2512 548 2599 603 ille
2633 548 2745 601 lure
2774 562 2879 601 non
2912 547 3091 602 fuisset
3118 548 3517 618 in‘crptetaans.

1929 638 2057 693 Vide
2083 648 2278 708 quanta
2312 639 2445 694 bona
2470 641 2709 694 attulerit
2740 640 3051 709 increpatio.
3077 638 3209 694 Nam
3231 656 3259 693 a
3284 639 3522 696 Judaieis

1921 728 2383 784 observationibus
2415 730 2535 785 illos
2564 730 2806 795 abduxit,
2852 741 2903 784 et
2947 731 3204 785 socordes
3231 742 3411 795 antea,
3443 729 3521 783 fe-

1920 820 1992 873 cit
2016 821 2352 887 attentiores,
2399 832 2559 890 atque
2604 836 2631 873 a
2675 820 2795 874 tidei
2832 820 3199 876 imbecillitate
3230 824 3516 885 revocavit,

1920 909 1989 964 ita
2022 921 2078 964 ut
2100 925 2205 965 non
2238 913 2476 977 timeant,
2504 928 2676 982 neque
2707 912 3013 977 formident,
3060 914 3103 966 si
3142 914 3358 982 quando
3386 931 3519 983 pan-

1918 1018 2011 1057 cos
2042 1019 2205 1073 panes
2247 1004 2497 1071 habeant,
2543 1021 2717 1075 neque
2746 1006 2814 1059 de
2860 1005 2999 1059 fame
3045 1006 3277 1060 cavenda
3304 1007 3517 1061 solliciti

1917 1095 2046 1160 sint,
2077 1094 2169 1149 sed
2202 1095 2315 1149 haec
2341 1097 2519 1149 omnia
2545 1105 2910 1150 contemnant.
2945 1096 3023 1151 Ne
3046 1098 3223 1165 itaque
3255 1112 3352 1153 uos
3379 1113 3512 1153 sem-

1920 1199 2015 1253 per
2038 1185 2297 1239 assentari
2341 1186 2569 1241 subditis
2592 1187 2842 1252 velimus,
2878 1203 2975 1241 nec
3003 1197 3255 1257 optemus
3284 1198 3340 1242 ut
3364 1189 3398 1242 ii
3426 1193 3515 1257 qui

1918 1275 2074 1329 nobis
2114 1288 2351 1346 praesunt
2390 1277 2546 1332 nobis
2592 1278 2933 1333 adulentur‘.
2964 1266 3093 1332 Nam
3127 1290 3355 1350 utroque
3385 1294 3520 1350 Opus

1918 1366 2079 1422 habet
2126 1383 2276 1425 meus
2310 1370 2547 1424 humana
2591 1369 2848 1425 remedio.
2900 1370 3025 1425 Ideo
3074 1372 3214 1426 Deus
3242 1386 3328 1427 res
3362 1373 3521 1441 hujus

1918 1457 2102 1512 mundi
2142 1459 2219 1513 sic
2261 1460 2626 1524 administrat,
2656 1475 2718 1513 ac
2741 1460 2901 1514 modo
2937 1460 3060 1524 hoc,
3096 1460 3256 1514 modo
3283 1461 3412 1515 illud
3441 1460 3521 1515 fa-

1915 1553 2008 1617 cit,
2058 1567 2229 1623 ueque
2276 1552 2414 1607 bona
2470 1553 2766 1618 manentia,
2826 1567 2999 1622 neque
3052 1553 3187 1606 mala
3219 1554 3346 1606 sinit
3376 1567 3517 1607 esse.

1914 1642 2375 1711 Quemadmodum
2403 1643 2544 1697 enim
2568 1641 2729 1698 modo
2750 1642 2887 1710 dies,
2912 1643 3071 1696 modo
3093 1653 3328 1707 noxest,
3358 1642 3519 1697 modo

1914 1746 2096 1802 aestas,
2144 1735 2305 1790 modo
2353 1736 2669 1789 hiemszsie
2718 1745 2773 1789 et
2824 1736 2876 1789 in
2908 1735 3063 1790 nobis
3094 1734 3255 1789 modo
3281 1736 3516 1796 trisuia,

1916 1828 2077 1881 modo
2122 1827 2407 1896 voluptas;
2470 1826 2628 1879 modo
2682 1826 2923 1891 morbus,
2977 1826 3137 1880 modo
3190 1826 3410 1881 sanitas.
3442 1824 3518 1878 Ne

1916 1934 2043 1989 ergo
2090 1920 2345 1973 miremur
2377 1918 2419 1972 si
2449 1928 2786 1988 :rgrotemus,
2818 1917 3032 1986 quando
3048 1917 3208 1971 etiam
3232 1907 3353 1970 cum
3381 1918 3518 1970 bene

1917 2012 2157 2066 valemus
2184 2010 2487 2065 mirandum
2515 2023 2595 2065 cst
2612 2012 2653 2064 ².
2678 2009 2860 2080 Neque
2894 2011 3168 2063 turbemur
3188 2023 3308 2063 cum
3331 2009 3518 2061 dolore

1917 2102 2183 2173 angimur,
2235 2117 2356 2155 nam
2407 2101 2620 2171 quando
2664 2100 2981 2170 gaudemus,
3031 2101 3262 2154 maxime
3313 2099 3517 2154 turbari

1918 2210 2012 2264 par
2037 2202 2136 2249 est.
2164 2193 2353 2247 Omnia
2399 2192 2597 2263 quippe
2639 2191 2935 2245 secundum
2977 2197 3222 2244 naturam
3250 2203 3299 2244 et
3336 2206 3515 2245 rerum

1916 2284 2107 2338 seriem
2136 2284 2409 2338 eveniunt.

1988 2379 2040 2432 4.
2090 2376 2212 2434 Htec
2238 2378 2339 2431 vita
2380 2377 2520 2429 bonis
2546 2385 2591 2428 et
2620 2376 2765 2428 malis
2791 2373 3063 2444 permixta.
3083 2401 3155 2413 --
3178 2370 3377 2441 Ecquid
3408 2372 3478 2424 iui
3499 2401 3510 2410 -

1917 2469 2054 2524 raris
2083 2470 2125 2522 si
2177 2468 2294 2521 haec
2338 2467 2431 2520 tibi
2474 2467 2806 2535 contingant,
2858 2463 3074 2533 quando
3122 2464 3283 2518 etiam
3318 2465 3518 2519 Sanctis

1916 2563 2204 2632 Contigisse
2231 2559 2333 2615 vidi
2355 2559 2508 2614 mus?
2539 2558 2603 2614 Ut
2632 2544 2808 2612 autem
2837 2556 2964 2611 illud
2987 2557 3216 2620 ediscas,
3243 2571 3340 2625 age
3357 2571 3515 2624 quam

1919 2656 2077 2708 vitam
2106 2664 2261 2723 putas
2290 2652 2558 2720 voluptate
2591 2651 2799 2720 plenam
2824 2659 2876 2703 et
2902 2664 2929 2702 a
2960 2648 3187 2718 negotiis
3214 2655 3514 2710 vacantem,

1918 2747 1969 2799 in
1996 2744 2224 2797 medium
2249 2742 2596 2796 adducamus.
2632 2740 2792 2795 Visne
2816 2739 3047 2794 Abraha:
3077 2739 3238 2792 vitam
3268 2752 3297 2792 a
3322 2738 3515 2807 princi-

1918 2840 2006 2907 pio
2046 2836 2452 2891 examinemus?
2495 2834 2632 2901 Quid
2680 2850 2810 2903 ergo
2861 2832 2952 2887 ille
3002 2831 3229 2901 primum
3281 2830 3515 2885 audivit?

1919 2930 2173 3001 Egredere
2203 2929 2264 2981 de
2296 2941 2428 2983 terra
2455 2938 2542 2981 tua
2564 2939 2608 2979 et
2640 2927 2702 2979 de
2727 2927 3023 2997 cognatione
3043 2935 3127 2979 tua
3152 2924 3303 2995 (Gen.
3327 2925 3411 2979 12.
3442 2926 3513 2994 I).

1915 3022 2162 3078 Vidistin‘
2190 3022 2498 3075 mandatum
2546 3019 2729 3072 dolore
2774 3017 3026 3086 plenum?
3078 3016 3183 3072 Sed
3230 3016 3352 3071 vide
3402 3032 3513 3071 rem

1918 3130 2229 3186 prosperam
2276 3112 2600 3167 succedere:
2632 3110 2696 3163 Et
2744 3110 2852 3164 veni
2889 3110 2942 3163 in
2972 3120 3157 3163 terram
3186 3125 3338 3177 quam
3369 3125 3513 3162 mon-

1915 3218 2137 3261 stravero
2169 3205 2278 3271 tibi,
2306 3215 2352 3259 et
2382 3204 2570 3274 faciam
2602 3213 2649 3255 te
2672 3203 2723 3255 in
2750 3212 2947 3273 gentem
2974 3200 3383 3271 magnam.Quid
3418 3201 3514 3271 igi-

1919 3300 2034 3354 tur?
2064 3314 2130 3353 an
2161 3298 2246 3351 ubi
2289 3298 2339 3351 in
2393 3307 2588 3349 terram
2636 3295 2800 3359 venit,
2846 3303 2900 3349 et
2944 3293 3008 3348 ad
3049 3306 3259 3363 portum
3291 3294 3514 3363 appulit,

1917 3392 2086 3448 tristia
2117 3388 2435 3446 cessarunt?
2462 3388 2839 3459 Nequaquam;
2865 3387 2972 3441 imo
2994 3387 3093 3440 alia
3114 3386 3380 3455 prioribus
3397 3402 3515 3456 gra-

1917 3485 2064 3538 viora
2094 3483 2239 3536 illum
2264 3491 2624 3551 exceperunt;
2660 3479 2827 3533 fames
2853 3486 2908 3532 et
2934 3477 3353 3547 transmigratio,
3387 3494 3515 3531 uxo-

1916 3578 1991 3632 ris
2018 3587 2233 3646 raptus:
2263 3584 2317 3630 et
2341 3583 2521 3644 postea
2549 3574 2684 3627 bona
2717 3573 2816 3626 alia
2849 3580 3248 3631 successerunt.
3283 3571 3516 3624 Pharao.

1917 3669 2000 3723 nis
2024 3667 2197 3737 plaga,
2237 3666 2501 3729 dimissio,
2536 3664 2730 3729 honor,
2784 3663 2949 3716 multa
2997 3663 3081 3716 illa
3113 3661 3277 3724 dona,
3316 3662 3517 3715 reditus

1914 3762 2153 3817 domum.
2206 3758 2334 3827 Quae
2379 3766 2674 3827 sequuntur
2716 3769 2898 3810 autem
2938 3755 3126 3810 eadem
3158 3755 3299 3809 serie
3333 3770 3519 3822 prme-

1913 3853 2069 3917 dunt,
2096 3851 2249 3906 bonis
2279 3860 2331 3905 et
2374 3850 2529 3903 malis
2576 3848 2858 3919 permixta.
2900 3845 3173 3915 Apostolis
3203 3860 3415 3915 quoque
3443 3850 3517 3895 si-

1917 3944 2060 3997 milia
2088 3950 2405 3996 evenerunt.
2439 3939 2561 3993 Ideo
2590 3938 2786 3993 Paulus
2812 3936 3056 3991 dicebat:
3093 3935 3194 4002 Qui
3226 3938 3517 3989 consolatur

1915 4050 2007 4087 nos
2037 4035 2089 4085 in
2128 4032 2262 4086 omni
2306 4029 2649 4094 tribulatione,
2694 4039 2746 4081 ut
2779 4028 3027 4098 possimus
3069 4037 3113 4079 et
3145 4043 3234 4080 nos
3265 4027 3517 4079 consolari

1914 4141 2017 4188 eos,
2052 4125 2135 4193 qui
2162 4125 2213 4176 in
2242 4124 2376 4175 omni
2407 4121 2736 4174 tribulatione
2764 4130 2879 4175 sunt
2927 4118 3000 4190 (2.
3034 4117 3152 4172 Cor.
3183 4119 3233 4170 l.
3268 4119 3344 4187 4).
3379 4118 3515 4185 Qu’d

1918 4216 2033 4270 haec
2054 4214 2118 4269 ad
2151 4229 2258 4281 me,
2284 4214 2512 4282 inquies,
2545 4213 2632 4281 qui
2658 4226 2873 4281 semper
2906 4212 2956 4265 in
2986 4210 3175 4265 dolore
3198 4210 3518 4264 versor2’Ne

1917 4310 2174 4377 ingratus,
2204 4322 2269 4359 ne
2296 4304 2679 4359 bent-liciorum
2707 4305 2989 4357 immernor
3008 4312 3160 4356 esto:
3184 4316 3355 4371 neque
3372 4302 3515 4355 enim

1918 4400 2026 4453 lieri
2056 4404 2236 4468 potest
2264 4408 2321 4453 ut
2346 4396 2470 4467 quis
2499 4411 2712 4464 seraper
2742 4395 2793 4449 in
2816 4393 3000 4448 dolore
3022 4403 3301 4447 versetur:
3334 4407 3437 4446 non
3464 4393 3512 4446 id

1916 4503 2103 4544 natura
2127 4490 2266 4544 ferre
2291 4499 2501 4557 posset;
2527 4486 2619 4541 sed
2643 4486 2765 4556 quia
2788 4500 3001 4553 semper
3021 4483 3073 4537 in
3096 4482 3290 4553 gaudio
3313 4482 3513 4536 verSari

1914 4584 2190 4641 vellemus,
2224 4580 2342 4634 ideo
2370 4593 2487 4632 nos-
2514 4592 2727 4647 semper
2758 4577 2807 4631 in
2838 4590 3071 4631 mcerore
3097 4589 3217 4629 esse
3245 4583 3511 4644 putamus.

1915 4675 2095 4744 Neque
2124 4675 2224 4727 hac
2247 4672 2314 4726 de
2345 4686 2506 4726 causa
2536 4680 2760 4732 tantmn,
2811 4669 2903 4722 sed
2936 4666 3058 4738 quia
3087 4668 3350 4720 bonarum
3399 4682 3515 4737 pro.
3544 4675 3555 4681 ‘

1912 4782 2295 4837 sperarutuque
2319 4780 2497 4819 rerum
2516 4764 2695 4817 statim
2724 4761 3109 4826 obliviscimur,
3130 4760 3361 4814 tristium
3386 4774 3514 4813 vero

1912 4873 2126 4927 semper
2152 4856 2516 4917 recordamur,
2540 4854 2737 4908 ideirco
2759 4868 2857 4906 nos
2884 4867 3096 4920 semper
3112 4852 3165 4905 in
3192 4851 3377 4906 dolore
3394 4865 3515 4905 esse

1912 4952 2159 5005 dicimus.
2190 4949 2369 5018 Neque
2403 4949 2542 5000 enim
2580 4954 2754 5016 potest
2785 4943 2944 4998 homo
2984 4958 3199 5011 semper
3228 4944 3279 4996 in
3310 4939 3519 4997 dolori-

1914 5046 2012 5099 bus
2038 5060 2179 5098 esse.
2211 5044 2264 5097 Si
2301 5043 2473 5109 plat‘el
2499 5050 2701 5103 autem,
2725 5054 2846 5092 eum
2874 5038 2963 5107 qui
2992 5038 3043 5091 in
3070 5035 3280 5090 deliciis
3299 5048 3514 5101 semper

1913 5139 2073 5191 vitam
2104 5136 2213 5205 agit
2239 5135 2604 5204 exploremus,
2636 5130 2923 5186 delicatum
2953 5142 3168 5194 nempe,
3203 5126 3511 5180 afﬂuentem

1911 5227 2180 5292 omnibus,
2221 5240 2428 5280 necnon
2459 5239 2840 5286 a-ruuiuosum,
2883 5218 3163 5285 afﬂictum,
3197 5233 3249 5271 in
3281 5231 3514 5271 mmrore

1914 5328 2244 5378 versantem.
2267 5318 2401 5373 Nam
2425 5314 2912 5371 demonstrabimus
2936 5312 3107 5377 vobis,
3126 5324 3225 5365 nec
3251 5310 3398 5365 illum
3417 5308 3515 5362 do-

1916 5418 2065 5479 loris,
2096 5429 2195 5470 nec
2224 5413 2367 5467 hunc
2389 5411 2787 5481 tranquillitatis
2817 5422 3035 5477 prorsus
3063 5415 3338 5473 expertem
3370 5419 3510 5458 esse.

1916 5509 2113 5563 Verum
2133 5523 2197 5561 ne
2216 5505 2521 5560 turbemiui.
2556 5505 2901 5571 Supponatur
2930 5501 2980 5554 iu
3015 5498 3192 5553 medio
3218 5498 3514 5550 consistere

1978 5694 1993 5755 Ξ
2031 5693 2157 5742 Editi
2182 5702 2233 5741 ut
2260 5693 2309 5741 in
2336 5698 2475 5755 testu
2494 5691 2703 5740 habent.
2730 5696 2860 5749 διεδ..
2885 5702 2974 5739 nec
3015 5692 3232 5749 optemus
3258 5690 3306 5733 ut
3331 5685 3513 5734 subditi

1912 5753 2043 5803 nobis
2068 5755 2341 5804 adolentur.

1977 5820 1994 5847 ε
2013 5812 2132 5873 Alii,
2154 5828 2248 5867 non
2269 5828 2381 5877 ergo
2427 5813 2708 5877 dolendum,
2749 5828 2789 5863 η
2814 5820 3121 5874 tegi-05mins,
3146 5811 3343 5876 quando
3368 5813 3511 5861 etiam

1906 5893 2017 5930 cum
2043 5878 2160 5930 bene
2188 5875 2415 5938 retentus,
2443 5875 2707 5927 (latendum
2729 5885 2815 5927 est.
