4046 6428
563 453 660 508 551

562 581 774 622 servum
804 555 1093 624 hominem,
1120 566 1175 613 et
1194 557 1351 610 aiium
1387 568 1565 622 regem
1591 551 1841 621 juvenem
1869 561 1930 600 ac
1957 543 2130 615 pupil-

559 659 688 724 lum,
717 658 803 727 qui
825 653 1171 710 hereditatem
1190 652 1258 704 sit
1279 650 1544 719 ingentem
1563 649 1879 711 assequutus
1901 656 1916 694 :
1941 649 2130 707 propo-

557 760 714 806 natur
729 751 887 803 etiam
909 744 1267 802 mercenarius
1293 742 1380 808 qui
1406 748 1516 793 toto
1544 737 1629 792 die
1657 737 1876 791 laboret,
1896 730 2133 797 aliusque

559 841 648 913 qui
681 848 935 908 perpetuo
961 838 1012 890 in
1039 835 1243 890 deliciis
1271 833 1430 885 vivat.
1465 828 1554 882 Vis
1583 826 1722 879 iliios
1749 822 1972 890 prinmm
1996 832 2131 872 mm-

558 946 710 989 rores
732 930 1098 986 describamus
1124 927 1212 996 qui
1236 925 1287 978 in
1316 921 1514 977 deliciis
1551 915 1716 970 vivit?
1750 913 1933 982 Cogita
1959 925 2131 981 quan-

559 1035 668 1078 tum
695 1031 941 1091 oporteat
965 1019 1109 1074 illtuu
1141 1017 1394 1073 ﬂuctuare
1417 1024 1470 1068 et
1489 1009 1696 1080 agitari,
1720 1020 1841 1061 cum
1873 1003 2128 1072 majorem

553 1115 756 1186 appetit
782 1114 1024 1184 gloriam,
1057 1125 1211 1181 quam
1233 1107 1439 1175 assequi
1463 1103 1656 1176 possit;
1688 1114 1805 1154 cum
1827 1112 1854 1148 a
1879 1094 2132 1150 domesti-

554 1205 630 1258 cis
661 1204 969 1274 dcspicitur,
998 1217 1025 1254 a
1054 1199 1344 1255 minoribus
1373 1193 1695 1249 contumelia
1726 1189 1984 1250 afficitur;
2008 1200 2128 1239 cum

555 1294 702 1348 mille
732 1293 888 1348 habet
912 1301 1270 1354 accusatores,
1303 1287 1390 1356 qui
1422 1285 1538 1355 ejus
1571 1290 1812 1350 sumptus
1843 1279 2130 1332 immensos

553 1385 973 1450 calumnientur;
997 1393 1050 1439 et
1074 1383 1174 1436 alia
1198 1387 1456 1451 quotquot
1497 1379 1547 1429 in
1591 1373 1748 1428 tantis
1775 1370 1974 1425 divitiis
1997 1383 2126 1422 con-

557 1479 762 1548 tingere
787 1479 977 1540 solent,
1008 1490 1125 1544 qua:
1152 1489 1219 1528 ne
1246 1472 1348 1526 dici
1395 1469 1606 1538 quidem
1633 1472 1882 1538 possunt;
1925 1470 1980 1516 ut
2005 1469 2129 1515 sunt

554 1569 859 1629 inimicitiae.
904 1567 1243 1628 oﬂ'ensiones,
1276 1562 1660 1623 accusationes,
1703 1558 1922 1618 damna,
1947 1553 2128 1606 multa:

551 1661 759 1714 insidiae
787 1641 1104 1723 invidorum,
1135 1658 1222 1727 qui
1253 1671 1374 1712 cum
1398 1654 1725 1724 nonpossint
1751 1650 1962 1703 divitias
1987 1645 2126 1700 illius

554 1753 605 1806 iu
636 1768 694 1807 se
721 1751 1026 1815 transferre,
1066 1750 1316 1820 juvenem
1363 1747 1594 1815 undique
1635 1742 1935 1803 traducunt,
1989 1739 2128 1792 lace-

551 1852 690 1909 rant,
720 1832 1027 1898 innuineras
1073 1843 1168 1913 ipsi
1217 1850 1560 1910 tempestates
1598 1832 1851 1892 excitant.
1900 1833 1987 1887 Vis
2033 1828 2125 1885 tibi

551 1936 864 1990 mercenarii
894 1935 1032 1988 illius
1057 1935 1351 2002 voluptates
1374 1927 1712 1985 recenseam?
1742 1926 1822 1981 Ab
1849 1925 1932 1980 bis
1952 1921 2128 1990 omni-

551 2024 648 2079 lms
677 2007 810 2080 liber
837 2033 949 2079 est:
972 2023 1177 2077 etiamsi
1219 2024 1338 2091 quis
1378 2019 1522 2074 illum
1553 2017 1872 2074 contumelia
1906 2017 2120 2083 afliciat,

552 2129 656 2168 non
678 2113 845 2181 dolet,
877 2115 1087 2168 nemine
1117 2128 1175 2167 se
1201 2105 1457 2180 majorem
1502 2117 1668 2178 putat,
1701 2123 1805 2161 non
1839 2123 1898 2160 ex
1928 2107 2126 2162 divitiis

551 2202 722 2267 timet,
740 2219 859 2258 cum
879 2203 1144 2273 voluptate
1168 2203 1342 2257 cibum
1366 2199 1524 2267 capit,
1549 2213 1666 2252 cum
1691 2197 1884 2267 gaudio
1903 2196 2122 2252 dormit.

546 2291 662 2348 Non
690 2294 759 2348 ita
789 2293 1032 2347 lzetantur
1054 2292 1215 2361 ii,qui
1239 2290 1492 2344 Thasium
1524 2289 1702 2342 vinum
1732 2297 1933 2355 potant,
1963 2295 2015 2339 ut
2036 2286 2126 2340 ille

543 2397 665 2436 cum
693 2383 803 2437 abit
840 2383 904 2434 ad
938 2384 1108 2436 fontes
1132 2391 1184 2435 et
1207 2379 1275 2435 ad
1314 2394 1570 2448 aquarum
1616 2377 1811 2432 ﬂuenta
1844 2376 2122 2432 bibiturus.

542 2474 649 2532 Sed
679 2475 965 2545 supradicti
1000 2474 1138 2528 illius
1185 2458 1290 2527 non
1325 2472 1440 2525 talis
1480 2480 1561 2525 est
1599 2470 1857 2525 Conditio.
1898 2469 2050 2537 Quod
2078 2470 2121 2524 si

543 2562 658 2619 haec
682 2580 788 2620 non
821 2564 915 2619 tibi
940 2564 1068 2618 satis
1095 2563 1220 2628 sint,
1255 2571 1312 2616 ut
1347 2561 1602 2630 majorem
1639 2561 1911 2614 victoriam
1937 2574 2124 2628 repor-

544 2665 674 2723 tem,
711 2671 826 2727 age,
871 2670 1046 2726 regem
1079 2656 1224 2710 illum
1271 2669 1390 2709 cum
1438 2669 1592 2708 servo
1631 2667 2026 2722 comparemus;
2069 2662 2123 2708 et

542 2764 686 2819 stupe
715 2747 922 2802 videbis
969 2747 1110 2802 hunc
1140 2747 1191 2800 in
1221 2746 1490 2815 voluptate
1534 2747 1826 2810 ludentem,
1857 2745 2112 2800 exsilien-

543 2848 679 2905 tem,
701 2840 847 2892 illum
880 2853 1004 2891 vero
1028 2836 1329 2892 diademate
1351 2845 1404 2890 et
1433 2851 1661 2905 purpura
1692 2843 1960 2898 ornatum,
1989 2849 2123 2890 mm-

539 2941 766 2996 rentem,
799 2929 944 2984 mille
972 2929 1112 2984 curis
1144 2937 1409 2992 vexatum,
1447 2943 1556 2998 pra:
1597 2935 1738 2982 metu
1780 2927 2117 2982 morientem.

539 3021 718 3090 Neque
742 3021 881 3076 enim
904 3030 1096 3090 potest,
1140 3035 1243 3075 noo
1270 3028 1444 3089 potest
1482 3029 1624 3074 certe
1655 3021 1761 3073 vita
1792 3020 1907 3074 sine
1933 3019 2120 3076 dolore

539 3110 784 3180 reperiri,
836 3125 936 3165 nec
981 3110 1250 3180 voluptate
1294 3124 1512 3180 prorsus
1549 3125 1747 3164 vacua:
1778 3127 1947 3178 neque
1975 3113 2116 3167 enim

538 3210 723 3256 mtura
753 3213 931 3256 nostra
962 3202 1100 3257 ferre
1127 3212 1325 3272 posset,
1357 3211 1411 3256 ut
1439 3202 1564 3256 dixi.
1594 3204 1743 3270 Quod
1771 3204 1815 3257 si
1846 3206 1932 3258 ille
1952 3206 2117 3275 magis

535 3294 747 3361 gaudet,
779 3293 866 3347 ille
897 3294 1012 3365 plus
1027 3293 1189 3360 dolet,
1221 3293 1271 3347 id
1296 3294 1363 3348 ab
1391 3287 1480 3348 illd
1510 3295 1623 3363 ipso
1648 3296 1736 3365 qui
1764 3296 1816 3350 iu
1840 3295 2022 3350 dolore
2037 3307 2118 3352 est

536 3384 905 3456 proficiscitur,
927 3387 1047 3456 quia
1067 3387 1237 3455 pusilli
1261 3395 1341 3441 est
1361 3386 1542 3448 animi,
1565 3401 1666 3441 non
1689 3399 1864 3441 autem
1886 3403 1914 3441 a
1939 3403 2113 3442 rerum

536 3485 742 3530 natura.
773 3475 827 3530 Si
858 3477 999 3531 enim
1029 3476 1252 3531 velimus
1297 3476 1600 3546 frequenter
1638 3476 1892 3546 gaudere,
1924 3479 2116 3534 multas

535 3565 792 3622 habemus
818 3568 1144 3622 occasiones.
1192 3566 1322 3621 Nam
1369 3566 1413 3621 si
1455 3567 1705 3621 virtutem
1736 3568 2109 3636 suscipiamus,

526 3657 667 3718 nihil
710 3657 956 3727 deinceps
1006 3660 1197 3729 paterit
1243 3657 1486 3713 dolorem
1529 3658 1725 3715 inferre
1766 3660 1938 3714 nobis.
1993 3659 2116 3716 llaec

532 3748 676 3803 enim
697 3764 844 3817 spem
874 3750 1061 3803 bonam
1086 3751 1321 3820 suggerit
1345 3750 1407 3804 iis
1424 3750 1511 3820 qui
1542 3750 1682 3804 illam
1712 3762 1983 3814 exercent,
2006 3754 2112 3806 Deo

533 3848 710 3909 gratos
740 3841 911 3896 reddit
939 3852 992 3895 et
1036 3841 1340 3897 hominibus
1368 3853 1638 3912 acceptos,
1685 3843 2110 3912 ineffabilemqne

533 3931 689 3985 nobis
721 3933 1039 4002 voluptatem
1070 3936 1228 4000 parit:
1257 3933 1387 3987 Nam
1411 3934 1455 3987 si
1483 3933 1742 3989 laboriosa
1778 3935 1826 3988 in
1856 3936 2111 3992 exercitio

533 4021 701 4075 virtus
727 4032 828 4088 est,
872 4022 964 4077 sed
1009 4024 1384 4079 «inscientiam
1417 4025 1580 4080 multa
1629 4025 1794 4093 replet
1825 4026 2028 4093 lzetitia,
2058 4037 2112 4083 et

533 4122 727 4167 tantam
756 4116 894 4168 intus
921 4116 1156 4170 immittit
1181 4117 1522 4186 voluptatem,
1566 4129 1815 4186 quautam
1845 4134 1912 4173 ne
1939 4121 2109 4189 expli-

526 4219 650 4272 care
673 4205 886 4271 quidem
917 4221 1216 4278 possumus.
1256 4206 1390 4274 Quid
1430 4209 1570 4262 enim
1597 4209 1806 4263 videtur
1833 4209 1924 4262 tibi
1948 4224 2111 4267 suave

531 4296 584 4350 in
610 4299 886 4366 praesentis
909 4297 1030 4353 vitae
1053 4299 1243 4354 rebus?
1269 4312 1575 4368 sumptuosa
1599 4317 1800 4363 mensa,
1836 4303 1968 4356 bona
1991 4319 2112 4358 cor-

532 4391 676 4458 poris
701 4392 968 4454 valetndo,
1001 4392 1186 4461 gloria,
1230 4393 1462 4463 divitias?
1508 4393 1700 4448 Verum
1747 4395 1793 4448 si
1843 4395 1955 4451 lucc
1989 4413 2109 4467 qum

525 4479 698 4534 dulcia
749 4481 1009 4536 habentur
1056 4498 1174 4535 rum
1212 4483 1404 4538 virtute
1433 4485 1844 4552 comparaveris.
1871 4486 2107 4541 omnium

526 4573 870 4627 acerbissima
902 4573 1237 4628 videbuntur.
1287 4573 1425 4629 Nihil
1455 4562 1655 4646 quippe
1683 4577 1918 4642 suavius,
1947 4593 2105 4647 quam

521 4664 867 4726 conscientia,
901 4673 954 4717 et
978 4680 1101 4736 spes
1130 4665 1289 4720 bona.

593 4755 646 4811 5.
692 4753 746 4808 Si
777 4754 827 4817 id
855 4756 1059 4810 discere
1087 4757 1267 4820 vultis,
1297 4758 1402 4825 jam
1453 4759 1764 4814 moriturum
1811 4761 2102 4831 hominem,

524 4856 612 4901 aut
636 4863 817 4904 senem
844 4848 1114 4910 adeamus,
1133 4857 1186 4902 et
1207 4849 1304 4919 ipsi
1332 4850 1382 4904 in
1411 4857 1639 4905 mentem
1661 4865 1967 4910 revocantes
1994 4855 2107 4911 lau-

522 4947 627 4992 tam
661 4954 898 4994 mensam
924 4956 1026 5008 qua
1050 4955 1176 4994 usus
1200 4948 1302 5007 est,
1321 4941 1538 5010 gloriam
1567 4953 1619 4997 et
1647 4943 2103 5009 houorem,etbo-

1299 442 1354 495 S.
1394 434 1666 493 JUANNIS
1702 427 2169 488 CllliiSOSTOMl
2210 427 2524 484 ARCUIEP.
2563 429 3098 484 CONSTAN‘HNOP.

3733 423 3838 480 559

2243 557 2307 595 na
2334 557 2494 611 opera
2521 559 2639 612 qua:
2668 541 2793 598 fecit
2832 543 2884 597 in
2937 543 3071 605 vita;
3127 541 3514 610 interrogemus
3544 540 3613 596 de
3637 540 3838 612 quibus

2238 633 2406 703 magis
2432 631 2676 704 gaudeat,
2707 644 2759 688 et
2785 634 3081 689 videbimus
3109 633 3254 687 illum
3281 633 3347 688 de
3378 634 3480 689 illis
3504 633 3838 689 erubescere

2236 731 2291 776 et
2321 723 2520 792 pudore
2549 723 2708 787 affici,
2741 724 2809 778 de
2841 723 2922 778 his
2951 739 3077 779 vero
3106 725 3395 779 exsultare.
3449 724 3538 779 Sic
3565 723 3836 779 Ezechias

2236 827 2354 867 cum
2381 814 2430 867 in
2458 813 2699 869 morbum
2725 814 2903 884 lapsus
2923 825 3023 877 est,
3051 831 3155 868 non
3177 815 3423 884 gloriam,
3448 831 3551 868 non
3576 830 3829 885 regnum,

2238 921 2341 959 non
2372 906 2566 960 latttam
2615 923 2854 965 mensam
2897 907 3358 972 commemoravit,
3409 907 3501 963 sed
3535 907 3828 977 justitiam.

2238 993 2510 1059 Memento,
2549 998 2734 1066 inquit,
2772 996 3003 1062 Domine,
3048 998 3180 1066 quod
3208 997 3567 1052 auibulaverim
3608 999 3666 1052 in
3701 1016 3831 1052 con-

2233 1095 2406 1156 spectu
2432 1097 2516 1139 tuo
2539 1087 2589 1140 in
2615 1087 2714 1139 vita
2735 1097 2870 1141 recta
2894 1088 2971 1158 (4.
3003 1088 3128 1158 Reg.
3150 1088 3239 1142 20.
3264 1089 3320 1143 5.
3365 1087 3490 1142 lsai.
3521 1089 3610 1145 58.
3633 1089 3713 1159 5).
3744 1089 3830 1144 Vi-

2235 1175 2300 1229 de
2328 1176 2487 1230 etiam
2533 1167 2752 1231 Paulum
2801 1177 2868 1232 de
2911 1177 2995 1231 his
3040 1178 3392 1232 exsultantem
3419 1194 3483 1233 ac
3511 1179 3832 1235 dicentem:

2233 1265 2430 1321 Bonum
2468 1279 2718 1323 certamen
2765 1271 2969 1336 certari,
3011 1288 3212 1324 cursum
3254 1275 3616 1340 consummavi,
3669 1273 3828 1342 ﬁdem

2233 1360 2424 1411 servavi
2471 1359 2544 1430 (2.
2591 1358 2722 1417 Tim.
2771 1362 2823 1416 4.
2871 1362 2947 1433 7).
2981 1361 3086 1416 Sed
3127 1361 3250 1430 quid
3279 1363 3421 1417 aliud
3453 1365 3705 1434 amplius,
3737 1366 3824 1419 iu-

2234 1451 2407 1518 quies,
2440 1461 2643 1519 poterat
2675 1451 2758 1505 hic
2787 1452 3002 1508 dicere?
3045 1453 3136 1507 llis
3164 1453 3318 1524 longe
3351 1455 3530 1522 plura;
3564 1456 3825 1524 honores,

2233 1540 2537 1594 satellitium
2563 1557 2669 1612 quo
2701 1543 2993 1608 fruebatur,
3023 1544 3330 1614 fatuulatum
3379 1559 3650 1616 maguum.
3707 1547 3825 1602 An-

2233 1645 2338 1683 non
2365 1630 2516 1686 audis
2536 1631 2684 1685 illum
2712 1631 2974 1687 dicentem
2998 1649 3010 1686 :
3039 1632 3183 1686 Sicut
3203 1635 3437 1704 angelum
3471 1634 3676 1691 Domini
3704 1655 3827 1691 m-

2232 1723 2432 1792 cepistis
2455 1739 2552 1786 me,
2575 1724 2703 1776 sicut
2726 1723 2976 1778 Christum
3000 1722 3211 1790 Iesum;
3233 1735 3306 1790 et,
3335 1724 3397 1780 Si
3420 1728 3658 1796 possibile
3688 1731 3826 1799 fuis-

2232 1827 2324 1882 set,
2354 1819 2559 1870 avulso:
2588 1817 2756 1870 oculos
2785 1817 3046 1870 dedissetis
3086 1817 3210 1870 mihi
3249 1818 3391 1887 (Gal.
3423 1821 3472 1873 ι.
3506 1820 3594 1874 ﬂ.
3624 1821 3738 1889 15),
3767 1830 3827 1875 et

2232 1909 2371 1980 quod
2403 1924 2498 1977 pro
2524 1909 2698 1963 anima
2730 1909 2845 1979 ejus
2870 1909 3064 1963 coliqu
3096 1913 3473 1978 supposueriut
3505 1911 3695 1983 (Rom.
3731 1916 3821 1969 16.

2230 2000 2446 2071 4)ῗὸεά
2479 2000 2606 2053 nihil
2636 1999 2823 2054 horum
2855 2002 2903 2054 in
2936 2001 3165 2055 medium
3194 2001 3367 2065 affert,
3400 2018 3582 2057 verum
3610 2005 3825 2061 labores

2237 2103 2476 2158 tantum,
2519 2092 2794 2161 pericula,
2837 2103 2887 2146 et
2934 2106 3160 2146 coronas
3208 2092 3332 2148 inde
3379 2104 3680 2163 reportatae
3711 2113 3727 2149 :
3759 2111 3824 2152 ac

2226 2186 2347 2254 jure
2373 2184 2610 2255 quidem.
2643 2184 2769 2239 Ha‘c
2788 2186 2930 2240 enim
2963 2185 3048 2239 hic
3073 2185 3463 2254 relinquuntur,
3495 2197 3690 2243 caetera
3721 2206 3822 2243 no-

2231 2276 2432 2332 biscum
2453 2276 2885 2345 proficiscuntur;
2921 2276 3129 2330 illorum
3147 2291 3274 2330 vero
3295 2277 3527 2332 rationes
3547 2276 3819 2344 dabimus,

2230 2369 2420 2424 horum
2453 2369 2752 2425 mercedem
2783 2380 3113 2440 expetemus.
3147 2373 3228 2425 An
3261 2371 3516 2440 ignoratis
3543 2371 3818 2443 quomodo

2229 2461 2282 2515 in
2309 2461 2498 2515 ultimo
2523 2461 2608 2515 die
2633 2470 2846 2528 peccata
2867 2461 3095 2514 animam
3114 2463 3520 2517 commoveant?
3543 2461 3818 2534 quomodo

2227 2567 2319 2606 cor
2342 2551 2642 2622 exagitent?
2666 2550 2815 2606 Tunc
2836 2567 2962 2620 ergo
2989 2552 3248 2606 honorum
3280 2568 3500 2623 operum
3529 2555 3815 2622 memoria,

2228 2643 2374 2711 quasi
2416 2643 2465 2696 in
2501 2652 2814 2710 tempestate
2859 2644 3234 2712 tranquillitas.
3267 2645 3531 2700 turbatam
3577 2647 3814 2701 animam

2228 2733 2552 2788 eonsolatur.
2583 2732 2637 2788 Si
2669 2733 2946 2803 vigilemus
2991 2744 3044 2788 et
3086 2737 3248 2788 sobrii
3285 2737 3486 2800 simus.
3519 2752 3616 2807 per
3645 2746 3813 2792 totam

2228 2824 2384 2876 vitam
2415 2822 2568 2877 nobis
2593 2823 2891 2893 hujustnodi
2925 2826 3086 2880 timor
3126 2826 3475 2897 aderitzquia
3521 2844 3652 2885 vero
3695 2831 3814 2885 sine

2226 2913 2332 2966 ullo
2360 2929 2518 2967 sensu
2549 2915 2790 2978 vivimus,
2814 2915 3074 2969 cumhinc
3103 2919 3258 2984 ejecti
3291 2918 3568 2984 fuerimus,
3621 2919 3814 2988 procul

2223 3003 2384 3058 dubio
2413 3006 2648 3060 accedet.
2673 3005 2802 3059 Nam
2833 3007 3039 3060 vinctus
3070 3016 3178 3060 tum
3216 3008 3446 3063 maxime
3486 3008 3656 3076 dolet,
3685 3025 3810 3064 cum

2224 3095 2455 3151 educunt
2481 3113 2600 3150 cum
2629 3097 2693 3150 ad
2720 3097 2979 3165 judicium
3003 3115 3015 3150 :
3041 3107 3166 3152 tunc
3195 3099 3424 3154 maxime
3441 3101 3656 3163 tremit,
3682 3117 3808 3154 cum

2224 3203 2389 3257 prope
2435 3188 2662 3242 tribunal
2691 3190 2830 3254 ert‘,
2873 3189 3084 3259 quando
3127 3189 3358 3246 rationes
3396 3191 3526 3247 dare
3570 3203 3807 3264 oportet.

2224 3280 2427 3336 1‹1σ-ἰι·οο
2455 3283 2719 3337 terribiles
2751 3284 2981 3338 visiones
3009 3293 3226 3338 narrant
3252 3284 3402 3339 nmlti
3446 3285 3547 3341 hoc
3579 3287 3631 3340 in
3661 3297 3809 3342 statu

2220 3374 2443 3440 oblatas,
2473 3390 2693 3442 quarum
2716 3377 2950 3444 speciem
2973 3391 3076 3430 noa
3100 3361 3390 3432 ferentes-ii
3408 3380 3495 3448 qui
3515 3378 3809 3448 decedunt,

2220 3467 2414 3522 lectum
2442 3470 2610 3534 ipsum
2638 3483 2758 3522 cum
2787 3483 2977 3539 magno
3000 3470 3196 3539 impetu
3218 3471 3518 3526 succutiunt
3537 3472 3807 3541 jacentcs,

2219 3570 2271 3613 et
2292 3574 2383 3613 eos
2413 3562 2498 3627 qui
2526 3559 2716 3612 adsunt
2742 3561 2905 3614 torvis
2928 3561 3211 3629 inspiciunt
3236 3561 3426 3629 oculis,
3450 3563 3626 3618 anima
3659 3565 3810 3621 intus

2218 3665 2337 3704 sese
2365 3651 2686 3718 exagitante,
2713 3658 2767 3703 et
2791 3667 2818 3701 a
2846 3663 3074 3718 corpore
3098 3653 3249 3707 avelli
3279 3664 3557 3721 renuente,
3588 3672 3687 3711 nec
3708 3657 3810 3711 ad-

2221 3744 2542 3796 ventantitun
2574 3741 2882 3811 angelorum
2932 3752 3274 3812 conspectum
3328 3744 3550 3799 ferente.
3595 3745 3727 3801 Nam
3759 3747 3808 3802 si

2215 3847 2335 3886 cum
2354 3830 2598 3886 homines
2618 3832 2879 3886 terribiles
2896 3832 3270 3900 conspicimus,
3293 3833 3659 3900 formidamus,
3678 3851 3808 3891 cum

2216 3924 2435 3994 angelos
2457 3923 2865 3986 comminantes,
2890 3934 2943 3977 et
2961 3926 3179 3977 virtutes
3198 3925 3456 3980 immanes
3477 3925 3805 3994 videbimus,

2216 4017 2340 4087 quid
2370 4031 2473 4070 non
2500 4018 2781 4085 patiemur,
2808 4016 2982 4070 anima
3015 4032 3042 4068 a
3073 4031 3297 4086 corpore
3315 4016 3602 4082 abstracta,
3633 4029 3689 4074 et
3716 4020 3807 4074 in-

2216 4123 2422 4162 cassum
2453 4108 2782 4177 multumquc
2804 4108 3054 4176 lugente?
3080 4107 3209 4162 Nam
3242 4109 3390 4164 dives
3412 4111 3500 4165 ille
3518 4123 3803 4183 postquam

2216 4199 2536 4264 decesserat,
2569 4198 2792 4253 multum
2834 4198 2983 4262 luxit,
3018 4197 3111 4252 Sed
3156 4199 3204 4252 id
3254 4199 3381 4253 nihil
3427 4200 3524 4268 ipsi
3580 4203 3802 4269 profuit.
3845 4188 3847 4190 i

2219 4289 2345 4344 Hice
2376 4290 2532 4360 igitur
2559 4289 2736 4343 omnia
2767 4288 2818 4342 in
2850 4281 3004 4342 nobis
3027 4289 3373 4360 depingentes
3401 4301 3455 4345 ct
3479 4293 3656 4347 animo
3683 4311 3806 4350 ver-

2214 4390 2414 4445 santes,
2444 4396 2508 4435 ne
2533 4380 2716 4434 eadem
2740 4389 2793 4433 et
2823 4394 2918 4433 nos
2945 4381 3226 4450 patiamur,
3252 4383 3438 4438 horum
3470 4386 3707 4442 omnium
3733 4389 3805 4442 ti-

2214 4487 2417 4526 morem
2453 4485 2746 4528 servemus,
2779 4481 2834 4523 ut
2865 4481 2916 4526 ct
2942 4473 3254 4550 supplicium
3281 4474 3406 4530 illud
3432 4475 3712 4546 fugiamus,
3745 4489 3806 4537 et

2213 4572 2414 4618 teterna
2438 4576 2829 4629 censequamur
2860 4561 3018 4626 bona,
3042 4565 3205 4631 gratia
3248 4575 3301 4618 t-t
3330 4567 3657 4637 benignitate
3691 4572 3803 4626 Do-

2213 4655 2341 4709 mini
2371 4653 2533 4706 nostri
2561 4651 2686 4707 Jesu
2717 4652 2931 4712 Christi,
2957 4654 3167 4721 quicum
3196 4655 3332 4709 Patri
3351 4657 3519 4726 gloria
3535 4674 3657 4714 cum
3675 4676 3804 4717 san-

2213 4755 2300 4801 cto
2327 4756 2381 4802 et
2407 4743 2618 4800 vivifico
2645 4745 2865 4813 Spiritu,
2909 4762 3049 4799 nunc
3086 4757 3140 4800 et
3185 4763 3416 4819 semper,
3445 4761 3497 4806 et
3524 4754 3574 4807 in
3603 4757 3802 4811 sarcula

2212 4838 2545 4893 seculorum.
2575 4839 2764 4891 Amen.

2275 4953 2293 4984 ι
2331 4958 2474 5011 Unus,
2493 4962 2604 5000 cum
2620 4962 2768 5013 prope
2791 4957 2860 5000 est
2868 4949 3132 5013 judicium.

3129 5070 3799 5097 __.____________

1722 5130 2060 5194 HOMILIA
2105 5131 2268 5194 LIV.
2303 5129 2387 5191 al.
2433 5127 2561 5187 LV.

521 5263 648 5318 Car.
704 5266 787 5321 16.
841 5281 894 5318 v.
931 5267 1011 5321 l3.
1052 5265 1296 5335 Egressus
1341 5265 1492 5322 Iesus
1540 5268 1592 5321 in
1642 5279 1810 5338 partes
1855 5269 2103 5326 Caesarea:

603 5355 852 5425 Philippi,
883 5356 1219 5424 interrogabat
1248 5358 1520 5427 discipulos
1544 5377 1678 5424 suos,
1704 5362 1876 5415 dicens
1897 5378 1916 5416 :
1945 5362 2104 5428 Quem

599 5463 676 5499 me
707 5447 878 5500 dicunt
908 5447 1130 5501 homines
1155 5464 1260 5501 esse
1283 5446 1328 5500 F
1331 5449 1474 5502 ilium
1504 5450 1755 5505 hominis?

602 5543 641 5590 1-
692 5537 798 5590 Cur
813 5552 932 5592 Cllttl
963 5540 1093 5591 urbe
1123 5537 1451 5593 canditorem
1471 5541 1586 5606 ejus
1615 5543 1944 5597 nominavit?
1974 5543 2105 5610 Quia

528 5637 610 5682 cst
639 5639 693 5682 et
717 5630 838 5694 alia,
882 5629 1305 5699 qum'Stratonis
1337 5631 1547 5685 dicitur.
1593 5631 1705 5686 Non
1739 5635 1789 5688 in
1832 5633 1932 5689 hac
1955 5650 2103 5699 vero,

527 5718 620 5772 sed
650 5720 698 5770 in
721 5718 806 5772 illa
830 5720 1120 5790 interrogat
1143 5721 1306 5790 ipsos,
1337 5723 1570 5790 procula
1595 5721 1790 5777 Judteis
1816 5725 2104 5794 abduceos,

529 5817 582 5864 ut
608 5809 674 5862 ab
703 5811 844 5864 oumi
877 5812 1232 5867 sollicitudine
1261 5812 1410 5869 liberi
1434 5828 1555 5870 cum
1580 5814 1766 5871 fiducia
1793 5801 2107 5889 idicantqua:

2212 5271 2463 5326 sentiunt.
2495 5269 2604 5324 Cur
2629 5278 2804 5325 autem
2836 5288 2938 5324 non
2968 5274 3143 5326 statim
3173 5273 3238 5327 de
3269 5289 3386 5343 sua,
3429 5275 3522 5330 sed
3554 5277 3622 5331 de
3659 5279 3769 5332 mul

2214 5374 2387 5417 torum
2415 5363 2677 5416 sententia
2713 5364 2851 5430 ipsos
2885 5365 3264 5434 unerrogavit?
3288 5365 3352 5421 Ut
3381 5368 3634 5437 opinione
3665 5369 3797 5421 alio.

2212 5467 2331 5508 rum
2361 5452 2620 5521 exposita,
2648 5452 2946 5523 deiudcque
2971 5455 3297 5522 intarrOgati,
3343 5456 3439 5512 Vos
3464 5469 3628 5514 autem
3653 5476 3799 5530 quem

2213 5561 2292 5599 me
2333 5560 2439 5598 esse
2468 5543 2674 5597 dicitis!
2710 5546 2776 5597 ab
2818 5545 2933 5615 ipso
2963 5547 3323 5617 interrogandi
3358 5550 3518 5604 modo
3550 5552 3601 5603 in
3632 5551 3796 5605 subli-

2214 5637 2439 5692 miorem
2467 5633 2823 5690 eveherentur
2859 5639 3255 5706 cogitationem,
3306 5657 3483 5709 neque
3532 5642 3583 5695 in
3639 5641 3795 5696 vilem

2215 5727 2502 5784 multorqu
2532 5728 2820 5796 cogitatum
2848 5729 3173 5784 deriderent.
3203 5730 3432 5801 Ideoque
3455 5750 3556 5784 non
3582 5733 3631 5786 in
3656 5733 3796 5803 prin-

2214 5821 2356 5892 cipio
2386 5818 2778 5890 prmdicatiouis
2805 5834 2900 5874 eos
2932 5820 3243 5893 interrogat,
3289 5823 3380 5876 sed
3408 5824 3620 5892 quando
3640 5825 3788 5896 signa
