4046 6436
253 387 360 445 533

247 506 419 564 multa
450 502 596 571 fecit,
640 508 694 555 et
741 499 810 555 de
839 495 1021 553 multis
1049 493 1476 564 subiimibusque
1505 492 1844 564 dogmatibus

247 597 524 660 disseruit,
558 594 855 662 multasque
882 589 1108 660 prtebuit
1133 588 1622 644 demonstrationes
1641 595 1694 640 et
1713 585 1847 640 divi-

245 688 433 744 nitatis
461 702 592 748 suae,
640 693 693 739 et
724 700 835 740 suae
876 697 997 737 cum
1039 681 1196 736 Patre
1235 678 1562 740 concordiae.
1593 687 1723 732 tunc
1747 677 1844 733 de-

239 793 393 831 mum
430 778 568 833 hanc
594 776 698 832 illis
727 774 933 846 profert
957 770 1454 842 interrogationem.
1477 769 1660 838 Neque
1688 767 1841 832 dixit,

235 868 418 932 Quem
441 884 526 923 me
547 869 733 923 dicunt
758 881 879 922 esse
899 864 1089 921 scriba:
1116 872 1168 919 et
1191 861 1482 917 Pharisazi?
1507 863 1750 931 quamvis
1767 857 1842 914 illi

244 962 422 1029 ipsum
451 975 594 1029 saepe
620 956 918 1014 disserendi
948 970 1108 1012 causa
1131 953 1515 1011 convenerint:
1537 952 1656 1018 sed,
1681 953 1843 1016 Quem

244 1069 330 1107 me
355 1053 532 1106 dicunt
557 1052 783 1106 homines
811 1050 959 1104 esse?
987 1048 1170 1118 p0puli
1211 1046 1542 1116 opinionem,
1578 1058 1698 1114 quae
1724 1043 1841 1098 sine

242 1145 557 1214 acceptione
577 1151 697 1197 esse
713 1142 870 1205 solet,
900 1141 1198 1210 requirens.
1227 1137 1379 1193 Licet
1401 1137 1547 1192 enim
1571 1136 1657 1189 illa
1684 1134 1841 1203 longe

241 1235 505 1304 dejectior
535 1244 678 1289 esset
706 1248 864 1303 quam
890 1246 986 1301 par
1011 1239 1149 1296 erat,
1177 1238 1230 1283 at
1258 1244 1287 1281 a
1314 1227 1549 1298 nequitia
1576 1235 1692 1282 erat
1710 1226 1839 1280 alie-

241 1341 313 1381 na
339 1344 350 1377 :
378 1325 770 1381 Pharisxeorum
801 1331 978 1378 autem
1006 1321 1186 1393 opinio
1212 1319 1490 1390 iniquitate
1519 1318 1672 1388 plena
1701 1323 1834 1371 erat.

241 1419 315 1474 Et
338 1417 633 1474 ostendens
668 1432 826 1487 quam
858 1414 1020 1471 vellet
1063 1412 1415 1469 teconomiam
1446 1412 1562 1466 sive
1588 1410 1836 1465 incarna-

235 1513 446 1567 tionem
478 1513 528 1565 iu
560 1510 809 1566 confesso
838 1508 1048 1574 haberi,
1095 1507 1191 1572 ait,
1238 1504 1432 1559 Filium
1475 1503 1713 1566 Irominis,
1757 1501 1836 1556 sic

235 1605 574 1658 divinitatem
603 1601 900 1671 appellans,
930 1608 991 1654 ut
1016 1598 1140 1654 alibi
1184 1612 1329 1667 saepe
1360 1596 1501 1650 facit.
1535 1595 1625 1649 Ait
1663 1593 1830 1659 enim,

238 1696 409 1750 Nemo
436 1695 662 1748 ascendit
689 1695 741 1748 in
771 1695 971 1758 calum,
997 1692 1094 1746 nisi
1123 1691 1295 1745 Filius
1320 1691 1559 1755 hominis,
1587 1689 1676 1758 qui
1692 1688 1833 1742 estin

234 1789 364 1842 ctclo
395 1786 572 1858 (Joan.
601 1786 654 1840 3.
680 1786 804 1852 i3);
832 1795 884 1839 et
908 1798 1144 1848 rursum,
1167 1781 1295 1836 Cum
1313 1790 1480 1836 autem
1505 1780 1728 1834 videritis
1746 1777 1835 1832 Fi-

233 1881 362 1934 lium
393 1879 612 1932 hominis
640 1876 991 1931 ascendentem
1020 1875 1103 1928 ubi
1128 1883 1236 1929 erat
1266 1874 1406 1944 prius
1439 1872 1615 1945 (Joan.
1641 1872 1693 1926 6.
1714 1870 1826 1932 63).

233 1971 439 2026 Deinde
466 1972 588 2041 quia
636 1969 906 2032 dicebant,
955 1968 1042 2021 M.
1097 1967 1196 2019 Alii
1225 1964 1480 2019 Joannem
1518 1963 1825 2033 Baptistam,

230 2063 326 2116 alii
348 2061 540 2122 Eliam,
567 2059 658 2114 alii
677 2057 976 2124 leremiam,
1002 2057 1094 2110 alii
1123 2072 1278 2110 unum
1300 2072 1361 2110 ea:
1390 2055 1648 2125 prapltetis
1667 2053 1827 2107 :faisa

229 2153 446 2208 illorum
478 2153 734 2222 opinione
766 2151 820 2205 in
852 2150 1086 2204 medium
1133 2148 1362 2202 adducta
1393 2147 1670 2217 subjunxit
1735 2147 1823 2201 15.

241 2245 343 2299 Vos
368 2255 537 2298 autem
561 2258 709 2314 quem
750 2259 829 2296 me
863 2257 971 2296 esse
1000 2241 1207 2294 dicitis?
1233 2255 1297 2294 ex
1327 2240 1558 2295 secunda
1591 2241 1826 2293 interro-

227 2339 444 2406 gatione
488 2337 610 2390 illos
656 2348 909 2399 evocans,
942 2344 1002 2389 ut
1033 2333 1205 2402 majus
1247 2331 1375 2402 quid
1419 2331 1485 2387 de
1517 2331 1609 2385 illo
1638 2332 1828 2400 opina-

229 2439 436 2491 rentur,
469 2424 867 2496 ostendensque
898 2425 1028 2494 ipsis
1070 2426 1295 2493 primam
1343 2422 1654 2493 opinionem
1678 2437 1708 2476 a
1738 2421 1825 2475 di-

225 2518 430 2588 gnitate
445 2531 538 2570 sua
565 2515 746 2586 procul
769 2516 978 2569 abesse.
1007 2513 1128 2568 Ideo
1149 2513 1305 2567 aliam
1325 2512 1393 2567 ab
1418 2513 1547 2585 ipsis
1567 2512 1820 2581 exquirit,

226 2618 282 2664 et
307 2609 598 2664 secundam
625 2607 830 2678 profert
858 2607 1352 2677 interrogationem,
1395 2619 1462 2659 ne
1495 2619 1617 2658 cum
1641 2602 1824 2658 multis

226 2704 514 2767 sentirent,
546 2702 633 2772 qui
663 2701 915 2771 quoniam
944 2702 1097 2770 signa
1127 2700 1369 2754 viderant
1411 2699 1616 2768 majora
1660 2711 1820 2767 quam

223 2811 348 2864 qua:
371 2795 572 2849 homini
598 2803 906 2863 competere
935 2804 1173 2863 possent,
1216 2791 1484 2846 hominem
1508 2789 1723 2861 quidem
1757 2788 1822 2842 il-

224 2888 334 2942 lum
378 2903 497 2943 esse
527 2887 803 2956 putabant,
848 2887 941 2942 sed
988 2903 1053 2940 ex
1101 2885 1325 2942 mortuis
1355 2885 1734 2947 resurrexisse,
1767 2880 1820 2935 id

222 2979 365 3048 quod
393 2977 606 3033 dicebat
634 2976 897 3033 Herodes.
928 2976 1034 3032 Sed
1065 2977 1318 3046 illeipsos
1343 2989 1370 3027 a
1401 2974 1487 3028 tali
1514 2974 1820 3044 suspicione

221 3070 498 3124 abducens
524 3071 633 3122 ait:
675 3068 774 3122 Vos
796 3079 964 3123 autem
993 3085 1138 3140 quem
1160 3084 1238 3120 me
1257 3058 1362 3120 esse
1390 3067 1556 3120 dicitis
1574 3067 1599 3119 Ρ
1628 3067 1682 3121 ld
1712 3074 1816 3132 est,

219 3162 324 3229 Qui
355 3176 570 3230 semper
597 3175 808 3215 mecura
836 3159 968 3214 estis
1005 3169 1060 3214 et
1090 3158 1345 3214 miracula
1376 3157 1625 3213 edentem
1672 3155 1822 3211 vide-

222 3257 312 3318 tis,
344 3255 433 3325 qui
467 3262 520 3308 ct
564 3255 660 3322 ipsi
693 3269 788 3323 per
817 3268 904 3307 me
946 3253 1171 3308 virtutes
1201 3252 1397 3306 multas
1429 3251 1651 3306 fecistis.
1681 3250 1819 3318 Quid

220 3347 382 3418 igitur
411 3360 472 3399 os
492 3346 857 3416 apostolorum
886 3346 1111 3400 Petrus?
1137 3347 1361 3416 Semper
1389 3343 1626 3413 fervens,
1663 3345 1816 3400 chori

218 3438 499 3506 apostolici
527 3436 866 3507 coryphaaus,
890 3437 1137 3492 omnibus
1167 3437 1530 3508 interrogatis,
1577 3438 1689 3507 ipse
1725 3452 1817 3492 re-

218 3529 469 3596 stiondet.
516 3529 732 3583 Etcum
773 3529 841 3584 de
887 3530 1150 3585 sententia
1196 3531 1373 3600 populi
1429 3531 1815 3596 sciscitaretur,

218 3636 409 3676 omnes
439 3621 864 3690 reSponderunt:
898 3636 1019 3676 cum
1051 3633 1228 3676 autem
1247 3622 1314 3676 de
1333 3637 1428 3676 sua
1460 3637 1554 3676 eos
1581 3630 1813 3692 rogaret,

220 3712 412 3767 Petrus
443 3712 651 3782 prosilit
694 3723 747 3766 et
787 3716 1079 3782 prmvertit,
1123 3714 1334 3782 aitque:
1363 3714 1448 3768 16.
1486 3712 1562 3766 Tu
1592 3729 1643 3767 es
1669 3711 1818 3766 Chri-

217 3813 325 3856 stus
349 3802 516 3856 Filius
533 3791 634 3857 'Det'
655 3803 770 3856 vivi.
791 3803 927 3870 Quid
956 3818 1084 3874 ergo
1107 3803 1388 3858 Christus?
1411 3805 1498 3858 17.
1529 3802 1719 3857 Beatus
1739 3819 1812 3869 es,

219 3893 402 3947 Simon
420 3891 707 3959 Bar-Jona,
725 3894 844 3963 quia
875 3909 993 3947 caro
1029 3907 1076 3948 et
1101 3895 1307 3965 sanguis
1329 3911 1427 3948 non
1447 3895 1681 3948 reuelauit
1703 3895 1812 3948 tibi.

220 3985 378 4053 Atqui
414 3985 512 4038 nisi
540 3983 730 4040 Petrus
761 3984 839 4040 sic
865 3985 1037 4055 ipsum
1068 4001 1193 4042 vere
1220 3987 1502 4042 confessus
1533 3988 1739 4052 fuisset,
1758 3995 1816 4041 ut

216 4080 286 4132 ab
317 4079 432 4147 ipso
460 4077 619 4133 Patre
665 4081 927 4149 genitum,
971 4097 1078 4134 non
1120 4080 1306 4137 fuisset
1336 4082 1436 4138 hoc
1473 4082 1813 4137 revelationis

215 4183 373 4238 opus,
403 4169 444 4222 si
477 4186 640 4224 unum
671 4187 734 4225 ex
765 4173 944 4226 multis
973 4172 1121 4226 illum
1150 4188 1274 4228 esse
1296 4184 1552 4243 putasset,
1576 4189 1680 4229 non
1699 4183 1814 4230 erat

216 4261 346 4314 illud
381 4261 709 4315 beatitudine
735 4261 974 4332 dignum.
1009 4263 1219 4318 menim
1245 4266 1355 4334 jam
1384 4275 1540 4320 antea
1563 4266 1814 4321 dicebant

217 4352 253 4406 li
277 4353 365 4420 qui
405 4351 457 4404 in
487 4352 696 4422 navigio
722 4363 878 4409 erant
905 4363 1020 4424 post
1055 4364 1450 4426 tempestatem,
1493 4356 1618 4412 Vere
1644 4357 1813 4412 Filius

216 4442 316 4496 Dei
356 4453 426 4496 est
468 4443 550 4497 hic
602 4444 816 4513 (Matth.
850 4447 937 4500 ﬂ.
971 4447 1090 4512 35),
1136 4463 1237 4502 nec
1281 4458 1458 4504 tamen
1500 4451 1642 4505 beati
1683 4451 1811 4506 dicti

215 4542 363 4602 sunt,
394 4535 496 4590 etsi
520 4551 646 4590 vere
675 4536 908 4591 dixerint
960 4535 1074 4591 Non
1103 4539 1244 4593 enim
1278 4540 1354 4594 sic
1385 4539 1598 4606 Filium,
1629 4551 1687 4594 ut
1713 4541 1814 4596 Pe-

217 4635 351 4690 trus,
380 4625 612 4681 confessi
636 4637 797 4694 sunt;
829 4628 922 4682 sed
955 4645 1116 4683 unmn
1149 4646 1213 4684 ex
1246 4632 1427 4685 multis
1453 4648 1577 4686 vere
1617 4627 1810 4688 Filiam

215 4731 336 4772 esse
367 4717 644 4786 putabant,
671 4720 928 4773 eximium
959 4721 1176 4790 quidem
1208 4721 1347 4778 inter
1376 4723 1594 4790 multos,
1627 4739 1725 4780 nec
1743 4735 1812 4779 ta-

216 4823 340 4864 men
369 4824 435 4863 ex
469 4809 582 4878 ipsa
615 4811 789 4865 Patris
817 4813 1131 4867 substantia.

284 4899 336 4953 2.
373 4897 555 4953 Petrus
583 4917 675 4953 cur
702 4903 873 4957 beatus
921 4903 1138 4958 dicatur.
1184 4905 1687 4963 Consubstantialitas
1718 4910 1812 4963 de-

214 5000 544 5044 monstratur.
579 4991 687 5045 Sub
710 4994 808 5059 ﬁne
842 4994 992 5063 huius
1023 4999 1239 5061 numeri,
1294 4999 1594 5053 Anomasiet
1631 5001 1812 5053 Ariani

214 5082 613 5151 redarguuntur.
637 5113 705 5124 μ-
731 5084 1023 5137 Nathanaei
1054 5102 1265 5155 quoque
1291 5089 1519 5149 dicebat,
1551 5087 1732 5156 Robbi,
1759 5101 1812 5143 tu

215 5187 266 5222 es
289 5169 458 5226 Filius
488 5172 602 5236 Dei,
658 5183 710 5226 tu
748 5191 795 5228 es
831 5190 922 5228 rea:
968 5175 1138 5229 Israel
1167 5177 1360 5246 (Joan.
1394 5180 1442 5233 1.
1472 5179 1596 5250 ιθ).
1628 5181 1812 5252 Neque

213 5261 387 5314 solum
434 5277 536 5316 non
584 5263 768 5316 beatus
795 5265 1016 5322 dicitur:
1065 5282 1250 5321 verum
1280 5270 1438 5324 etiam
1468 5273 1618 5340 quasi
1646 5276 1812 5327 multo

214 5355 470 5411 inferiora
507 5372 664 5425 quam
708 5361 988 5424 Oportebat
1026 5362 1267 5428 dixisset,
1313 5364 1492 5418 abillo
1537 5367 1810 5437 redargui-

215 5458 352 5502 tur:
391 5451 671 5518 subjunxit
727 5456 900 5515 eam,
953 5454 1084 5518 Quia
1133 5457 1238 5509 dixi
1302 5459 1424 5522 tibi,
1483 5455 1598 5511 Vidi
1641 5471 1688 5513 te
1723 5461 1810 5514 sub

214 5542 340 5608 ficu,
367 5545 568 5606 credis;
595 5549 790 5613 majora
830 5547 895 5599 ζέε
920 5548 1104 5599 videbis
1130 5548 1319 5619 (Joan.
1357 5553 1405 5604 1.
1427 5551 1496 5607 50
1515 5553 1553 5621 ).
1582 5552 1688 5606 Cur
1711 5554 1810 5621 igi-

217 5641 300 5683 tur
331 5632 517 5685 Petrus
551 5633 733 5688 beatus
759 5635 952 5690 dicitur
973 5639 995 5690 Ἰ
1024 5638 1155 5703 Quia
1195 5639 1340 5693 illum
1375 5645 1587 5713 proprie
1619 5643 1809 5699 Filium

215 5721 494 5777 confessus
520 5734 620 5777 est.
672 5725 871 5779 Idem...
905 5726 1005 5780 illis
1031 5745 1314 5798 numquam
1357 5733 1599 5788 Christus
1637 5735 1814 5790 simile

217 5813 488 5884 quidpiam
511 5814 681 5870 dixit.
714 5818 786 5871 hi!
835 5833 851 5868 ι
878 5835 1000 5873 ιν)ἶῦ
1026 5822 1184 5876 etiam
1213 5839 1336 5878 eum
1359 5827 1446 5898 qui
1478 5828 1811 5886 revelaverat

552 5931 780 5990 i‘ATno'
879 5933 988 5994 Gs.
1049 5935 1264 6000 LVIII.

1250 377 1316 434 ΙΝ
1357 375 1766 434 ΜΑΤΤΗᾸΞΗΜ
1809 374 2040 433 iiOMlL.
2086 375 2220 434 LIV.
2261 377 2334 431 al.
2378 374 2488 431 LV.

3466 376 3571 433 5M

1957 489 2268 544 declaravit.
2291 488 2425 546 Nam
2455 503 2524 546 ne
2548 487 2760 559 plurimi
2791 486 3077 544 crederent
3114 502 3237 544 eum
3257 487 3384 560 quia
3408 488 3568 545 Chri-

1954 593 2098 636 stum
2128 580 2399 638 ferventer
2423 581 2639 638 amabat
2663 623 2678 648 ,
2708 581 2910 637 amoris
2953 591 3008 637 et
3045 581 3370 639 adulationis
3392 582 3559 640 verba

1955 672 2262 742 protulisse,
2293 682 2455 744 atque
2475 689 2542 728 ex
2563 671 2757 728 affectu
2783 681 2836 729 et
2851 676 3042 743 gratia,
3067 673 3121 728 in
3144 673 3383 729 medium
3406 673 3566 730 aiiert

1951 782 2076 822 eum
2103 769 2193 837 qui
2214 767 2265 823 id
2296 768 2369 822 illi
2397 768 2750 839 inspiraverat
2779 785 2792 822 :
2822 775 2881 822 ut
2912 766 3110 829 discas,
3140 767 3357 823 Petrum
3391 769 3559 824 verba

1953 860 2264 928 protulisse,
2290 859 2503 914 Patrem
2535 874 2665 914 vero
2689 858 2924 913 dictasse
2950 873 2965 912 :
2997 867 3054 912 ut
3074 873 3181 913 non
3209 859 3344 913 ultra
3370 861 3561 916 crede-

1950 964 2039 1005 res
2062 949 2350 1006 humanam
2371 950 2681 1021 opinionem
2712 950 2800 1004 illa
2831 964 2953 1006 esse
2970 965 3092 1020 qute
3120 950 3260 1005 dicta
3287 960 3433 1016 sunt,
3458 953 3556 1008 sed

1948 1040 2186 1096 divinum
2227 1042 2441 1112 dogma.
2463 1040 2571 1096 Cur
2593 1051 2773 1097 autem
2817 1057 2924 1097 non
2964 1041 3018 1096 id
3066 1042 3182 1112 ipse
3213 1047 3552 1112 pronuntiat,

1947 1147 2048 1188 nec
2068 1132 2218 1196 dicit,
2250 1133 2362 1203 Ego
2388 1147 2508 1188 sum
2528 1132 2774 1188 Christus
2799 1151 2813 1187 :
2843 1133 2936 1188 sed
2963 1148 3060 1204 per
3080 1134 3552 1204 interrogationem

1947 1225 2076 1280 illud
2107 1235 2360 1296 apparat,
2390 1235 2449 1280 ut
2477 1226 2599 1280 illos
2627 1225 2848 1281 inducat
2871 1224 2940 1280 ad
2990 1226 3553 1296 confitendumiQuo-

1945 1316 2087 1370 niam
2119 1316 2247 1370 illud
2277 1326 2333 1371 et
2362 1316 2463 1386 ipsi
2486 1317 2892 1387 congruentius,
2916 1325 2968 1372 et
2997 1317 3168 1388 magis
3187 1320 3549 1376 necessarium

1943 1419 2078 1476 erat,
2107 1410 2332 1480 illosque
2357 1411 2524 1479 magis
2547 1411 2614 1465 ad
2637 1409 2796 1466 fidem
2819 1425 3007 1466 eorum
3031 1425 3150 1481 qua
3175 1411 3313 1467 dicta
3339 1412 3550 1468 fuerant

1941 1500 2265 1554 attrahebat.
2311 1499 2501 1558 Videu‘
2557 1501 2829 1569 quomodo
2870 1500 3064 1556 Filium
3107 1501 3312 1558 revelat
3351 1503 3551 1574 Pater?

1938 1590 2209 1662 quomodo
2233 1591 2446 1647 Patrem
2472 1591 2682 1647 Filius?
2715 1590 2896 1661 Neque
2935 1591 3164 1657 Patrem,
3199 1593 3392 1664 inquit,
3433 1597 3550 1665 quis

1937 1687 2077 1740 novit
2103 1687 2199 1740 nisi
2227 1685 2414 1752 Filius,
2460 1696 2507 1740 et
2538 1687 2622 1741 cui
2651 1686 2865 1742 coluerit
2894 1684 3068 1741 Filius
3102 1688 3328 1742 revelare
3367 1691 3386 1759 (
3414 1687 3542 1743 Luc.

1938 1778 2026 1834 10.
2054 1778 2177 1852 22).
2209 1777 2327 1835 Non
2366 1793 2498 1849 ergo
2523 1793 2813 1849 possumus
2859 1776 3079 1834 aliunde
3103 1793 3434 1850 cognoscere
3460 1780 3549 1836 Fi-

1935 1867 2088 1932 lium,
2118 1885 2277 1940 quam
2314 1885 2411 1940 per
2434 1870 2610 1940 ipsum
2638 1869 2877 1938 Patrem,
2910 1885 3087 1941 neque
3111 1861 3353 1938 Patrem,
3384 1887 3546 1943 quam

1936 1977 2030 2031 per
2073 1962 2245 2032 ipsum
2277 1963 2492 2018 Filium.
2542 1963 2726 2033 Itaque
2753 1963 2878 2018 inde
2919 1971 2974 2018 et
3018 1963 3241 2018 honoris
3269 1965 3548 2036 aequalitas
3601 1980 3608 1987 ‘

1934 2063 1988 2109 et
2018 2054 2550 2110 eonsubstantialitas
2570 2055 2992 2111 demonstratur.
3041 2056 3178 2125 Quid
3210 2058 3370 2127 igitur
3391 2057 3546 2114 Chri-

1932 2147 2087 2201 stus?
2118 2146 2194 2200 Tu
2231 2163 2282 2201 es
2319 2147 2502 2202 Simon
2536 2147 2676 2217 ﬁlius
2711 2147 2888 2213 Iona;
2930 2159 2984 2202 tu
3027 2149 3284 2203 vocaberis
3317 2148 3540 2215 Cepnati.
3637 2176 3644 2180 -

1929 2237 2064 2304 Quia
2086 2238 2252 2304 enim,
2274 2237 2466 2307 inquit,
2487 2238 2697 2293 Patrem
2721 2254 2898 2294 meum
2923 2238 3246 2308 praedicasti,
3271 2255 3373 2310 ego
3394 2242 3542 2296 illum

1931 2334 2151 2388 nomino
2179 2334 2348 2405 quite
2385 2334 2572 2404 genuit
2604 2351 2618 2389 :
2645 2350 2710 2400 ac
2738 2336 2783 2389 si
2821 2334 3048 2402 diceret,
3096 2333 3248 2390 Sicut
3299 2328 3370 2390 tu'
3404 2335 3542 2390 filius

1929 2423 2086 2492 Jona,
2117 2426 2196 2482 sic
2217 2441 2318 2498 ego
2345 2426 2521 2483 Patris
2548 2429 2652 2483 mei
2685 2428 2876 2484 Filius.
2905 2427 3040 2483 Nam
3080 2443 3539 2500 supervacaneum

1931 2519 2120 2576 fuisset
2147 2521 2351 2588 dicere,
2379 2519 2460 2576 Tu
2486 2537 2538 2576 es
2576 2521 2716 2592 ﬁlius
2762 2521 2902 2576 Jona
2933 2537 2951 2576 :
2980 2521 3075 2578 sed
3103 2521 3228 2594 quia
3275 2522 3365 2578 ille
3405 2521 3544 2578 dixit

1928 2611 2120 2666 Filium
2147 2613 2260 2677 Dei,
2287 2621 2354 2686 ¹ιιι
2392 2613 2724 2679 ostenderet,
2761 2614 2937 2683 ipsum
2963 2627 3085 2668 esse
3123 2613 3212 2668 Dei
3241 2611 3459 2678 Filium,
3485 2623 3544 2669 ut

1927 2702 2018 2758 ille
2065 2701 2208 2758 filius
2228 2713 2343 2759 erat
2371 2703 2539 2770 Jona,
2569 2703 2813 2775 ejusdem
2845 2719 2968 2758 cum
2999 2712 3150 2775 patre
3190 2705 3536 2768 substantiae,

1926 2793 2048 2850 ideo
2077 2794 2204 2850 illud
2243 2794 2466 2850 addidit.
2501 2795 2589 2851 18.
2631 2794 2698 2848 Et
2748 2812 2840 2866 ego
2873 2795 2988 2849 dico
3014 2795 3124 2862 tibi,
3165 2805 3218 2849 tu
3245 2812 3298 2851 es
3328 2794 3534 2861 Petrus,

1924 2894 1974 2941 et
1995 2903 2149 2958 super
2172 2887 2304 2942 banc
2323 2897 2518 2959 petram
2546 2888 2811 2958 aediﬁcabo
2832 2887 3115 2942 Ecclesium
3140 2903 3326 2952 meam,
3346 2887 3398 2943 id
3425 2900 3528 2948 est.

1923 2989 2086 3048 super
2113 2976 2269 3033 fidem
2299 2978 2678 3034 confessionis.
2727 2977 2864 3033 Hinc
2907 2973 3144 3032 declarat
3186 2979 3383 3033 multos
3411 2994 3534 3035 esse

1923 3068 2241 3134 credituros,
2271 3071 2503 3140 ejusque
2524 3083 2742 3124 sensum
2769 3070 2947 3139 erigit,
2973 3079 3028 3123 et
3058 3079 3328 3137 pastorem
3359 3070 3533 3139 ipsum

1923 3161 2218 3216 constituit.
2264 3160 2330 3215 Et
2373 3171 2536 3231 porta:
2569 3161 2724 3233 inferi
2763 3175 2866 3216 non
2911 3162 3256 3231 prcvalebunt
3291 3163 3536 3218 adversus

1922 3269 2055 3307 eam.
2085 3252 2142 3310 Si
2169 3268 2301 3310 vero
2347 3253 2606 3310 adversus
2636 3269 2756 3310 eam
2797 3269 2903 3309 non
2945 3252 3336 3326 pmvalebunt,
3366 3256 3536 3311 multo

1922 3346 2100 3400 minus
2135 3345 2421 3402 adversum
2451 3361 2538 3400 me
2565 3346 2951 3416 praevalebunt.
2976 3345 3159 3416 Itaque
3181 3361 3250 3401 ne
3277 3346 3530 3411 turberis,

1921 3449 2044 3490 cum
2073 3435 2259 3490 audies
2293 3451 2380 3490 me
2408 3435 2662 3492 traditum
2688 3445 2744 3491 et
2789 3435 3110 3492 crucifixum
3139 3451 3278 3491 esse.
3327 3437 3533 3493 Deinde

1922 3529 2151 3582 alterum
2180 3527 2310 3583 dicit
2336 3527 2598 3584 honorem
2635 3546 2648 3583 :
2682 3528 2768 3584 t9.
2803 3527 2915 3599 Ego
2948 3539 3118 3583 autem
3141 3529 3272 3584 dabo
3299 3530 3386 3601 tibi
3426 3532 3535 3583 (οια-

1921 3633 2003 3672 ves
2029 3619 2179 3690 regni.
2198 3619 2457 3673 carlornm.
2477 3619 2614 3687 Quid
2642 3621 2908 3689 significat
2937 3620 3088 3685 illud,
3120 3621 3229 3691 Ego
3250 3631 3416 3675 autem
3444 3623 3534 3675 tibi

1922 3713 2094 3768 dabo!
2119 3713 2580 3782 Quemadmodum
2610 3714 2770 3769 Pater
2800 3715 2892 3768 tibi
2915 3715 3066 3769 dedit
3113 3728 3171 3769 ut
3215 3732 3300 3769 me
3326 3731 3530 3786 Cogno-

1920 3820 2121 3874 sceres,
2155 3807 2232 3862 sic
2257 3817 2310 3862 et
2338 3822 2438 3877 ego
2470 3807 2563 3861 tibi
2589 3806 2749 3862 dabo.
2778 3807 2964 3877 Neque
2989 3807 3144 3872 dixit,
3177 3808 3402 3880 Rogabo
3425 3809 3531 3863 Pa-

1920 3905 2080 3964 trem,
2112 3897 2318 3952 etiamsi
2347 3912 2537 3969 magna
2580 3907 2723 3952 esset
2771 3900 3052 3968 potestatis
3099 3897 3528 3963 demonstratio,

1920 4004 1974 4050 et
1994 3995 2120 4050 doni
2144 3995 2453 4066 magnitudo
2475 3995 2756 4052 ineﬂ’abilis
2776 4013 2791 4062 ;
2811 3997 2928 4064 sed,
2955 3995 3068 4069 Ego
3089 3997 3220 4052 dabo
3242 3999 3347 4052 tibi.
3368 3999 3528 4066 Quid,

1919 4101 2104 4156 quaeso
2123 4129 2136 4151 ,
2159 4088 2298 4142 das'!
2318 4085 2495 4142 Claves
2515 4089 2658 4159 regni
2680 4088 2922 4142 calorum
2953 4103 2972 4142 :
3008 4097 3055 4142 et
3100 4105 3427 4162 qmecumque
3463 4092 3499 4146 li
3514 4124 3528 4132 -

1918 4181 2114 4250 gaveris
2138 4196 2291 4249 super
2317 4189 2538 4246 terram,
2576 4190 2725 4235 erunt
2747 4181 2907 4252 ligata
2932 4190 2979 4235 et
3018 4182 3072 4236 in
3093 4184 3232 4237 ralis
3265 4199 3284 4237 :
3316 4194 3362 4237 et
3391 4201 3533 4254 quar-

1918 4287 2134 4343 eumque
2157 4272 2364 4326 solveris
2389 4288 2542 4343 super
2571 4280 2780 4340 terram,
2810 4283 2956 4327 erunt
2989 4275 3161 4329 soluta
3194 4285 3241 4330 et
3285 4277 3338 4330 in
3367 4280 3527 4332 cwlis.

1917 4361 2198 4430 Quomodo
2246 4362 2407 4434 igitur
2444 4380 2550 4418 non
2587 4363 2706 4431 ejus
2745 4367 2869 4432 erit,
2923 4375 2980 4420 ut
3013 4381 3045 4420 a
3087 4367 3294 4423 dextris
3316 4378 3372 4423 et
3395 4370 3531 4424 sini-

1919 4455 2045 4509 stris
2066 4454 2255 4508 sedere
2284 4455 2565 4522 concedat,
2598 4456 2688 4526 qui
2719 4455 2875 4522 dixit,
2906 4454 3018 4530 Ego
3039 4455 3128 4511 tibi
3153 4459 3324 4514 dabo?
3346 4459 3535 4516 Viden’

1918 4547 2190 4617 quomodo
2218 4548 2283 4601 ad
2313 4547 2702 4604 sublimiorem.
2726 4549 2796 4604 de
2852 4563 2913 4606 se
2965 4550 3280 4620 opinionem
3309 4553 3529 4610 Petrum

1918 4639 2108 4708 erigat,
2138 4648 2193 4694 et
2221 4639 2456 4707 seipsum
2483 4641 2708 4706 revelet,
2735 4654 2798 4694 ac
2825 4655 2923 4710 per
2947 4641 3108 4696 hasce
3133 4643 3267 4699 duas
3294 4644 3530 4714 promis-

1917 4733 2098 4787 siones
2119 4747 2176 4786 se
2207 4731 2401 4786 Filium
2435 4732 2526 4787 Dei
2555 4747 2678 4788 esse
2697 4731 3132 4788 ostendat?Nam
3154 4743 3280 4803 qua
3300 4737 3394 4791 uni
3417 4735 3532 4792 Deo

1918 4833 2042 4876 sunt
2077 4827 2308 4891 propria,
2341 4838 2534 4893 nempe
2579 4833 2796 4893 peccata
2848 4824 3081 4892 solvere,
3127 4824 3427 4886 Ecclesiam
3476 4828 3528 4883 in

1920 4925 2068 4969 tanto
2097 4914 2354 4970 fluctuum
2403 4930 2668 4971 concursu
2715 4916 2993 4972 immotam
3043 4917 3303 4986 reddere,
3349 4920 3530 4976 homi-

1920 5024 2147 5079 nemque
2178 5009 2496 5078 piscatorem
2534 5019 2647 5065 toto
2686 5010 3037 5080 impugnante
3078 5012 3213 5067 orbe
3255 5023 3406 5082 petra
3435 5017 3530 5069 lir-

1919 5103 2144 5155 miorem
2178 5101 2427 5164 reddere,
2467 5101 2585 5156 inec
2614 5118 2673 5158 se
2714 5101 2787 5156 illi
2827 5104 3075 5158 daturum
3116 5107 3401 5175 pollicetur
3430 5127 3441 5162 :
3473 5119 3530 5163 ut

1921 5191 2079 5245 Pater
2104 5191 2390 5246 Jeremiam
2417 5191 2697 5262 alloquens
2723 5193 2954 5262 dicebat,
2997 5211 3054 5250 se
3097 5198 3340 5266 posuisse
3381 5199 3527 5254 illum

1917 5283 2056 5335 sicut
2084 5281 2387 5337 columnam
2416 5297 2611 5337 aeream
2641 5291 2695 5337 et
2715 5284 2852 5338 sicut
2879 5299 3090 5339 murum
3124 5286 3275 5355 (Jer.
3305 5289 3355 5342 1.
3384 5286 3450 5345 18
3476 5291 3527 5362 );

1918 5373 2011 5427 sed
2036 5373 2180 5425 illum
2207 5374 2294 5426 uni
2328 5373 2493 5442 genti,
2524 5373 2665 5427 hunc
2687 5383 2867 5428 autem
2893 5375 2944 5429 in
2983 5376 3236 5432 universo
3263 5389 3527 5435 terrarum

1919 5466 2077 5523 orbe.
2102 5466 2355 5520 Libenter
2380 5482 2676 5536 quazrerem
2699 5469 2767 5523 ab
2791 5470 2853 5525 iis
2897 5471 2987 5540 qui
3021 5472 3367 5529 imminutam
3411 5475 3526 5530 Filii

1921 5553 2248 5623 dig'zilateln
2275 5555 2487 5616 volunt,
2512 5571 2632 5624 qua:
2651 5556 2860 5624 majora
2888 5559 2997 5611 sint
3016 5560 3181 5626 dona,
3199 5579 3264 5617 an
3283 5581 3403 5635 qum
3423 5567 3524 5632 Par.

1929 5651 2032 5702 ter,
2047 5660 2114 5697 an
2135 5661 2255 5714 qua:
2269 5646 2440 5700 Filius
2455 5646 2546 5700 Pet
2558 5664 2616 5702 ro
2632 5645 2886 5702 dedit.Na
2897 5666 2945 5702 ni
2965 5649 3124 5706 Pater
3135 5657 3518 5714 revelationem

1930 5735 2051 5789 Filii
2071 5736 2229 5792 Petro
2245 5739 2414 5804 dedit;
2444 5739 2614 5793 Filius
2633 5755 2764 5794 vero
2781 5750 2832 5794 et
2852 5740 3030 5798 Patris
3048 5753 3098 5798 et
3123 5747 3206 5798 sui
3235 5747 3404 5818 ipsius
3427 5761 3518 5800 co-

1929 5830 2226 5900 gnitionem
2268 5847 2362 5903 per
2379 5843 2546 5894 totum
2583 5834 2769 5891 orbem
2799 5833 2874 5888 illi
2901 5834 3262 5894 dissmninare
3286 5843 3518 5896 contuli-

3175 5951 3212 6015 5
