4046 6428
547 387 648 444 555

549 504 640 568 sit,
671 518 736 557 ac
775 492 986 554 mortali
1025 496 1229 549 homini
1269 508 1484 549 omnem
1521 493 1573 546 in
1617 492 1752 546 caelo
1787 498 2108 560 potestatem

549 596 717 660 dedit,
747 594 873 648 dum
924 591 1104 645 claves
1146 589 1221 655 illi
1254 587 1500 650 tradidit,
1553 588 1644 656 qui
1682 584 1977 641 Ecclesium
2020 600 2113 652 per

551 694 720 739 totum
759 682 948 742 orbem
985 690 1251 734 terrarum
1281 679 1542 742 extendit,
1565 686 1620 732 et
1649 677 1794 732 caelis
1821 676 2113 757 ﬁrm-iurem

550 776 873 831 monstravit
913 793 928 830 :
967 789 1092 828 nam
1142 774 1237 838 ait,
1273 771 1473 831 Catum
1515 780 1565 825 et
1597 781 1742 824 terra
1773 771 2118 834 transibunt,-

550 866 701 921 aerba
729 878 902 920 autem
927 882 1040 919 mea
1065 882 1166 918 non
1187 863 1486 917 transibunt
1524 860 1718 934 (Hath.
1739 864 1828 918 24.
1847 860 2116 929 55).οι10-

548 958 715 1013 modo
741 973 870 1028 ergo
899 959 1082 1012 minor
1105 957 1154 1011 is
1178 959 1271 1026 qui
1300 956 1422 1010 talia
1446 955 1612 1020 dedit,
1633 955 1726 1024 qui
1759 955 1883 1008 talia
1907 953 2033 1008 fecit
2051 953 2073 985 ⁴
2095 953 2120 1005 τ

551 1048 676 1106 Ilaec
709 1066 873 1126 porro
901 1051 1046 1114 dico,
1081 1064 1186 1103 non
1220 1047 1366 1116 quod
1395 1046 1574 1104 Patris
1611 1057 1663 1103 et
1686 1045 1806 1102 Filii
1835 1061 1997 1116 opera
2033 1045 2120 1099 di-

549 1143 729 1197 vidam
757 1162 769 1197 :
798 1141 990 1197 Omnia
1011 1142 1150 1194 enim
1173 1156 1265 1209 per
1292 1141 1463 1209 ipsum
1487 1141 1635 1207 facta
1651 1148 1854 1205 sunt,ct
1877 1139 2118 1206 sineipso

552 1233 751 1302 factum
795 1245 871 1288 est
908 1233 1043 1287 nihil
1078 1231 1269 1302 (Joan.
1302 1235 1353 1288 t.
1383 1233 1472 1300 '5);
1522 1234 1616 1286 sed
1653 1242 1714 1286 ut
1750 1231 2118 1301 impudentem

553 1325 771 1380 illorum
791 1325 1030 1394 linguam
1048 1324 1359 1393 reprimam,
1374 1323 1467 1392 qui
1481 1323 1606 1377 talia
1623 1320 1867 1392 proferre
1888 1321 2114 1378 audent.

608 1417 661 1471 5.
705 1414 810 1468 Cur
849 1413 1078 1468 Christus
1094 1439 1103 1485 ς
1118 1420 1236 1465 ante
1281 1423 1562 1478 passionem
1613 1421 1668 1459 se
1720 1420 1827 1459 esse
1855 1401 2121 1458 Christum

538 1505 830 1576 pervulgari
870 1505 1103 1571 uoluerit.
1131 1501 1274 1554 Petri
1315 1500 1526 1568 ﬁrmitas
1561 1507 1671 1566 post
1701 1511 1917 1549 enicem.
1947 1524 2016 1534 -—
2038 1493 2120 1548 Ex

540 1597 625 1649 his
664 1595 910 1649 omnibus
945 1593 1060 1662 ejus
1102 1590 1389 1662 potentiam
1440 1587 1821 1642 animadverte.
1869 1583 1979 1656 Ego
2032 1584 2121 1638 tibi

536 1686 668 1749 dico,
700 1693 752 1737 tu
777 1700 831 1738 es
863 1681 1078 1747 Petrus;
1111 1697 1202 1752 ego
1246 1679 1505 1749 (εάὶροώο
1553 1677 1874 1740 Ecclesium;
1911 1693 2002 1746 ego
2033 1677 2123 1730 tibi

536 1776 664 1831 dabo
681 1777 852 1830 claues
867 1773 1130 1829 calorum.
1166 1773 1228 1825 Et
1252 1772 1342 1827 20.
1368 1780 1505 1836 tunc,
1532 1786 1653 1825 cum
1701 1770 1817 1823 haec
1861 1767 2117 1834 dixisset,

538 1857 772 1938 praeerit
799 1868 892 1932 eis,
909 1876 967 1920 ut
987 1865 1174 1925 nemini
1201 1864 1420 1918 dicerent
1438 1860 1572 1932 quod
1589 1862 1695 1931 ipse
1719 1869 1845 1915 esset
1865 1858 2116 1914 Christus.

441 1957 447 1962 ’
536 1961 605 2023 Et
639 1974 735 2014 cur
764 1957 1052 2028 praecepit?
1084 1956 1151 2011 Ut
1177 1954 1443 2010 scandalis
1467 1951 1532 2006 de
1562 1951 1738 2006 medio
1759 1949 1981 2005 sublatis
2003 1990 2019 2014 ,
2065 1957 2122 2002 et

535 2065 695 2106 cruce
720 2061 881 2119 atque
903 2048 1043 2113 aliis,
1075 2062 1194 2116 quae
1232 2059 1418 2116 passus
1446 2053 1550 2107 est,
1573 2042 1974 2107 consummatis,
1999 2041 2120 2096 nul-

537 2140 703 2211 quue.
723 2138 935 2194 demum
961 2143 1214 2202 restante,
1239 2133 1378 2206 quod
1405 2134 1490 2188 vel
1511 2132 1812 2202 impediret,
1833 2130 1916 2186 vel
1944 2130 2122 2184 turba-

535 2239 620 2288 ret
649 2231 807 2285 fidem
847 2230 899 2284 in
927 2229 1100 2299 ipsum
1141 2242 1171 2282 a
1217 2226 1399 2282 multis
1433 2233 1772 2294 susceptam,
1812 2223 2019 2277 sincera
2066 2230 2121 2277 et

539 2318 826 2375 istunobilis
862 2319 1005 2374 circa
1049 2317 1222 2387 ipsum
1272 2315 1455 2386 opinio
1491 2313 1544 2368 in
1583 2314 1881 2368 auditorum
1930 2313 2123 2366 animis

539 2410 954 2478 imprimeretur.
981 2407 1222 2465 Nondum
1251 2407 1394 2462 enim
1423 2405 1589 2475 ipsius
1621 2405 1787 2458 virtus
1832 2402 1977 2457 clare
2021 2399 2123 2455 ful-

537 2509 700 2555 serat.
739 2499 966 2570 Ideoque
997 2507 1120 2553 tunc
1151 2497 1220 2552 ab
1265 2497 1372 2551 illis
1411 2511 1531 2551 eam
1573 2494 1849 2565 pra-dicari
1873 2492 2119 2559 volebat,

539 2607 661 2650 cum
690 2601 741 2648 et
771 2593 912 2646 clara
961 2604 1142 2646 rerum
1174 2590 1389 2653 veritas,
1434 2596 1490 2642 et
1529 2595 1798 2656 gestorum
1830 2584 1908 2637 vis
1933 2596 2123 2651 magna

540 2684 901 2753 apostolorum
933 2681 1089 2736 dietis
1110 2681 1586 2751 patrocinarentur.
1616 2675 1730 2731 Non
1748 2676 1898 2730 enim
1919 2673 2124 2744 aequale

541 2789 676 2847 erat,
710 2781 885 2850 ipsum
932 2776 1112 2832 videre
1153 2777 1209 2830 in
1246 2775 1526 2829 Palaestina
1572 2786 1712 2827 nunc
1752 2770 2003 2825 miracula
2034 2783 2125 2839 pa-

541 2882 957 2936 trantemynunc
980 2867 1313 2923 contumeliis
1337 2865 1581 2920 aﬂ‘ectum
1624 2872 1680 2919 et
1724 2862 1972 2933 pulsum;
1998 2875 2124 2916 cum

541 2960 771 3015 maxime
788 2973 920 3014 crux
946 2957 1198 3011 miracula
1221 2955 1308 3010 illa
1334 2962 1617 3023 exceptura
1639 2961 1814 3016 esset;
1848 2951 2126 3022 ipsumque

528 3050 845 3122 perspicere
875 3048 999 3115 dum
1026 3046 1220 3116 ubique
1248 3055 1507 3099 terrarum
1528 3043 1860 3104 adoraretur.
1889 3040 2126 3110 fidesque

545 3143 598 3196 in
626 3141 778 3196 illum
803 3141 1023 3210 vigeret,
1056 3137 1296 3206 nihilque
1333 3136 1470 3190 ultra
1501 3143 1770 3204 pateretur
1791 3148 1974 3188 eorum
2006 3147 2125 3201 quae

543 3239 670 3287 ante
699 3245 886 3302 passus
912 3229 1102 3284 fuerat.
1133 3228 1261 3282 Ideo
1288 3226 1527 3297 praicipit
1556 3235 1609 3280 ut
1637 3225 1835 3279 nemini
1875 3223 2053 3277 dicant
2076 3224 2120 3277 ³.

545 3321 682 3377 Nam
712 3320 854 3392 quod
897 3319 1060 3375 semel
1091 3317 1298 3373 radices
1324 3317 1521 3386 posuit,
1549 3316 1594 3370 si
1626 3323 1806 3384 postea
1834 3313 2124 3379 evellatur,

527 3412 762 3468 difficile
789 3418 960 3480 potest
981 3411 1173 3464 iterum
1199 3407 1489 3478 plantatum
1505 3405 1644 3475 apud
1672 3405 1869 3460 multos
1899 3404 2123 3468 ﬁrmari;

546 3503 687 3574 quod
728 3517 856 3557 vero
903 3509 1182 3571 postquam
1221 3497 1386 3553 semel
1433 3497 1669 3552 defixum
1710 3506 1811 3561 est,
1851 3497 2125 3550 immotum

546 3602 745 3659 manet,
774 3592 989 3647 nemine
1017 3589 1314 3644 molestiam
1343 3587 1602 3642 inferente
1628 3585 1782 3642 facile
1811 3585 2050 3654 pullulat,
2072 3595 2128 3646 et

525 3685 720 3753 .inajus
743 3683 1126 3737 incrementum
1153 3676 1364 3745 accipit.
1388 3675 1517 3731 Nam
1547 3675 1592 3731 si
1623 3676 1657 3729 ii
1688 3676 1776 3745 qui
1801 3675 1946 3744 signa
1977 3673 2127 3728 vide-

548 3784 664 3828 rant
693 3773 935 3843 plurima,
970 3778 1026 3825 et
1053 3767 1491 3824 totineﬂ‘abilium
1520 3767 1888 3838 mysteriorum
1909 3765 2127 3834 partici-

546 3881 640 3937 pes
663 3872 836 3930 erant,
867 3864 950 3919 vel
981 3861 1095 3921 solo
1122 3859 1305 3916 auditu
1336 3857 1676 3913 scandalizati
1699 3867 1859 3923 sunt;
1886 3857 1994 3911 imo
2022 3871 2125 3912 non

547 3956 648 4025 ipsi
667 3954 790 4020 soli,
832 3953 925 4010 sed
957 3962 1010 4008 et
1055 3951 1247 4007 Petrus
1276 3950 1510 4005 omnium
1537 3948 1852 4019 coryphaeus
1879 3964 1894 4001 :
1924 3951 2126 4018 cogites

547 4046 705 4101 velim
731 4044 858 4114 quid
882 4043 1083 4114 passuri
1115 4050 1266 4097 erant
1289 4041 1520 4111 plurimi,
1551 4040 1596 4094 si
1623 4038 1926 4093 didicissent
1956 4038 2126 4108 ipsum

545 4152 665 4192 esse
692 4137 884 4193 Filium
912 4135 1029 4200 Dei,
1071 4143 1122 4188 et
1149 4143 1335 4205 postea
1361 4131 1618 4186 vidissent
1637 4146 1759 4185 eum
1788 4128 2043 4199 crucifigi,
2075 4139 2128 4184 et

546 4228 715 4297 sputis
765 4226 973 4292 foedari,
1019 4241 1138 4280 cum
1190 4224 1563 4296 mysteriorum
1606 4220 1907 4290 huiusmodi
1934 4235 2127 4275 arcana

547 4335 650 4373 non
680 4329 924 4383 nossent,
956 4316 1180 4372 necdum
1222 4316 1475 4385 Spiritum
1503 4323 1744 4368 sanctum
1770 4313 2121 4383 accepissent.

545 4407 679 4462 Nam
705 4408 749 4462 si
785 4407 1058 4476 discipulis
1087 4405 1302 4461 dicebat
1331 4422 1344 4458 :
1374 4404 1540 4458 Multa
1569 4403 1727 4456 habeo
1759 4395 1909 4457 uobis.
1929 4403 2121 4468 dicere,

544 4499 632 4553 sed
664 4515 764 4552 non
784 4499 991 4568 potestis
1013 4507 1214 4567 portare
1248 4495 1398 4549 modo
1443 4495 1464 4565 (
1482 4494 1638 4548 Joan.
1668 4494 1755 4548 16.
1788 4494 1886 4565 12)
1915 4511 1929 4546 :
1958 4495 2125 4548 multo

544 4591 713 4658 magis
741 4589 944 4658 reliqua
971 4587 1258 4643 multitudo
1285 4585 1565 4642 decidisset
1589 4627 1604 4650 ,
1634 4587 1679 4641 si
1711 4594 1833 4640 ante
1870 4595 2127 4655 opportu-

545 4696 671 4736 num
702 4689 931 4749 tempus,
962 4678 1102 4748 quod
1132 4681 1183 4733 in
1210 4678 1294 4732 bis
1339 4678 1610 4750 mysteriis
1634 4693 1937 4747 supremum
1969 4687 2122 4743 erat,

546 4773 676 4838 ipsis
697 4772 984 4827 revelatum
1014 4770 1222 4826 fuisset.
1252 4770 1457 4825 Idcirco
1498 4769 1612 4825 haec
1638 4769 1822 4825 dicere
1852 4768 2120 4838 prohibet.

547 4861 614 4917 Et
662 4871 718 4915 ut
759 4861 935 4919 discas
963 4870 1216 4931 quantum
1247 4861 1502 4915 intererat
1546 4860 1756 4928 plenam
1801 4868 1982 4931 postea
2027 4859 2124 4913 do-

545 4944 773 5005 ctrinam
813 4951 1076 5020 accipere,
1106 4953 1384 5005 summotis
1423 4951 1487 5004 iis
1513 4965 1631 5019 qua:
1659 4949 1979 5005 oﬂ'endiculo
2005 4965 2123 5005 esse

543 5050 808 5111 poterant,
842 5042 892 5095 id
939 5041 1005 5095 ab
1045 5042 1159 5110 ipso
1205 5041 1488 5112 coryphtro
1513 5041 1712 5111 accipe.
1759 5042 1875 5111 Ipse
1895 5056 2122 5111 namque

537 5133 750 5198 I'etrus,
781 5133 867 5203 qui
895 5141 1012 5202 post
1041 5142 1116 5188 tot
1145 5134 1394 5187 miracula
1429 5133 1561 5187 adeo
1612 5133 1907 5188 imbecillus
1955 5148 2125 5203 appa-

544 5225 668 5287 ruit,
692 5233 750 5279 ut
774 5233 1014 5293 negaret,
1041 5223 1302 5286 vilemque
1332 5224 1553 5291 puellam
1584 5224 1815 5290 timeret,
1843 5234 2120 5295 postquam

542 5331 714 5375 eruets
738 5325 953 5387 peracto
994 5318 1268 5388 mysterio,
1304 5318 1711 5403 resurrectionis
1739 5318 1911 5370 claras
1933 5315 2120 5371 habuit

543 5409 1046 5472 demonstrationes,
1079 5424 1198 5466 cum
1242 5408 1368 5460 nihil
1407 5408 1478 5461 illi
1521 5409 1652 5462 ultra
1683 5408 2000 5462 olfendiculo
2029 5425 2121 5463 es-

537 5508 660 5563 set,
690 5498 964 5558 nihiléeum
998 5502 1252 5564 turbaret,
1281 5501 1359 5555 sic
1385 5501 1656 5554 immotam
1691 5502 1854 5554 tenuit
1893 5500 2122 5571 Spiritus

546 5591 860 5659 doctrinam,
904 5604 959 5648 ut
1002 5595 1366 5650 vehementius
1408 5610 1565 5665 quam
1597 5596 1678 5650 leo
1723 5593 1774 5648 in
1817 5594 2118 5651 Judmorum

603 5749 623 5810 ξ
656 5745 1103 5810 λιοτοι..ηιιοηιοᾱο
1123 5759 1238 5810 ergo
1260 5746 1479 5810 minoris
1496 5748 1582 5810 qui
1605 5747 1720 5799 talia
1743 5748 1856 5810 fecit
1883 5747 1907 5796 9

607 5808 629 5839 ι
659 5814 785 5865 Haec,
805 5807 916 5859 ideo
936 5808 1155 5873 prwcipit
1181 5807 1226 5859 ut
1250 5809 1426 5863 uenturi
1450 5807 1630 5874 dicunt,
1655 5807 1831 5862 desunt
1856 5813 1903 5860 in
1920 5811 2085 5862 Morel.

1249 380 1304 432 S.
1343 374 1626 432 .IOANNIS
1661 371 2152 429 CIIR‘YSOSTO‘MI
2196 371 2506 429 ARCIIIEP.
2531 371 3060 428 CONSTANTINOP.

3713 375 3817 430 536

2230 489 2480 558 populum
2507 490 2751 551 irrueret,
2780 485 2886 544 etsi
2902 488 3131 560 pericula
3152 497 3205 544 et
3228 488 3376 545 mille
3402 501 3606 549 mortes
3640 495 3818 548 illum-

2225 591 2431 637 uerent.
2456 580 2624 634 Multa
2647 583 2777 636 enim
2802 581 2958 635 habeo
2991 583 3126 635 vobis
3158 581 3340 648 dicere,
3375 584 3563 652 inquit,
3596 587 3691 638 sed
3716 605 3817 640 non

2226 670 2429 739 potestis
2451 683 2655 740 portare
2682 670 2847 725 modo.
2876 670 3012 737 Quin
3045 672 3203 725 etiam
3232 673 3394 726 multa
3439 671 3510 726 ab
3551 674 3646 728 illo
3671 674 3816 728 dit-ta

2226 776 2331 816 non
2357 762 2750 832 intelligebant,
2790 777 2909 830 quae
2952 772 3075 817 ante
3118 777 3330 818 crucem
3375 765 3654 820 manifesta
3706 783 3815 820 non

2225 856 2473 911 reddidit.
2507 856 2859 926 Posteaquam
2886 855 3043 926 igitur
3070 869 3458 925 resurrexerat,
3492 869 3620 913 tunc
3660 874 3816 929 qum-

2224 949 2345 1001 dam
2368 962 2550 1002 eorum
2569 961 2691 1016 quae
2715 947 2922 1002 dixerat
2945 948 3339 1003 intellexerunt.
3369 949 3498 1005 Jure
3517 965 3652 1021 ergo
3670 953 3819 1007 mul-

2226 1041 2292 1095 tis
2315 1041 2582 1110 praecepit,
2609 1055 2678 1096 ne
2706 1040 2834 1095 illud
2866 1050 2989 1097 ante
3008 1042 3183 1095 crucis
3211 1041 3511 1112 passionem
3541 1043 3816 1113 dicerent,

2223 1134 2436 1203 quando
2465 1149 2533 1188 ne
2557 1147 2717 1188 ausus
2744 1133 2956 1203 quidem
2995 1145 3077 1189 est
3101 1134 3186 1201 iis,
3217 1135 3308 1204 qui
3336 1143 3519 1203 postea
3547 1135 3817 1207 praedica-

2222 1225 2329 1278 turi
2357 1233 2540 1290 erant,
2588 1226 2766 1280 omnia
2808 1236 2931 1280 ante
2968 1241 3185 1280 crucem
3225 1228 3451 1296 aperire.
3495 1227 3582 1283 20.
3629 1228 3713 1283 Ex
3754 1247 3816 1284 eo

2218 1324 2445 1386 tempore
2466 1318 2614 1386 erepit
2635 1316 2787 1372 Jesus
2812 1319 2934 1388 ipsis
2957 1317 3234 1382 ostendere,
3261 1318 3396 1389 quod
3418 1329 3670 1388 aporteret
3685 1338 3816 1374 eunt

2219 1407 2350 1475 pati.
2377 1406 2458 1460 Ex
2486 1422 2715 1476 quonam
2746 1407 3181 1478 tempore?Cum
3229 1409 3329 1463 hoc
3371 1409 3564 1480 dogma
3609 1411 3664 1464 in
3705 1413 3815 1465 illis

2225 1498 2480 1562 inseruit;
2511 1513 2632 1552 cum
2655 1499 2893 1568 gentium
2921 1499 3125 1552 initium
3149 1497 3371 1553 induxit.
3403 1500 3473 1554 At
3517 1515 3696 1569 neque
3731 1505 3817 1558 sic

2225 1590 2278 1645 id
2319 1590 2459 1660 quod
2489 1590 2763 1646 dicebatur
2792 1591 3172 1648 intellexerunt
3203 1610 3216 1643 :
3253 1592 3562 1658 Eratenim,
3604 1595 3812 1665 inquit,

2225 1683 2548 1737 absconditus
2594 1699 2758 1738 sermo
2786 1673 2856 1737 ab
2882 1684 2953 1738 eis
2981 1683 3145 1754 (Luc.
3181 1685 3267 1740 18.
3297 1685 3432 1756 54ης
3477 1695 3534 1742 et
3575 1688 3728 1756 quasi
3759 1689 3815 1742 in

2225 1775 2550 1830 obscuritate
2570 1775 2796 1846 quadam
2819 1776 3185 1842 versabantur,
3219 1777 3522 1833 nescientes
3566 1793 3690 1834 eum
3721 1795 3817 1835 re-

2225 1877 2585 1923 surrecturum
2607 1883 2745 1923 esse.
2778 1868 3112 1939 Quapropter
3143 1871 3193 1922 in
3213 1869 3332 1924 istis
3372 1869 3680 1925 difficilibus
3707 1871 3816 1925 im-

2227 1969 2502 2027 moratur,
2549 1970 2601 2015 et
2637 1974 2936 2015 sermonem
2972 1962 3292 2031 amplificat,
3322 1972 3385 2030 ut
3423 1964 3529 2018 illis
3574 1976 3814 2021 mentem

2224 2052 2446 2119 aperiat.
2477 2058 2534 2106 et
2571 2050 2864 2120 intelligant
2888 2051 3017 2121 quid
3043 2052 3112 2105 sit
3137 2050 3264 2106 illud
3295 2052 3437 2123 quod
3459 2054 3673 2109 dicitur.
3706 2054 3816 2110 Ve-

2226 2157 2342 2195 rum
2375 2141 2496 2195 Non
2523 2141 2899 2209 intellexerunt,
2929 2144 3015 2196 sed
3043 2151 3150 2197 erat
3178 2145 3525 2201 absconditum
3544 2148 3669 2216 ipsis
3699 2164 3818 2202 uer-

2225 2231 2342 2286 bum
2363 2233 2498 2287 istud
2521 2231 2816 2305 (Ibidem);
2858 2248 2957 2289 nec
2991 2235 3258 2290 audebant
3283 2237 3429 2291 illum
3457 2238 3814 2309 interrogare,

2227 2337 2333 2378 non
2355 2331 2536 2378 utrum
2566 2334 2708 2380 esset
2737 2325 3047 2392 moriturus,
3077 2326 3170 2382 sed
3209 2327 3478 2398 quomodo
3501 2337 3560 2385 et
3587 2345 3692 2399 qua
3721 2346 3813 2385 ra-

2228 2413 2391 2469 tione.
2423 2414 2494 2469 Et
2534 2416 2660 2484 quid
2697 2425 2814 2470 erat
2856 2417 2957 2472 hoc
2983 2419 3333 2490 mysterium?
3355 2418 3470 2475 Non
3498 2422 3643 2474 enim
3669 2420 3816 2476 scie-

2228 2503 2373 2570 bant,
2404 2506 2531 2575 quid
2552 2515 2695 2561 esset
2711 2520 3010 2576 resurgere,
3043 2509 3316 2580 multoque
3337 2510 3528 2565 melius
3551 2512 3816 2579 potabant

2227 2611 2347 2652 esse
2397 2597 2522 2668 non'
2547 2599 2704 2653 mori.
2738 2599 2965 2670 ldeoque
2983 2601 3100 2656 aliis
3129 2602 3377 2657 omnibus
3402 2602 3727 2672 perturbatis
3749 2618 3817 2658 ac

2226 2686 2609 2755 dubitantibus,
2639 2703 2851 2744 rursum
2882 2689 3092 2756 Petrus,
3147 2698 3330 2761 utpote
3370 2691 3579 2748 iervens
3600 2734 3618 2759 ,
3665 2697 3818 2748 solus

2225 2789 2388 2831 ausus
2412 2786 2492 2832 est
2523 2777 2622 2834 hac
2645 2777 2713 2833 de
2739 2794 2797 2834 re
2826 2780 2969 2849 loqui
2997 2797 3011 2832 :
3041 2796 3213 2851 neque
3241 2790 3417 2837 tamen
3458 2783 3689 2852 publice,
3719 2784 3817 2840 sed

2230 2878 2470 2921 seorsum
2496 2885 2511 2934 ;
2542 2867 2592 2922 id
2623 2878 2724 2933 est,
2755 2870 2822 2926 ab
2849 2870 2967 2925 aliis
2993 2880 3231 2927 semotus
3251 2871 3562 2942 discipulis;
3595 2876 3813 2946 aitque:

2229 2957 2317 3011 22.
2349 2958 2613 3028 PrOpitius
2638 2961 2726 3013 tibi
2762 2961 2850 3029 sis,
2882 2959 3117 3028 Domine,
3161 2980 3263 3018 non
3301 2965 3392 3018 erit
3416 2964 3504 3019 tibi
3533 2965 3648 3020 hoc.
3676 2967 3815 3035 Quid

2230 3049 2332 3104 hoc
2353 3051 2473 3104 est?
2514 3051 2604 3120 qui
2633 3052 3012 3109 revelationem
3037 3053 3241 3118 habuit,
3293 3056 3383 3125 qui
3410 3056 3600 3113 beatus
3623 3059 3818 3127 praedi-

2229 3150 2378 3196 catus
2403 3149 2506 3208 est,
2532 3141 2618 3196 hic
2656 3142 2836 3197 subito
2875 3143 3056 3214 lapsus
3079 3143 3292 3211 cecidit,
3321 3145 3394 3200 ita
3420 3155 3478 3200 ut
3506 3147 3816 3216 passionem

2230 3233 2390 3286 etiam
2417 3232 2741 3287 timeretiet
2768 3233 2895 3303 quid
2920 3234 3134 3299 mirum,
3176 3234 3221 3289 si
3261 3234 3327 3300 is,
3371 3236 3461 3305 qui
3500 3236 3599 3290 hac
3641 3235 3711 3291 de
3759 3252 3820 3293 re

2231 3338 2336 3378 non
2362 3333 2643 3392 acceperat
2682 3324 3082 3392 revelationcm,
3127 3325 3181 3380 id
3224 3326 3412 3396 pas'sus
3431 3327 3537 3381 sit?
3570 3325 3638 3382 Ut
3670 3328 3816 3382 enim

2229 3413 2407 3468 discas
2433 3415 2581 3469 illum
2610 3429 2672 3470 ea
2701 3429 2819 3485 quae
2843 3429 3002 3485 supra
3029 3415 3169 3471 dicta
3196 3426 3322 3476 sunt
3364 3421 3472 3479 nun
3498 3434 3564 3473 ex
3593 3434 3654 3475 se
3687 3435 3819 3489 pro-

2232 3506 2418 3562 tulisse
2440 3548 2455 3573 ,
2488 3507 2607 3563 vide
2648 3506 2914 3577 quomodo
2935 3508 2986 3561 in
3010 3506 3092 3561 his
3124 3523 3243 3577 quae
3282 3509 3384 3563 sibi
3422 3510 3662 3565 revelata
3708 3527 3818 3566 non

2230 3595 2474 3662 fuerant,
2522 3597 2762 3652 turbetur
2791 3581 2859 3653 Et
2897 3605 3198 3664 evertatur,
3246 3607 3301 3654 ct
3325 3598 3520 3655 millies
3547 3600 3820 3657 audiendo

2232 3703 2339 3743 non
2369 3689 2575 3744 noverit
2611 3689 2736 3759 quid
2760 3688 3043 3753 diceretur.
3073 3689 3205 3745 Nam
3231 3691 3374 3761 quod
3412 3691 3581 3747 Filius
3611 3693 3702 3748 Dei
3731 3710 3821 3750 cs-

2230 3791 2332 3845 set,
2361 3780 2412 3834 id
2436 3790 2581 3837 certe
2603 3789 2852 3847 noverat;
2880 3783 3004 3852 quid
3026 3791 3202 3837 autem
3223 3784 3293 3837 sit
3312 3783 3622 3854 mysterium
3639 3787 3821 3841 crucis

2227 3879 2284 3927 et
2300 3872 2724 3932 resurrectionis.
2743 3871 2978 3928 tuendum
2992 3872 3091 3943 ipsi
3113 3874 3257 3929 clare
3277 3883 3458 3929 notum
3480 3885 3615 3930 erat.
3633 3876 3819 3933 Sermo

2229 3963 2598 4033 enim,inquit,
2619 3975 2725 4017 erat
2744 3965 2866 4035 ipsis
2891 3966 3133 4020 occultus.
3162 3964 3325 4020 Vides
3347 3966 3493 4021 illum
3506 3965 3630 4036 jure
3659 3985 3816 4024 man~

2231 4053 2407 4120 dasse,
2441 4068 2508 4108 ne
2536 4054 2653 4107 aliis
2671 4053 2948 4110 dicerent?
2969 4053 3099 4108 Nam
3134 4055 3179 4110 si
3211 4069 3304 4110 eos
3338 4071 3472 4126 quos
3497 4055 3547 4111 id
3573 4057 3820 4116 ediscere

2231 4147 2591 4200 necessarium
2621 4155 2740 4201 erat
2773 4148 2843 4201 ita
2880 4147 3136 4214 turbavit,
3172 4147 3298 4218 quid
3334 4164 3440 4204 non
3461 4151 3604 4219 passi
3631 4164 3822 4208 essent

2229 4237 2410 4293 oneri
2427 4237 2449 4290 ἵ
2469 4236 2584 4307 Ipse
2606 4253 2729 4292 vero
2746 4246 2807 4292 ut
2828 4239 3139 4294 ostenderet
3157 4255 3216 4294 se
3238 4254 3343 4295 non
3361 4241 3580 4295 invitum
3600 4241 3666 4298 ad
3687 4257 3820 4312 pas-

2231 4331 2436 4384 sionem
2451 4332 2654 4394 venire,
2671 4330 2958 4400 increpavit
2973 4331 3208 4397 Petrum,
3221 4341 3565 4402 satanamque
3579 4341 3814 4395 vocavit.

2299 4424 2352 4478 4.
2392 4422 2469 4476 De
2506 4439 2651 4477 cruce
2681 4421 2866 4479 Christi
2903 4440 3004 4479 non
3028 4424 3435 4484 erubescendum.
3461 4427 3600 4483 Crux
3619 4433 3819 4500 quoties

2229 4524 2334 4569 tum
2361 4516 2555 4585 publice
2583 4526 2686 4570 tum
2715 4517 2948 4586 priuatim
2972 4517 3310 4575 adhibitaw—
3334 4518 3565 4574 Audiam
3611 4521 3702 4591 qui
3745 4523 3820 4578 de

2228 4624 2386 4665 cruce
2421 4607 2617 4664 Christi
2654 4610 2993 4665 erubescunt.
3024 4610 3230 4665 Etenim
3260 4610 3303 4666 si
3343 4611 3659 4683 coryphzeus
3698 4615 3814 4683 ille,

2227 4709 2512 4770 antequam
2554 4701 2730 4754 omnia
2773 4701 2939 4770 probe
2977 4701 3174 4765 sciret,
3218 4701 3358 4772 quod
3404 4703 3495 4757 tali
3536 4714 3682 4759 esset
3728 4706 3815 4759 af-

2228 4788 2390 4854 fectu,
2420 4802 2634 4846 satanas
2659 4791 2957 4861 appellatus
2985 4800 3087 4859 est,
3118 4809 3276 4863 quam
3320 4796 3529 4849 veniam
3560 4811 3813 4852 mercan-

2228 4890 2316 4936 tur
2355 4882 2429 4937 illi
2471 4883 2580 4952 qui,
2622 4891 2761 4951 post
2788 4891 2987 4936 tantam
3024 4882 3560 4952 demonstrationem,
3592 4901 3817 4942 meone-

2228 4974 2387 5028 miam
2419 4973 2652 5044 negant?
2675 4974 2897 5041 Quando
2922 4976 3063 5030 enim
3091 4975 3170 5029 vir
3187 4976 3278 5046 qui
3303 4977 3489 5032 beatus
3512 4979 3814 5048 appellatus

2228 5077 2327 5130 eat,
2359 5066 2446 5136 qui
2476 5065 2633 5122 talem
2663 5066 2880 5136 protulit
2919 5066 3330 5133 confessionem,
3360 5067 3474 5123 haec
3502 5077 3678 5124 tamen
3716 5085 3815 5124 au-

2227 5156 2324 5223 dit,
2355 5159 2406 5212 in
2436 5158 2615 5212 animo
2646 5167 2830 5226 reputa
2859 5166 3055 5227 quanta
3085 5159 3291 5228 passuri
3322 5159 3429 5214 sint
3467 5161 3524 5225 ii,
3563 5162 3653 5231 qui
3687 5172 3813 5234 post

2229 5251 2326 5304 ista
2355 5250 2666 5320 mysterium
2692 5251 2866 5305 crucis
2895 5250 3246 5319 vilipendunt.
3268 5249 3380 5304 Non
3407 5251 3557 5317 dixit,
3583 5250 3810 5307 Satanas

2228 5356 2322 5411 per
2348 5349 2400 5396 te
2427 5342 2675 5411 loquutus
2717 5349 2832 5408 est;
2862 5341 2975 5406 sed,
3009 5342 3098 5396 25.
3142 5340 3280 5395 Vade
3309 5351 3418 5409 post
3449 5359 3546 5409 me,
3577 5353 3808 5402 satanas.

2226 5433 2356 5487 Nam
2384 5433 2630 5502 cupiebat
2656 5432 2992 5488 adversarius
3021 5443 3076 5487 ut
3104 5433 3349 5487 Christus
3369 5449 3472 5487 non
3495 5445 3806 5503 pateretur:

2229 5526 2348 5582 ideo
2390 5527 2466 5580 sic
2495 5526 2835 5581 vehementer
2875 5525 3185 5593 increpavit,
3216 5525 3357 5595 quod
3395 5526 3624 5581 maxime
3643 5527 3809 5584 sciret

2227 5631 2281 5676 et
2312 5621 2454 5674 illum
2483 5629 2537 5676 et
2565 5620 2697 5673 alios
2725 5622 2823 5674 hoc
2849 5621 3021 5688 ipsum
3051 5617 3258 5683 timere,
3287 5633 3458 5688 neque
3488 5617 3645 5674 facile
3676 5620 3805 5675 illud

2209 5711 2528 5766 admittere.
2582 5711 2915 5779 Quapropter
2958 5711 3151 5763 mentis
3211 5711 3326 5778 ejus
3372 5725 3562 5764 arcana
3609 5711 3808 5766 revelat

2233 5803 2414 5859 dicens
2444 5821 2454 5857 ;
2488 5802 2606 5857 Non
2635 5804 2769 5871 sapis
2799 5818 2856 5856 ea
2887 5816 2998 5871 qum
3035 5800 3126 5856 De:
3152 5811 3286 5870 sunt,
3311 5802 3397 5866 sed
3426 5817 3482 5855 ea
3504 5818 3619 5873 quis
3645 5802 3797 5856 Iasoni-
