4046 6430
245 399 350 456 53⁸1

247 529 390 565 num.
413 506 550 578 Quid
582 523 740 578 porro
765 506 893 560 illud
920 514 1023 571 est,
1057 503 1172 558 Non
1200 503 1342 574 sapis
1363 519 1420 556 ea
1450 517 1563 572 quae
1591 501 1684 554 Dei
1702 509 1840 564 sunt,

248 606 344 659 sed
367 622 426 658 ea
453 619 566 668 qua
603 602 863 655 hominum
885 602 911 654 .'
936 599 1030 654 llle
1075 599 1309 652 humano
1352 608 1404 650 et
1433 605 1646 650 terreno
1676 593 1844 647 ratio-

245 698 392 751 cinio
419 711 530 750 rem
559 685 890 758 examinans,
939 692 1156 761 putabat
1200 691 1249 745 id
1278 689 1493 744 Christo
1537 698 1692 757 turpe
1725 702 1846 741 esse

246 799 302 844 et
333 788 665 842 indecorum.
711 787 883 854 Ipsum
928 785 1105 854 itaque
1143 800 1370 851 carpens
1413 785 1525 836 ait:
1558 782 1673 836 Non
1705 782 1844 835 intle-

247 893 432 933 corum
466 885 549 930 est
576 893 660 930 me
688 877 828 945 pati:
853 875 944 930 sed
971 884 1022 928 tu
1054 874 1252 928 carnali
1272 873 1841 938 consilioitajudicas:

245 970 338 1039 qui
371 968 413 1021 si
441 967 730 1022 secundum
757 966 1089 1042 Dettm.dicta
1108 966 1368 1028 audisses,
1392 981 1420 1019 a
1448 963 1648 1018 carnali
1667 965 1847 1017 animo

247 1061 548 1131 expeditus,
581 1060 746 1113 scires
779 1059 826 1113 id
856 1075 943 1113 me
968 1060 1199 1112 maxime
1225 1059 1420 1114 decere
1445 1076 1460 1122 ;
1491 1067 1547 1112 tu
1576 1059 1720 1127 enim
1749 1073 1845 1126 puv

250 1163 353 1216 las,
387 1153 654 1221 indignam
687 1167 798 1205 rem
826 1166 965 1215 esse,
1010 1152 1056 1204 si
1097 1150 1151 1205 id
1192 1165 1292 1219 ego
1338 1151 1546 1219 patiar:
1581 1165 1681 1219 ego
1716 1165 1846 1203 vero

249 1247 374 1301 dico
400 1246 518 1308 tibi,
547 1245 742 1298 diaboli
774 1244 1100 1298 voluntatem
1121 1259 1244 1299 esse
1273 1253 1327 1296 ut
1357 1259 1456 1312 ego
1487 1258 1590 1296 non
1627 1243 1797 1311 patiar
1827 1258 1842 1294 :

249 1357 319 1395 ex
364 1338 648 1394 contrariis
693 1337 1104 1391 sollicitudinem
1159 1335 1276 1403 ejus
1316 1336 1661 1404 reprimebat.
1695 1333 1848 1389 Sicut

247 1431 394 1485 enim
424 1428 684 1483 Joannem
712 1428 801 1496 qui
831 1427 1104 1496 indignum
1135 1424 1350 1480 Christo
1378 1425 1597 1494 putabat
1619 1440 1761 1488 esse,
1799 1425 1843 1479 si

246 1519 388 1574 abse
406 1519 785 1588 baptizaretur,
801 1517 864 1570 ad
889 1517 939 1570 id
961 1516 1260 1571 faciendum
1285 1516 1489 1570 induxit
1506 1516 1692 1570 dicens
1715 1534 1726 1568 :
1757 1515 1847 1569 Sic

249 1613 390 1666 decet
435 1628 527 1664 nos
554 1609 768 1681 (Matth.
817 1611 870 1665 3.
916 1608 1041 1679 45);
1084 1617 1137 1662 et
1186 1609 1283 1676 ipsi
1333 1608 1490 1662 Petro
1530 1608 1693 1677 pedes
1719 1621 1846 1661 suos

249 1705 429 1758 lavare
459 1701 756 1772 prohibenti
782 1702 934 1767 dixit,
973 1699 1089 1754 Non
1111 1700 1263 1754 habes
1285 1711 1479 1770 partem
1501 1716 1714 1762 mecum,
1748 1700 1848 1752 nisi

249 1795 403 1864 pedes
447 1802 559 1847 tuos
598 1793 765 1846 lavero
795 1791 973 1860 (Joan.
1010 1792 1097 1846 15.
1127 1790 1197 1862 8)
1236 1792 1359 1847 :sie
1389 1802 1440 1846 et
1482 1791 1582 1846 hoc
1620 1791 1861 1846 loco-er.

248 1886 533 1941 Contrariis
563 1886 734 1956 ipsum
762 1885 1039 1954 repressit,
1068 1892 1132 1938 et-
1152 1883 1844 1953 increpationisvehemcn-

250 1981 320 2032 tia
355 1978 603 2032 timorem
632 1976 893 2046 passionis
927 1977 1201 2032 exstinxit.
1242 1976 1520 2032 Neminem
1552 1977 1710 2046 igitur
1751 1992 1848 2044 pu-

250 2071 374 2125 deat
415 2071 804 2124 bonorabilinm
838 2069 1025 2123 salutis
1067 2079 1263 2123 nostras
1303 2067 1691 2138 symbolorum,
1725 2083 1844 2137 qua:

246 2171 376 2216 sunt
403 2173 564 2230 caput
604 2162 885 2220 bonorum.
931 2176 1024 2228 per
1049 2176 1168 2230 qure
1197 2160 1442 2224 vivimus,
1479 2175 1571 2228 per
1609 2176 1727 2228 quae
1756 2175 1846 2214 su-

248 2270 372 2310 mus
396 2273 408 2308 :
435 2254 528 2308 sed
560 2269 772 2308 crucem
799 2253 993 2308 Christi
1025 2255 1174 2324 quasi
1215 2269 1466 2308 coronam
1497 2253 1844 2308 circumfera-

247 2361 369 2400 mus
393 2361 408 2412 ;
442 2360 537 2414 per
557 2359 672 2399 eam
702 2345 845 2400 enim
873 2346 1049 2398 omnia
1078 2361 1198 2415 quae
1225 2345 1290 2400 ad
1321 2360 1416 2399 nos
1443 2354 1688 2413 spectant
1720 2359 1844 2414 per-

250 2440 522 2493 ﬁciuntur.
576 2437 631 2492 Si
696 2439 1002 2507 regenerari
1052 2447 1340 2507 oporteat,
1391 2454 1521 2493 crux
1566 2438 1751 2500 adest;
1800 2439 1844 2491 si

247 2530 477 2599 mystico
500 2529 591 2582 illo
611 2528 731 2582 cibo
753 2530 961 2593 nutriri,
982 2529 1024 2582 si
1045 2529 1300 2594 ordinari,
1325 2539 1378 2584 et
1401 2531 1444 2583 si
1468 2530 1677 2600 quidvis
1701 2530 1845 2585 aliud

248 2621 575 2687 faciendum,
606 2622 802 2690 ubique
828 2623 981 2676 nobis
1025 2621 1175 2676 adest
1213 2622 1315 2677 hoc
1357 2623 1593 2678 victori-.e
1631 2624 1846 2696 symbo-

248 2712 380 2766 lum.
411 2712 612 2767 lilcirco
637 2722 690 2767 et
717 2712 881 2778 domi,
912 2722 965 2768 et
991 2713 1041 2767 in
1074 2714 1383 2781 parietibus,
1411 2715 1539 2770 etin
1572 2715 1842 2782 fenestris,

246 2814 303 2859 et
333 2805 382 2858 in
408 2804 580 2860 fronte
607 2813 661 2860 et
684 2805 734 2859 in
767 2816 967 2870 mente,
1001 2806 1142 2860 illam
1183 2822 1303 2861 cum
1349 2807 1515 2862 multo
1552 2808 1729 2862 studio
1751 2807 1846 2863 de-

249 2897 537 2967 pingimus.
591 2895 701 2951 Hoc
750 2899 944 2967 quippe
997 2899 1204 2967 signum
1259 2909 1340 2953 est
1391 2909 1588 2954 nostrre
1634 2901 1842 2968 salutis,

247 2989 550 3042 communis
580 2987 858 3052 libertatis,
883 2997 938 3042 et
961 2991 1386 3044 mansuetudinis
1417 2992 1624 3045 Domini
1655 3011 1666 3045 :
1695 2990 1845 3046 Sicut

247 3081 354 3134 oris
397 3081 539 3134 enim
581 3080 650 3132 ad
678 3081 972 3133 occisionem
1013 3080 1189 3134 ductus
1215 3091 1284 3134 est
1336 3081 1471 3153 (Act.
1501 3082 1555 3136 8.
1589 3081 1676 3136 52.
1714 3081 1841 3136 Isai.

247 3174 338 3227 5‘5.
373 3172 447 3239 7).
478 3172 608 3226 Cum
643 3171 798 3240 igitur
839 3181 889 3224 te
922 3171 1120 3240 signas,
1164 3181 1330 3225 totum
1363 3173 1536 3227 crucis
1563 3187 1846 3241 argumen-

249 3276 362 3320 tum
390 3266 583 3334 cogita,
614 3266 896 3334 exstingue
914 3265 1043 3318 iram
1069 3281 1361 3332 omncSquc
1385 3282 1574 3335 pravos
1598 3265 1842 3319 allectus.

247 3358 380 3413 Cum
411 3366 461 3411 te
488 3358 688 3426 signas,
721 3359 883 3409 multa
915 3357 1103 3410 liducia
1142 3359 1370 3411 frontem
1404 3365 1548 3411 tuam
1580 3358 1745 3425 reple,
1777 3357 1846 3410 li-

249 3451 435 3504 ltcram
468 3447 627 3501 facito
653 3450 904 3502 animam.
938 3447 1098 3502 Scitis
1130 3450 1285 3518 plane
1315 3463 1560 3518 quaenam
1589 3450 1696 3501 sint
1725 3463 1846 3518 quae

249 3539 549 3594 libertatem
577 3538 732 3592 nobis
754 3540 978 3607 pariant.
1003 3537 1128 3592 Ideo
1149 3539 1351 3594 Paulus
1366 3539 1429 3591 ad
1460 3539 1509 3592 id
1539 3554 1636 3592 nos
1652 3538 1848 3592 cohor-

251 3641 392 3694 tans,
423 3631 526 3686 hoc
550 3639 628 3685 est
651 3632 715 3684 ad
745 3631 1041 3685 libertatem
1072 3631 1224 3685 nobis
1241 3642 1643 3700 congruentem,
1671 3631 1846 3685 crucis

250 3736 306 3776 et
349 3724 625 3792 sanguinis
665 3722 916 3775 dominici
959 3723 1229 3776 mentione
1290 3721 1463 3787 facta,
1510 3722 1588 3777 sic
1642 3723 1842 3776 habet:

257 3814 450 3878 Pretio,
482 3815 670 3884 inquit,
703 3816 858 3883 empti
885 3816 1002 3868 estis
1027 3830 1046 3876 ,'
1088 3831 1150 3868 ne
1177 3815 1286 3867 sitis
1324 3815 1453 3868 servi
1482 3815 1741 3868 hominum
1769 3816 1844 3885 (l.

251 3909 372 3964 Cor.
407 3910 458 3962 'l.
485 3909 600 3977 23).
633 3908 839 3975 Cogita,
872 3909 1079 3977 inquit,
1121 3910 1344 3976 pretium
1389 3925 1483 3978 pro
1513 3919 1566 3962 te
1594 3924 1843 3962 numera-

252 4011 384 4066 tum,
415 4010 574 4069 atque
606 4001 800 4053 nullius
831 3999 1062 4053 hominis
1082 4001 1186 4052 eris
1214 4014 1429 4064 servus;
1465 4001 1694 4067 pretium
1720 4014 1847 4053 vero

251 4107 468 4148 crucem
511 4103 686 4144 vocat.
736 4090 920 4160 Neque
954 4091 1095 4144 enim
1143 4091 1457 4158 simpliciter
1505 4091 1648 4144 illam
1681 4091 1847 4161 digito

252 4187 538 4241 effortnare
567 4196 797 4254 oportet,
831 4185 923 4240 sed
955 4187 1099 4252 prius
1122 4186 1394 4239 voluntate
1423 4194 1475 4238 et
1513 4185 1676 4237 multa
1721 4185 1841 4237 ﬁde.

251 4279 307 4332 Si
363 4277 464 4332 hoc
512 4277 671 4330 modo
726 4277 869 4330 illam
913 4277 964 4329 in
1008 4276 1139 4329 facie
1183 4286 1267 4330 tua
1311 4276 1640 4345 depinxeris,
1672 4277 1847 4330 nullus

254 4373 582 4440 impurorum
627 4370 928 4424 daemonum
976 4377 1158 4423 contra
1204 4379 1255 4424 te
1296 4378 1441 4423 stare
1486 4367 1694 4437 poterit,
1723 4383 1845 4421 cum

253 4483 438 4522 ensem
493 4466 669 4519 videat
710 4479 814 4534 quo
847 4465 1033 4517 vulnus
1077 4463 1300 4531 accepit,
1340 4477 1460 4515 cum
1497 4461 1848 4532 gladiumvi-

253 4559 378 4612 deat
405 4574 507 4626 quo
531 4557 674 4610 letali
716 4555 866 4624 plaga
897 4553 1168 4622 perfossus
1197 4561 1298 4606 est.
1344 4551 1399 4607 Si
1431 4567 1527 4605 nos
1557 4552 1700 4606 enim
1732 4552 1855 4604 Ioca-

258 4651 504 4704 videntes
545 4649 635 4702 ubi
683 4648 757 4700 rei
802 4645 1098 4706 creduntur,
1146 4644 1638 4713 perhorrescimus,
1672 4644 1845 4711 cogita

255 4741 379 4810 quid
429 4739 637 4808 passuri
683 4740 788 4792 sint
831 4737 1087 4791 diabolus-
1117 4747 1168 4790 et
1195 4736 1491 4802 dremones,
1524 4736 1685 4788 telum
1717 4734 1845 4788 illud

256 4833 518 4893 videntes,
559 4847 665 4901 quo
692 4829 934 4884 Christus
966 4837 1131 4882 totam
1171 4829 1376 4882 illorum
1410 4828 1701 4895 potentiam
1741 4827 1850 4880 sol-

256 4927 353 4986 vit,
381 4922 735 4992 draconisque
762 4928 922 4989 caput
967 4919 1213 4973 abscidit.
1246 4918 1322 4972 Ne
1350 4919 1528 4989 itaque
1568 4925 1618 4972 te
1654 4917 1850 4986 pudeat

259 5020 388 5070 tanti
429 5014 632 5086 accepti
679 5013 828 5079 boni,
869 5027 934 5067 .ie
973 5011 1242 5066 Cbristun.
1287 5011 1360 5063 tui
1412 5009 1604 5080 pudeat
1632 5008 1849 5077 quando

256 5109 434 5162 veniet
460 5121 581 5161 cum
609 5105 778 5176 gloria
805 5118 922 5167 sua,
962 5103 1146 5158 ethoc
1172 5103 1380 5171 signum
1423 5111 1548 5154 ante
1573 5100 1847 5154 Christum

258 5198 523 5253 videbitur
578 5196 706 5266 ipsis
758 5195 1023 5248 solaribus
1078 5193 1242 5247 radiis
1293 5192 1646 5261 splendidius.
1701 5191 1852 5246 Tunc

261 5293 402 5346 enim
432 5305 564 5345 crux
589 5289 786 5351 veniet,
817 5295 1104 5355 conspectu
1145 5301 1245 5340 suo
1273 5301 1460 5339 vocem
1495 5285 1766 5347 emittens,
1799 5293 1853 5339 et

261 5383 516 5436 adversus
561 5381 746 5435 orbem
793 5389 958 5432 totum
1010 5394 1224 5433 causam
1283 5378 1486 5431 Domini
1533 5377 1850 5443 defendens,

263 5475 662 5542 ostendensque
708 5471 840 5524 nihil
883 5487 946 5524 ex
980 5472 1097 5540 ejus
1146 5480 1295 5539 parte
1338 5469 1592 5523 defuisse.
1640 5470 1749 5523 lloc
1777 5469 1853 5522 si-

260 5583 423 5636 gnum
453 5575 507 5619 et
535 5563 796 5633 majorum
827 5573 1130 5617 nostrorum
1176 5573 1416 5630 tempore
1443 5572 1495 5614 et
1525 5577 1639 5614 aevo
1669 5570 1856 5615 nostro

258 5659 471 5713 clausas
487 5656 697 5725 aperuit
711 5654 929 5724 jannas;
952 5654 1051 5707 hoc
1069 5655 1275 5722 sign‘unt
1294 5664 1552 5706 venenata
1570 5653 1855 5721 pharmaca

265 5749 548 5812 exstinxit;
599 5747 698 5801 hoc
725 5746 908 5800 cicuta:
940 5747 1045 5799 vim
1089 5746 1278 5809 solvit;
1329 5745 1429 5798 hoc
1474 5757 1856 5799 venenatarum

268 5840 499 5897 ferarum
521 5853 731 5896 morsus
744 5838 966 5896 curavit.
991 5836 1119 5891 Nam
1139 5837 1375 5908 si-portas
1399 5836 1686 5891 inferortun
1725 5851 1856 5905 ape-

1352 387 1422 442 IN
1456 380 1863 440 MATTIUEUM
1903 379 2132 435 HOMIL.
2175 377 2306 433 LIV.
2351 380 2420 431 al.
2465 375 2551 432 LV

3460 371 3559 428 ιῖὗὸ

1953 503 2080 563 ruit,
2109 500 2151 556 si
2183 497 2440 553 «elerum
2466 498 2600 551 ostia
2633 495 2915 561 rcseravit,
2943 501 2996 549 et
3025 491 3256 563 paradisi
3279 489 3559 546 renovavit

1953 590 2272 661 ingressum,
2290 590 2334 643 si
2350 588 2546 644 diaboli
2567 603 2761 644 nervos
2785 587 3004 643 rescidit
3024 607 3035 641 :
3055 583 3183 655 quid
3201 586 3394 639 mirum
3414 584 3458 636 si
3478 583 3559 636 le-

1953 682 2106 738 tifera
2125 684 2432 752 pharmaca,
2454 681 2613 744 feras,
2633 680 2844 751 aliaque
2868 677 3179 750 hujusmodi
3199 677 3561 746 superaverit?

2023 777 2077 829 5.
2115 775 2230 830 Hoc
2257 789 2385 844 ergo
2415 774 2470 828 in
2515 783 2694 828 mente
2722 781 2808 827 tua
2844 772 3124 840 insculpe,
3160 780 3215 824 et
3253 771 3558 825 animarum

1952 875 2254 919 nostrarum
2318 864 2544 918 salutem
2590 863 2935 932 amplectere.
2999 862 3125 916 llzrc
3178 860 3375 930 quippe
3425 875 3559 916 crux

1951 959 2136 1014 Orbem
2160 959 2398 1013 servavit
2442 966 2496 1013 et
2522 959 2820 1023 convertit,
2853 971 3096 1012 errorem
3137 956 3374 1026 expulit,
3418 956 3562 1012 veri-

1954 1061 2113 1104 tatem
2143 1050 2385 1114 induxit,
2422 1059 2617 1104 terram
2645 1050 2836 1104 caelum
2882 1049 3088 1109 elfecit,
3120 1050 3366 1104 homines
3398 1065 3558 1121 ange-

1952 1141 2033 1194 los
2051 1139 2304 1196 reddidit.
2322 1140 2379 1195 Vi
2408 1141 2582 1195 crucis
2611 1141 2886 1196 daemones
2904 1157 3012 1196 non
3044 1141 3181 1196 ultra
3209 1142 3558 1209 formidandi,

1952 1233 2046 1290 sed
2095 1234 2421 1305 despiciendi
2471 1245 2632 1300 sunt;
2685 1250 2861 1306 neque
2915 1251 3063 1290 mors
3112 1251 3260 1291 mors
3292 1243 3411 1302 est,
3461 1237 3558 1291 sed

1951 1343 2204 1384 somnus:
2227 1343 2324 1398 per
2347 1344 2560 1384 crucem
2588 1346 2708 1400 quae
2729 1331 2882 1385 nobis
2908 1331 3358 1396 adversabantur,
3378 1331 3559 1385 omnia

1951 1419 2098 1475 humi
2144 1420 2350 1489 dejecta
2381 1421 2870 1477 conculcantur..Si
2896 1424 3018 1492 quis
3045 1438 3174 1493 ergo
3222 1422 3364 1477 dicat
3419 1422 3512 1476 tibi
3546 1463 3562 1486 ,

1950 1513 2348 1570 Cruciﬁxumne
2373 1513 2566 1568 adoras
2583 1504 2619 1568 ἵ
2635 1514 2754 1568 laita
2781 1529 2931 1578 voce,
2964 1515 3117 1570 hilari
3145 1515 3300 1569 vultu
3325 1529 3559 1585 respon-

1950 1605 2256 1672 de,.Adoro
2276 1649 2291 1673 ,
2315 1620 2425 1661 nec-
2442 1604 2702 1660 adorandi
2734 1607 2893 1660 ﬁnem
2923 1605 3136 1661 faciam.
3156 1607 3426 1662 .Si-ridcat
3446 1650 3460 1673 ,
3491 1608 3561 1663 do

1951 1696 2067 1765 ejus
2096 1695 2596 1766 insania-lacrymas
2621 1695 2804 1752 funde.
2851 1696 3063 1753 Gratias
3091 1714 3192 1767 age
3219 1699 3445 1753 Domino
3493 1698 3565 1755 de

1953 1788 2112 1842 tantis
2158 1788 2432 1843 beneﬁciis
2452 1832 2466 1854 ,
2498 1804 2619 1860 quae
2649 1790 2766 1845 sine
2791 1786 3350 1853 czelestirevelatione
3380 1808 3448 1847 ne
3474 1793 3561 1848 di-

1949 1895 2103 1936 scere
2127 1881 2342 1951 quidem
2373 1882 2501 1952 quis
2522 1881 2710 1952 possit.
2747 1881 2872 1938 Ideo
2893 1899 3088 1954 nempe
3116 1884 3201 1938 hic
3232 1883 3370 1938 ridet
3390 1925 3417 1949 ,.
3438 1883 3567 1954 quia-

1951 1973 2203 2028 Am‘malis
2233 1975 2384 2028 homo
2427 1991 2528 2028 non
2558 1975 2772 2046 percipit
2816 1993 2875 2029 ea
2902 1992 3016 2047 qua:
3045 1975 3274 2046 Spiritus
3295 1987 3414 2030 sunt
3461 1977 3480 2046 (
3509 1977 3560 2030 l.

1952 2065 2069 2121 Cor.
2094 2065 2145 2119 2.
2175 2065 2296 2137 14).
2327 2066 2458 2120 Nam
2485 2075 2540 2120 et
2571 2067 2719 2134 pueri
2743 2067 2819 2121 sic
2836 2067 3016 2123 solent
3040 2065 3205 2133 afﬁci,
3226 2083 3560 2138 cummagna

1951 2157 2193 2228 qua~dam
2225 2165 2280 2211 et
2311 2156 2569 2210 mirabilia
2602 2156 2871 2211 viderint:
2902 2158 2948 2212 si
2979 2157 3236 2213 infantem
3265 2159 3331 2213 ad
3359 2170 3564 2231 mystc~

1951 2249 2088 2302 rium
2119 2248 2515 2314 introduxeris,
2557 2249 2775 2304 ridebit.
2809 2249 2901 2305 His
2938 2252 3176 2322 puerulis
3201 2252 3408 2307 similes
3438 2265 3560 2311 sunt

1948 2341 2174 2411 gentiles
2197 2356 2212 2404 ;
2246 2342 2355 2395 imo
2377 2341 2460 2396 his
2478 2355 2690 2411 quoque
2707 2350 2832 2396 sunt
2860 2342 3304 2411 imperfectiores.
3332 2346 3562 2417 Ideoque

1951 2437 2290 2503 miseriores,
2328 2437 2469 2508 quod
2519 2453 2625 2493 non
2669 2437 2720 2492 in
2753 2439 3073 2503 immatura,
3103 2438 3196 2494 sed
3248 2439 3299 2492 in
3325 2438 3562 2511 perfecta

1951 2541 2129 2598 aetate,
2151 2532 2342 2587 eodem
2373 2548 2478 2603 quo
2509 2534 2659 2603 pueri
2687 2534 2849 2588 modo
2877 2533 3210 2598 afficiantur;
3235 2542 3562 2603 quapropter

1950 2624 2106 2678 venia
2136 2633 2262 2680 sunt
2292 2623 2512 2695 indigni.
2544 2624 2650 2680 Sed
2682 2639 2782 2680 nos
2811 2626 2953 2680 clara
2984 2640 3284 2695 magnaque
3312 2639 3442 2678 voce
3468 2666 3482 2686 ,
3509 2633 3561 2678 et

1950 2716 2188 2771 clamore
2219 2717 2460 2772 adhibito
2507 2716 2782 2782 dicamus;
2837 2717 2945 2772 imo
2976 2718 3180 2788 majore
3209 2733 3330 2774 cum
3369 2715 3562 2773 ﬁducia

1951 2809 1995 2862 si
2051 2808 2282 2877 gentiles
2333 2823 2523 2864 omnes
2574 2809 2751 2864 adsint
2783 2829 2795 2864 ε
2824 2808 3003 2865 Gloria
3061 2818 3242 2864 nostra
3280 2825 3411 2863 crux
3441 2815 3560 2870 est,

1951 2909 2112 2970 caput
2159 2900 2420 2955 bonorum
2453 2903 2732 2969 orntiium,
2780 2902 2972 2957 ﬁducia
3017 2912 3071 2958 et
3099 2919 3319 2958 corona.
3357 2903 3561 2958 Vellem

1950 3006 2072 3046 cum
2105 2992 2268 3047 Paulo
2296 3007 2456 3061 posse
2485 2993 2664 3048 dicere
2696 3012 2708 3046 :
2745 2993 2850 3047 Per
2872 3011 3020 3064 quem
3047 2994 3173 3047 milii
3199 2994 3418 3047 mundus
3444 3009 3564 3046 cru-

1948 3083 2132 3150 ciﬁxus
2159 3093 2254 3147 est,
2287 3093 2331 3136 et
2358 3100 2449 3155 ego
2473 3087 2664 3138 mundo
2701 3083 2859 3154 (Gal.
2887 3085 2938 3140 6.
2976 3085 3079 3153 Η)
3116 3103 3129 3138 :
3163 3085 3258 3139 sed
3299 3101 3404 3139 non
3434 3099 3558 3154 pos-

1951 3189 2070 3229 sum
2122 3175 2366 3243 plurimis
2416 3176 2667 3232 detentus
2715 3177 3014 3233 affectibus.
3075 3181 3418 3249 Quapropter
3466 3193 3563 3231 vos

1952 3266 2161 3332 hortor,
2182 3277 2235 3322 et
2260 3279 2385 3323 ante
2407 3283 2503 3322 vos
2538 3269 2821 3338 meipsum,
2849 3279 2907 3323 ut
2930 3269 3130 3324 mundo
3155 3269 3559 3339 cruciﬁgamur,

1951 3359 2188 3429 nihilque
2218 3374 2504 3414 commune
2536 3374 2657 3414 cum
2690 3368 2830 3414 terra
2866 3359 3158 3415 habeamus
3179 3402 3194 3427 ,
3226 3360 3319 3415 sed
3362 3376 3561 3430 super-

1951 3466 2072 3505 nam
2101 3466 2342 3506 amemus
2371 3451 2592 3520 patriam
2618 3493 2631 3515 ,
2665 3451 2886 3522 gloriam
2917 3452 3059 3506 illam
3081 3495 3095 3520 ,
3131 3453 3267 3508 bona
3299 3454 3558 3508 caelestia.

1949 3544 2080 3597 Mm
2112 3543 2273 3622 Regis
2299 3543 2530 3599 caelestis
2558 3543 2755 3598 milites
2781 3559 2996 3610 sumus,
3027 3554 3080 3598 et
3110 3546 3276 3600 armis
3303 3545 3560 3616 spiritua-

1952 3635 2091 3691 libns
2140 3637 2427 3690 induimur.
2460 3635 2568 3691 Cur
2597 3651 2726 3707 ergo
2765 3652 3065 3706 cauponum
3089 3680 3103 3703 ,
3137 3637 3558 3704 circulatorutn,

1953 3729 2061 3782 imo
2092 3729 2353 3782 vermium
2386 3729 2545 3782 vitam
2577 3729 2829 3798 agimus?
2875 3728 2979 3785 Ubi
3009 3730 3152 3784 enim
3185 3745 3276 3785 rex
3308 3738 3393 3785 est
3422 3770 3438 3796 ,
3486 3729 3557 3784 ibi

1952 3821 2174 3876 militem
2216 3835 2337 3875 esse
2360 3829 2591 3890 Oportet.
2632 3819 2767 3874 Nam
2813 3821 3009 3876 milites
3057 3836 3243 3876 sumus
3274 3839 3286 3874 :
3323 3837 3431 3876 non
3463 3836 3559 3876 eo-

1953 3927 2072 3967 rum
2117 3912 2204 3982 qui
2234 3913 2426 3982 longe,
2461 3913 2554 3967 sed
2585 3928 2773 3968 eorum
2805 3915 2893 3984 qui
2936 3929 3102 3984 prope
3148 3922 3292 3968 sunt.
3344 3913 3566 3968 Etenim

1953 4019 2048 4059 rex
2081 4015 2326 4059 terrenus
2354 4019 2458 4058 non
2491 4005 2751 4074 permittit
2776 4022 2966 4060 omnes
2994 4007 3047 4060 in
3078 4007 3222 4076 regia
3251 4022 3372 4060 esse
3392 4047 3405 4071 ,
3457 4021 3568 4062 nec.

1952 4097 2016 4151 ad
2046 4098 2161 4168 ejus
2189 4099 2354 4153 latera
2385 4101 2711 4163 consistere;
2735 4110 2790 4154 at
2824 4100 3057 4155 cmlestis
3100 4100 3189 4157 ille
3219 4099 3336 4153 Rex
3367 4114 3571 4154 omnes.

1954 4208 2120 4264 ptope
2151 4192 2358 4263 regium
2378 4192 2573 4247 solium
2602 4192 2617 4222 ¹
2655 4192 2768 4246 vult
2794 4191 3008 4246 adesse.
3044 4192 3111 4246 Et
3141 4192 3414 4262 quomodo
3438 4190 3560 4245 ﬁeri

1952 4293 2166 4354 potest,
2198 4284 2433 4353 inquies,
2463 4292 2521 4337 ut
2548 4284 2632 4337 hic
2675 4283 2964 4353 degentes,
2989 4297 3156 4354 prope
3193 4282 3565 4337 soliumillud

1952 4379 2192 4434 stemus?
2221 4379 2354 4444 Quia
2381 4386 2436 4432 et
2456 4377 2653 4431 Paulus
2673 4391 2795 4430 cum
2828 4377 2879 4430 in
2905 4387 3045 4432 terra
3075 4383 3250 4439 esset,
3278 4375 3347 4429 ibi
3377 4383 3557 4428 tamen

1952 4481 2100 4536 erat,
2133 4471 2222 4525 ubi
2277 4471 2556 4540 Seraphim
2590 4482 2644 4526 et
2680 4469 2972 4526 Clterubim
2998 4512 3014 4536 ,
3047 4469 3268 4540 propius
3301 4469 3520 4525 Christo
3541 4513 3557 4537 ,

1952 4585 2110 4639 quam
2139 4567 2399 4623 satellites
2430 4566 2762 4636 Imperatori.
2797 4564 2858 4618 Hi
2891 4580 3122 4635 namque
3157 4579 3300 4634 saepe
3323 4565 3560 4619 circum-

1953 4678 2162 4732 quaque
2207 4662 2538 4731 reSpiciunt;
2585 4661 2675 4714 ille
2717 4675 2848 4713 vero
2897 4658 3039 4713 nulla
3085 4659 3480 4729 imaginationis
3508 4660 3558 4712 vi

1952 4767 2130 4809 monts
2176 4754 2259 4809 vel
2301 4755 2601 4809 abstractos
2637 4759 2787 4814 erat,
2815 4751 2908 4805 sed
2955 4751 3157 4805 intenta
3203 4760 3383 4805 mente
3426 4749 3561 4818 Regi

1952 4845 2168 4900 Christo
2213 4845 2472 4899 haerebat.
2525 4843 2702 4912 Quare
2732 4843 2774 4897 si
2805 4841 3167 4908 voluerimus,
3207 4857 3306 4897 nos
3346 4859 3563 4912 quoque

1955 4939 2006 4995 id
2036 4939 2351 5010 poterimus.
2383 4937 2512 4990 Nam
2552 4938 2594 4990 si
2621 4936 2860 4989 locorum
2893 4935 3177 4991 intervallo
3207 4945 3446 4992 semotus
3475 4949 3563 4994 es-

1955 5042 2057 5094 set,
2094 5045 2196 5084 non
2229 5032 2346 5084 sine
2366 5043 2524 5083 causa
2557 5027 2671 5082 haec
2692 5027 2992 5094 objiceres;
3017 5028 3111 5082 sed
3139 5027 3184 5082 si
3207 5027 3402 5096 ubique
3425 5043 3561 5098 prae-

1957 5139 2080 5180 sens
2111 5134 2228 5188 est,
2258 5123 2400 5193 vigili
2440 5131 2495 5176 et
2536 5130 2742 5174 attento
2770 5129 2918 5175 certe
2946 5120 3190 5188 proxime
3227 5120 3398 5176 adest.
3431 5120 3561 5176 Ideo

1958 5219 2216 5286 propheta
2248 5214 2481 5278 dicebat,
2510 5211 2630 5266 Non
2661 5211 2841 5265 timebo
2868 5211 3005 5264 mala
3024 5213 3266 5280 quoniam
3292 5221 3346 5265 tu
3364 5229 3559 5266 mecum

1959 5329 2008 5366 es
2035 5315 2051 5381 (
2075 5310 2216 5364 Psal.
2248 5308 2340 5364 22.
2371 5309 2444 5378 4)
2479 5324 2494 5360 :
2526 5314 2581 5360 ct
2607 5320 2790 5360 rursus
2820 5305 2933 5373 ipse
2973 5305 3112 5359 Deus
3142 5323 3155 5359 :
3189 5303 3328 5358 Deus
3365 5321 3560 5374 appro-

1961 5407 2210 5474 pinquans
2260 5418 2350 5471 ego
2401 5417 2545 5464 sum,
2599 5415 2701 5451 non
2753 5395 2891 5450 Deus
2921 5397 3098 5461 procul
3128 5395 3273 5467 (Jer.
3298 5397 3389 5451 25.
3421 5396 3556 5466 25),

1959 5498 2106 5554 Sicut
2135 5496 2278 5551 enim
2307 5501 2520 5563 peccata
2544 5507 2640 5544 nos
2667 5491 2734 5544 ah
2767 5489 2856 5543 illo
2884 5489 3227 5558 disjungunt,
3258 5488 3336 5543 sic
3355 5488 3560 5558 iustitia

1962 5608 2060 5645 nos
2090 5588 2331 5660 adjungit
2371 5586 2487 5655 ipsi.
2522 5584 2652 5639 Nam
2680 5586 2753 5637 ait
2785 5603 2796 5637 :
2825 5581 3006 5636 Adhuc
3033 5593 3081 5636 te
3109 5582 3341 5652 loquente
3368 5583 3558 5646 dicant,

1964 5683 2095 5738 Ecce
2125 5684 2304 5735 adsum
2350 5676 2511 5748 (hui.
2543 5676 2630 5731 58.
2655 5674 2739 5744 9).
2772 5673 2903 5741 Quis
2935 5683 3085 5745 pater
3113 5671 3192 5729 sic
3222 5672 3361 5728 filios
3391 5687 3559 5741 ηενο-

2031 5845 2046 5875 ι
2081 5845 2115 5895 [Ξ
2123 5852 2212 5891 nus
2227 5838 2397 5895 habet,
2424 5834 2713 5885 dominicum
2739 5829 2928 5883 solium.
