  <div class='ocr_page' id='page_1' title='image "/cluster/home/n/w/nwhite01/storage/ocr_20150623/58/ien.35556001660851/083.png"; bbox 0 0 4046 6432; ppageno 0'>
   <div class='ocr_carea' id='block_1_1' title="bbox 547 369 653 423">
    <p class='ocr_par' dir='ltr' id='par_1_1' title="bbox 547 369 653 423">
     <span class='ocr_line' id='line_1_1' title="bbox 547 369 653 423; baseline 0 -1"><span class='ocrx_word' id='word_1_1' title='bbox 547 369 653 423; x_wconf 73' lang='lat'><strong>539</strong></span> 
     </span>
    </p>
   </div>
   <div class='ocr_carea' id='block_1_2' title="bbox 546 475 2109 556">
    <p class='ocr_par' dir='ltr' id='par_1_2' title="bbox 546 475 2109 556">
     <span class='ocr_line' id='line_1_2' title="bbox 546 475 2109 556; baseline -0.012 -14"><span class='ocrx_word' id='word_1_2' title='bbox 546 497 730 556; x_wconf 87' lang='lat' dir='ltr'><strong>tcsque</strong></span> <span class='ocrx_word' id='word_1_3' title='bbox 754 485 928 540; x_wconf 94' lang='lat' dir='ltr'><strong>audiat</strong></span> <span class='ocrx_word' id='word_1_4' title='bbox 948 484 971 537; x_wconf 84' lang='lat'><strong>?</strong></span> <span class='ocrx_word' id='word_1_5' title='bbox 989 497 1108 554; x_wconf 71' lang='lat' dir='ltr'><strong>quae</strong></span> <span class='ocrx_word' id='word_1_6' title='bbox 1134 490 1303 546; x_wconf 86' lang='lat' dir='ltr'><strong>mater</strong></span> <span class='ocrx_word' id='word_1_7' title='bbox 1329 482 1395 536; x_wconf 91' lang='lat' dir='ltr'><strong>ita</strong></span> <span class='ocrx_word' id='word_1_8' title='bbox 1427 491 1605 551; x_wconf 84' lang='lat' dir='ltr'><strong>parata</strong></span> <span class='ocrx_word' id='word_1_9' title='bbox 1639 488 1984 549; x_wconf 76' lang='lat' dir='ltr'><strong>promptaque</strong></span> <span class='ocrx_word' id='word_1_10' title='bbox 2011 475 2109 540; x_wconf 90' lang='lat' dir='ltr'><strong>sit,</strong></span> 
     </span>
    </p>
   </div>
   <div class='ocr_carea' id='block_1_3' title="bbox 546 574 2110 640">
    <p class='ocr_par' dir='ltr' id='par_1_3' title="bbox 546 574 2110 640">
     <span class='ocr_line' id='line_1_3' title="bbox 546 574 2110 640; baseline -0.006 -9"><span class='ocrx_word' id='word_1_11' title='bbox 546 596 611 634; x_wconf 84' lang='lat' dir='ltr'><strong>ne</strong></span> <span class='ocrx_word' id='word_1_12' title='bbox 643 594 700 635; x_wconf 90' lang='lat' dir='ltr'><strong>se</strong></span> <span class='ocrx_word' id='word_1_13' title='bbox 731 577 871 632; x_wconf 78' lang='lat' dir='ltr'><strong>filioli</strong></span> <span class='ocrx_word' id='word_1_14' title='bbox 919 574 1217 631; x_wconf 78' lang='lat' dir='ltr'><strong>advocent?</strong></span> <span class='ocrx_word' id='word_1_15' title='bbox 1274 574 1441 630; x_wconf 84' lang='lat' dir='ltr'><strong>Nemo</strong></span> <span class='ocrx_word' id='word_1_16' title='bbox 1468 583 1649 640; x_wconf 82' lang='lat' dir='ltr'><strong>certe,</strong></span> <span class='ocrx_word' id='word_1_17' title='bbox 1681 587 1785 626; x_wconf 91' lang='lat' dir='ltr'><strong>non</strong></span> <span class='ocrx_word' id='word_1_18' title='bbox 1809 580 1976 640; x_wconf 85' lang='lat' dir='ltr'><strong>pater,</strong></span> <span class='ocrx_word' id='word_1_19' title='bbox 2009 584 2110 623; x_wconf 90' lang='lat' dir='ltr'><strong>non</strong></span> 
     </span>
    </p>
   </div>
   <div class='ocr_carea' id='block_1_4' title="bbox 543 660 2114 735">
    <p class='ocr_par' dir='ltr' id='par_1_4' title="bbox 543 660 2114 735">
     <span class='ocr_line' id='line_1_4' title="bbox 543 660 2114 735; baseline -0.008 -10"><span class='ocrx_word' id='word_1_20' title='bbox 543 681 732 735; x_wconf 81' lang='lat' dir='ltr'><strong>mater,</strong></span> <span class='ocrx_word' id='word_1_21' title='bbox 761 668 854 725; x_wconf 90' lang='lat' dir='ltr'><strong>sed</strong></span> <span class='ocrx_word' id='word_1_22' title='bbox 885 669 1024 723; x_wconf 88' lang='lat' dir='ltr'><strong>Dens</strong></span> <span class='ocrx_word' id='word_1_23' title='bbox 1052 666 1197 721; x_wconf 87' lang='lat' dir='ltr'><strong>solus</strong></span> <span class='ocrx_word' id='word_1_24' title='bbox 1220 667 1432 721; x_wconf 91' lang='lat' dir='ltr'><strong>assidue</strong></span> <span class='ocrx_word' id='word_1_25' title='bbox 1453 673 1742 734; x_wconf 78' lang='lat' dir='ltr'><strong>exspeCtat,</strong></span> <span class='ocrx_word' id='word_1_26' title='bbox 1771 677 1896 716; x_wconf 89' lang='lat' dir='ltr'><strong>num</strong></span> <span class='ocrx_word' id='word_1_27' title='bbox 1914 660 2032 732; x_wconf 78' lang='lat' dir='ltr'><strong>quis</strong></span> <span class='ocrx_word' id='word_1_28' title='bbox 2053 673 2114 713; x_wconf 89' lang='lat' dir='ltr'><strong>se</strong></span> 
     </span>
    </p>
   </div>
   <div class='ocr_carea' id='block_1_5' title="bbox 541 754 2112 828">
    <p class='ocr_par' dir='ltr' id='par_1_5' title="bbox 541 754 2112 828">
     <span class='ocr_line' id='line_1_5' title="bbox 541 754 2112 828; baseline -0.008 -12"><span class='ocrx_word' id='word_1_29' title='bbox 541 763 949 817; x_wconf 88' lang='lat' dir='ltr'><strong>domesticorum</strong></span> <span class='ocrx_word' id='word_1_30' title='bbox 976 759 1217 824; x_wconf 84' lang='lat' dir='ltr'><strong>advocet,</strong></span> <span class='ocrx_word' id='word_1_31' title='bbox 1242 773 1340 814; x_wconf 85' lang='lat' dir='ltr'><strong>nec</strong></span> <span class='ocrx_word' id='word_1_32' title='bbox 1366 773 1611 828; x_wconf 83' lang='lat' dir='ltr'><strong>umquam</strong></span> <span class='ocrx_word' id='word_1_33' title='bbox 1639 765 1694 808; x_wconf 90' lang='lat' dir='ltr'><strong>ttt</strong></span> <span class='ocrx_word' id='word_1_34' title='bbox 1721 754 1875 808; x_wconf 84' lang='lat' dir='ltr'><strong>decet</strong></span> <span class='ocrx_word' id='word_1_35' title='bbox 1898 759 2112 806; x_wconf 84' lang='lat' dir='ltr'><strong>vocatus</strong></span> 
     </span>
    </p>
   </div>
   <div class='ocr_carea' id='block_1_6' title="bbox 539 845 2108 920">
    <p class='ocr_par' dir='ltr' id='par_1_6' title="bbox 539 845 2108 920">
     <span class='ocr_line' id='line_1_6' title="bbox 539 845 2108 920; baseline -0.008 -11"><span class='ocrx_word' id='word_1_36' title='bbox 539 872 567 909; x_wconf 88' lang='lat' dir='ltr'><strong>a</strong></span> <span class='ocrx_word' id='word_1_37' title='bbox 599 856 781 920; x_wconf 90' lang='lat' dir='ltr'><strong>nobis,</strong></span> <span class='ocrx_word' id='word_1_38' title='bbox 831 870 938 909; x_wconf 92' lang='lat' dir='ltr'><strong>non</strong></span> <span class='ocrx_word' id='word_1_39' title='bbox 991 853 1209 908; x_wconf 83' lang='lat' dir='ltr'><strong>audivit.</strong></span> <span class='ocrx_word' id='word_1_40' title='bbox 1263 851 1388 907; x_wconf 85' lang='lat' dir='ltr'><strong>Ideo</strong></span> <span class='ocrx_word' id='word_1_41' title='bbox 1419 851 1490 906; x_wconf 89' lang='lat' dir='ltr'><strong>ait</strong></span> <span class='ocrx_word' id='word_1_42' title='bbox 1519 869 1531 903; x_wconf 87' lang='lat'>:</span> <span class='ocrx_word' id='word_1_43' title='bbox 1564 850 1742 902; x_wconf 72' lang='lat' dir='ltr'><strong>Adhuc</strong></span> <span class='ocrx_word' id='word_1_44' title='bbox 1780 856 1826 900; x_wconf 89' lang='lat' dir='ltr'><strong>te</strong></span> <span class='ocrx_word' id='word_1_45' title='bbox 1854 845 2108 916; x_wconf 81' lang='lat' dir='ltr'><strong>loquente,</strong></span> 
     </span>
    </p>
   </div>
   <div class='ocr_carea' id='block_1_7' title="bbox 539 938 2108 1018">
    <p class='ocr_par' dir='ltr' id='par_1_7' title="bbox 539 938 2108 1018">
     <span class='ocr_line' id='line_1_7' title="bbox 539 938 2108 1018; baseline -0.008 -17"><span class='ocrx_word' id='word_1_46' title='bbox 539 963 643 1001; x_wconf 90' lang='lat' dir='ltr'><strong>non</strong></span> <span class='ocrx_word' id='word_1_47' title='bbox 671 947 997 1018; x_wconf 86' lang='lat' dir='ltr'><strong>exspectabo</strong></span> <span class='ocrx_word' id='word_1_48' title='bbox 1020 946 1192 1001; x_wconf 91' lang='lat' dir='ltr'><strong>donec</strong></span> <span class='ocrx_word' id='word_1_49' title='bbox 1215 945 1413 1000; x_wconf 78' lang='lat' dir='ltr'><strong>[inieris</strong></span> <span class='ocrx_word' id='word_1_50' title='bbox 1432 985 1445 1006; x_wconf 88' lang='lat'><strong>,</strong></span> <span class='ocrx_word' id='word_1_51' title='bbox 1477 941 1570 998; x_wconf 86' lang='lat' dir='ltr'><strong>sed</strong></span> <span class='ocrx_word' id='word_1_52' title='bbox 1609 941 1784 995; x_wconf 83' lang='lat' dir='ltr'><strong>statim</strong></span> <span class='ocrx_word' id='word_1_53' title='bbox 1810 938 2108 994; x_wconf 77' lang='lat' dir='ltr'><strong>exaudiam.</strong></span> 
     </span>
    </p>
   </div>
   <div class='ocr_carea' id='block_1_8' title="bbox 537 1029 2110 1108">
    <p class='ocr_par' dir='ltr' id='par_1_8' title="bbox 537 1029 2110 1108">
     <span class='ocr_line' id='line_1_8' title="bbox 537 1029 2110 1108; baseline -0.006 -15"><span class='ocrx_word' id='word_1_54' title='bbox 537 1039 871 1094; x_wconf 75' lang='lat' dir='ltr'><strong>Advocemus</strong></span> <span class='ocrx_word' id='word_1_55' title='bbox 906 1039 1082 1108; x_wconf 81' lang='lat' dir='ltr'><strong>itaque</strong></span> <span class='ocrx_word' id='word_1_56' title='bbox 1121 1037 1268 1092; x_wconf 90' lang='lat' dir='ltr'><strong>illum</strong></span> <span class='ocrx_word' id='word_1_57' title='bbox 1294 1045 1350 1090; x_wconf 90' lang='lat' dir='ltr'><strong>ut</strong></span> <span class='ocrx_word' id='word_1_58' title='bbox 1375 1035 1485 1088; x_wconf 86' lang='lat' dir='ltr'><strong>vult</strong></span> <span class='ocrx_word' id='word_1_59' title='bbox 1512 1033 1759 1087; x_wconf 86' lang='lat' dir='ltr'><strong>advocari</strong></span> <span class='ocrx_word' id='word_1_60' title='bbox 1789 1049 1801 1085; x_wconf 91' lang='lat'>:</span> <span class='ocrx_word' id='word_1_61' title='bbox 1834 1029 2110 1099; x_wconf 87' lang='lat' dir='ltr'><strong>Quomodo</strong></span> 
     </span>
    </p>
   </div>
   <div class='ocr_carea' id='block_1_9' title="bbox 536 1122 2106 1201">
    <p class='ocr_par' dir='ltr' id='par_1_9' title="bbox 536 1122 2106 1201">
     <span class='ocr_line' id='line_1_9' title="bbox 536 1122 2106 1201; baseline -0.005 -19"><span class='ocrx_word' id='word_1_62' title='bbox 536 1132 643 1184; x_wconf 81' lang='lat' dir='ltr'><strong>vult</strong></span> <span class='ocrx_word' id='word_1_63' title='bbox 671 1130 844 1201; x_wconf 85' lang='lat' dir='ltr'><strong>ergo?</strong></span> <span class='ocrx_word' id='word_1_64' title='bbox 888 1128 1067 1193; x_wconf 79' lang='lat' dir='ltr'><strong>Solve,</strong></span> <span class='ocrx_word' id='word_1_65' title='bbox 1094 1128 1300 1198; x_wconf 88' lang='lat' dir='ltr'><strong>inquit,</strong></span> <span class='ocrx_word' id='word_1_66' title='bbox 1330 1142 1477 1179; x_wconf 83' lang='lat' dir='ltr'><strong>omne</strong></span> <span class='ocrx_word' id='word_1_67' title='bbox 1517 1125 1769 1178; x_wconf 79' lang='lat' dir='ltr'><strong>vinculum</strong></span> <span class='ocrx_word' id='word_1_68' title='bbox 1815 1122 2106 1192; x_wconf 77' lang='lat' dir='ltr'><strong>iujustitiee,</strong></span> 
     </span>
    </p>
   </div>
   <div class='ocr_carea' id='block_1_10' title="bbox 535 1216 2108 1293">
    <p class='ocr_par' dir='ltr' id='par_1_10' title="bbox 535 1216 2108 1293">
     <span class='ocr_line' id='line_1_10' title="bbox 535 1216 2108 1293; baseline -0.006 -18"><span class='ocrx_word' id='word_1_69' title='bbox 535 1224 749 1277; x_wconf 74' lang='lat' dir='ltr'><strong>dissolve</strong></span> <span class='ocrx_word' id='word_1_70' title='bbox 794 1222 1118 1293; x_wconf 70' lang='lat' dir='ltr'><strong>obligatione:</strong></span> <span class='ocrx_word' id='word_1_71' title='bbox 1163 1220 1493 1274; x_wconf 81' lang='lat' dir='ltr'><strong>uiolentarum</strong></span> <span class='ocrx_word' id='word_1_72' title='bbox 1537 1216 1857 1286; x_wconf 83' lang='lat' dir='ltr'><strong>pactionum,</strong></span> <span class='ocrx_word' id='word_1_73' title='bbox 1914 1230 2108 1267; x_wconf 82' lang='lat' dir='ltr'><strong>onmem</strong></span> 
     </span>
    </p>
   </div>
   <div class='ocr_carea' id='block_1_11' title="bbox 531 1306 2109 1381">
    <p class='ocr_par' dir='ltr' id='par_1_11' title="bbox 531 1306 2109 1381">
     <span class='ocr_line' id='line_1_11' title="bbox 531 1306 2109 1381; baseline -0.006 -16"><span class='ocrx_word' id='word_1_74' title='bbox 531 1313 832 1381; x_wconf 74' lang='lat' dir='ltr'><strong>scripturam</strong></span> <span class='ocrx_word' id='word_1_75' title='bbox 872 1312 1098 1380; x_wconf 83' lang='lat' dir='ltr'><strong>iniquam</strong></span> <span class='ocrx_word' id='word_1_76' title='bbox 1124 1309 1407 1364; x_wconf 82' lang='lat' dir='ltr'><strong>eonscinde.</strong></span> <span class='ocrx_word' id='word_1_77' title='bbox 1436 1306 1641 1376; x_wconf 81' lang='lat' dir='ltr'><strong>Frange</strong></span> <span class='ocrx_word' id='word_1_78' title='bbox 1669 1307 1902 1360; x_wconf 72' lang='lat' dir='ltr'><strong>esurienti</strong></span> <span class='ocrx_word' id='word_1_79' title='bbox 1928 1321 2109 1373; x_wconf 87' lang='lat' dir='ltr'><strong>panem</strong></span> 
     </span>
    </p>
   </div>
   <div class='ocr_carea' id='block_1_12' title="bbox 535 1389 2111 1474">
    <p class='ocr_par' dir='ltr' id='par_1_12' title="bbox 535 1389 2111 1474">
     <span class='ocr_line' id='line_1_12' title="bbox 535 1389 2111 1474; baseline -0.004 -18"><span class='ocrx_word' id='word_1_80' title='bbox 535 1415 698 1470; x_wconf 83' lang='lat' dir='ltr'><strong>tuum,</strong></span> <span class='ocrx_word' id='word_1_81' title='bbox 725 1414 770 1457; x_wconf 91' lang='lat' dir='ltr'><strong>et</strong></span> <span class='ocrx_word' id='word_1_82' title='bbox 798 1417 1043 1474; x_wconf 79' lang='lat' dir='ltr'><strong>pauperes</strong></span> <span class='ocrx_word' id='word_1_83' title='bbox 1067 1389 1314 1471; x_wconf 69' lang='lat' dir='ltr'><strong>uagosque</strong></span> <span class='ocrx_word' id='word_1_84' title='bbox 1340 1400 1492 1454; x_wconf 83' lang='lat' dir='ltr'><strong>indue</strong></span> <span class='ocrx_word' id='word_1_85' title='bbox 1524 1400 1576 1452; x_wconf 89' lang='lat' dir='ltr'><strong>in</strong></span> <span class='ocrx_word' id='word_1_86' title='bbox 1596 1399 1800 1452; x_wconf 87' lang='lat' dir='ltr'><strong>domum</strong></span> <span class='ocrx_word' id='word_1_87' title='bbox 1847 1407 2005 1450; x_wconf 87' lang='lat' dir='ltr'><strong>tuam.</strong></span> <span class='ocrx_word' id='word_1_88' title='bbox 2047 1397 2111 1451; x_wconf 89' lang='lat' dir='ltr'><strong>Si</strong></span> 
     </span>
    </p>
   </div>
   <div class='ocr_carea' id='block_1_13' title="bbox 533 1489 2109 1560">
    <p class='ocr_par' dir='ltr' id='par_1_13' title="bbox 533 1489 2109 1560">
     <span class='ocr_line' id='line_1_13' title="bbox 533 1489 2109 1560; baseline -0.003 -15"><span class='ocrx_word' id='word_1_89' title='bbox 533 1495 716 1547; x_wconf 69' lang='lat' dir='ltr'><strong>rideri:</strong></span> <span class='ocrx_word' id='word_1_90' title='bbox 744 1492 958 1558; x_wconf 87' lang='lat' dir='ltr'><strong>nudum,</strong></span> <span class='ocrx_word' id='word_1_91' title='bbox 986 1491 1123 1560; x_wconf 76' lang='lat' dir='ltr'><strong>operi</strong></span> <span class='ocrx_word' id='word_1_92' title='bbox 1148 1507 1282 1556; x_wconf 86' lang='lat' dir='ltr'><strong>eum,</strong></span> <span class='ocrx_word' id='word_1_93' title='bbox 1304 1499 1351 1544; x_wconf 88' lang='lat' dir='ltr'><strong>et</strong></span> <span class='ocrx_word' id='word_1_94' title='bbox 1376 1490 1667 1543; x_wconf 84' lang='lat' dir='ltr'><strong>domesticos</strong></span> <span class='ocrx_word' id='word_1_95' title='bbox 1685 1489 1887 1543; x_wconf 87' lang='lat' dir='ltr'><strong>seminis</strong></span> <span class='ocrx_word' id='word_1_96' title='bbox 1905 1489 1978 1540; x_wconf 88' lang='lat' dir='ltr'><strong>tui</strong></span> <span class='ocrx_word' id='word_1_97' title='bbox 2007 1503 2109 1542; x_wconf 84' lang='lat' dir='ltr'><strong>non</strong></span> 
     </span>
    </p>
   </div>
   <div class='ocr_carea' id='block_1_14' title="bbox 533 1579 2108 1654">
    <p class='ocr_par' dir='ltr' id='par_1_14' title="bbox 533 1579 2108 1654">
     <span class='ocr_line' id='line_1_14' title="bbox 533 1579 2108 1654; baseline -0.003 -17"><span class='ocrx_word' id='word_1_98' title='bbox 533 1585 834 1654; x_wconf 70' lang='lat' dir='ltr'><strong>despexeris.</strong></span> <span class='ocrx_word' id='word_1_99' title='bbox 863 1581 1002 1638; x_wconf 84' lang='lat' dir='ltr'><strong>Tunc</strong></span> <span class='ocrx_word' id='word_1_100' title='bbox 1041 1591 1265 1650; x_wconf 76' lang='lat' dir='ltr'><strong>erumpet</strong></span> <span class='ocrx_word' id='word_1_101' title='bbox 1307 1581 1604 1634; x_wconf 87' lang='lat' dir='ltr'><strong>matutinum</strong></span> <span class='ocrx_word' id='word_1_102' title='bbox 1651 1579 1816 1633; x_wconf 88' lang='lat' dir='ltr'><strong>lumen</strong></span> <span class='ocrx_word' id='word_1_103' title='bbox 1836 1588 1978 1631; x_wconf 84' lang='lat' dir='ltr'><strong>tuum</strong></span> <span class='ocrx_word' id='word_1_104' title='bbox 2002 1620 2016 1642; x_wconf 89' lang='lat'><strong>,</strong></span> <span class='ocrx_word' id='word_1_105' title='bbox 2059 1589 2108 1634; x_wconf 89' lang='lat' dir='ltr'><strong>et</strong></span> 
     </span>
    </p>
   </div>
   <div class='ocr_carea' id='block_1_15' title="bbox 531 1657 2105 1743">
    <p class='ocr_par' dir='ltr' id='par_1_15' title="bbox 531 1657 2105 1743">
     <span class='ocr_line' id='line_1_15' title="bbox 531 1657 2105 1743; baseline -0.002 -15"><span class='ocrx_word' id='word_1_106' title='bbox 531 1675 739 1730; x_wconf 73' lang='lat' dir='ltr'><strong>medela</strong></span> <span class='ocrx_word' id='word_1_107' title='bbox 759 1685 857 1730; x_wconf 76' lang='lat' dir='ltr'><strong>tute</strong></span> <span class='ocrx_word' id='word_1_108' title='bbox 877 1690 996 1729; x_wconf 69' lang='lat' dir='ltr'><strong>mox</strong></span> <span class='ocrx_word' id='word_1_109' title='bbox 1014 1674 1238 1728; x_wconf 80' lang='lat' dir='ltr'><strong>orientur</strong></span> <span class='ocrx_word' id='word_1_110' title='bbox 1263 1681 1308 1726; x_wconf 88' lang='lat' dir='ltr'><strong>et</strong></span> <span class='ocrx_word' id='word_1_111' title='bbox 1333 1673 1530 1743; x_wconf 77' lang='lat' dir='ltr'><strong>prteibit</strong></span> <span class='ocrx_word' id='word_1_112' title='bbox 1549 1683 1663 1726; x_wconf 83' lang='lat' dir='ltr'><strong>ante</strong></span> <span class='ocrx_word' id='word_1_113' title='bbox 1685 1681 1730 1726; x_wconf 85' lang='lat' dir='ltr'><strong>te</strong></span> <span class='ocrx_word' id='word_1_114' title='bbox 1745 1673 1948 1742; x_wconf 85' lang='lat' dir='ltr'><strong>justitio</strong></span> <span class='ocrx_word' id='word_1_115' title='bbox 1970 1657 2062 1726; x_wconf 71' lang='lat' dir='ltr'><strong>tuo</strong></span> <span class='ocrx_word' id='word_1_116' title='bbox 2085 1709 2105 1740; x_wconf 80' lang='grc'><em>,</em></span> 
     </span>
    </p>
   </div>
   <div class='ocr_carea' id='block_1_16' title="bbox 531 1763 2106 1836">
    <p class='ocr_par' dir='ltr' id='par_1_16' title="bbox 531 1763 2106 1836">
     <span class='ocr_line' id='line_1_16' title="bbox 531 1763 2106 1836; baseline -0.001 -16"><span class='ocrx_word' id='word_1_117' title='bbox 531 1781 576 1820; x_wconf 80' lang='lat' dir='ltr'><strong>et</strong></span> <span class='ocrx_word' id='word_1_118' title='bbox 605 1768 767 1836; x_wconf 82' lang='lat' dir='ltr'><strong>gloria</strong></span> <span class='ocrx_word' id='word_1_119' title='bbox 785 1765 885 1820; x_wconf 86' lang='lat' dir='ltr'><strong>Dei</strong></span> <span class='ocrx_word' id='word_1_120' title='bbox 928 1765 1313 1820; x_wconf 86' lang='lat' dir='ltr'><strong>cireumamiciet</strong></span> <span class='ocrx_word' id='word_1_121' title='bbox 1353 1774 1416 1817; x_wconf 88' lang='lat' dir='ltr'><strong>te.</strong></span> <span class='ocrx_word' id='word_1_122' title='bbox 1461 1763 1600 1817; x_wconf 84' lang='lat' dir='ltr'><strong>Tune</strong></span> <span class='ocrx_word' id='word_1_123' title='bbox 1628 1764 1880 1818; x_wconf 80' lang='lat' dir='ltr'><strong>invocabis</strong></span> <span class='ocrx_word' id='word_1_124' title='bbox 1903 1781 1982 1818; x_wconf 87' lang='lat' dir='ltr'><strong>me</strong></span> <span class='ocrx_word' id='word_1_125' title='bbox 2002 1805 2017 1829; x_wconf 90' lang='lat'><strong>,</strong></span> <span class='ocrx_word' id='word_1_126' title='bbox 2058 1774 2106 1819; x_wconf 89' lang='lat' dir='ltr'><strong>et</strong></span> 
     </span>
    </p>
   </div>
   <div class='ocr_carea' id='block_1_17' title="bbox 531 1853 2106 1926">
    <p class='ocr_par' dir='ltr' id='par_1_17' title="bbox 531 1853 2106 1926">
     <span class='ocr_line' id='line_1_17' title="bbox 531 1853 2106 1926; baseline -0.003 -14"><span class='ocrx_word' id='word_1_127' title='bbox 531 1860 800 1912; x_wconf 71' lang='lat' dir='ltr'><strong>exaudiam</strong></span> <span class='ocrx_word' id='word_1_128' title='bbox 833 1867 898 1910; x_wconf 92' lang='lat' dir='ltr'><strong>te.</strong></span> <span class='ocrx_word' id='word_1_129' title='bbox 930 1856 1110 1910; x_wconf 78' lang='lat' dir='ltr'><strong>Adhuc</strong></span> <span class='ocrx_word' id='word_1_130' title='bbox 1151 1866 1199 1910; x_wconf 90' lang='lat' dir='ltr'><strong>te</strong></span> <span class='ocrx_word' id='word_1_131' title='bbox 1239 1856 1467 1926; x_wconf 82' lang='lat' dir='ltr'><strong>loquente</strong></span> <span class='ocrx_word' id='word_1_132' title='bbox 1503 1857 1685 1908; x_wconf 85' lang='lat' dir='ltr'><strong>dicam.</strong></span> <span class='ocrx_word' id='word_1_133' title='bbox 1742 1853 1876 1910; x_wconf 82' lang='lat' dir='ltr'><strong>Ecce</strong></span> <span class='ocrx_word' id='word_1_134' title='bbox 1927 1856 2106 1910; x_wconf 85' lang='lat' dir='ltr'><strong>adsum</strong></span> 
     </span>
    </p>
   </div>
   <div class='ocr_carea' id='block_1_18' title="bbox 531 1944 2104 2019">
    <p class='ocr_par' dir='ltr' id='par_1_18' title="bbox 531 1944 2104 2019">
     <span class='ocr_line' id='line_1_18' title="bbox 531 1944 2104 2019; baseline 0 -17"><span class='ocrx_word' id='word_1_135' title='bbox 531 1953 549 2017; x_wconf 92' lang='lat'><strong>(</strong></span> <span class='ocrx_word' id='word_1_136' title='bbox 577 1949 700 2003; x_wconf 83' lang='lat' dir='ltr'><strong>lsai.</strong></span> <span class='ocrx_word' id='word_1_137' title='bbox 731 1948 819 2004; x_wconf 85' lang='lat'><strong>58.</strong></span> <span class='ocrx_word' id='word_1_138' title='bbox 848 1945 1000 2019; x_wconf 84' lang='lat'><strong>6-9).</strong></span> <span class='ocrx_word' id='word_1_139' title='bbox 1035 1946 1140 2002; x_wconf 87' lang='lat' dir='ltr'><strong>Sed</strong></span> <span class='ocrx_word' id='word_1_140' title='bbox 1167 1947 1394 2018; x_wconf 83' lang='lat' dir='ltr'><strong>inquies.</strong></span> <span class='ocrx_word' id='word_1_141' title='bbox 1423 1944 1550 2012; x_wconf 91' lang='lat' dir='ltr'><strong>Quis</strong></span> <span class='ocrx_word' id='word_1_142' title='bbox 1585 1945 1698 2000; x_wconf 82' lang='lat' dir='ltr'><strong>haec</strong></span> <span class='ocrx_word' id='word_1_143' title='bbox 1726 1947 1902 2001; x_wconf 87' lang='lat' dir='ltr'><strong>omnia</strong></span> <span class='ocrx_word' id='word_1_144' title='bbox 1933 1946 2104 2002; x_wconf 86' lang='lat' dir='ltr'><strong>facere</strong></span> 
     </span>
    </p>
   </div>
   <div class='ocr_carea' id='block_1_19' title="bbox 528 2037 2102 2110">
    <p class='ocr_par' dir='ltr' id='par_1_19' title="bbox 528 2037 2102 2110">
     <span class='ocr_line' id='line_1_19' title="bbox 528 2037 2102 2110; baseline 0.001 -20"><span class='ocrx_word' id='word_1_145' title='bbox 528 2038 765 2110; x_wconf 77' lang='lat' dir='ltr'><strong>poterit?</strong></span> <span class='ocrx_word' id='word_1_146' title='bbox 793 2038 905 2093; x_wconf 91' lang='lat' dir='ltr'><strong>lmo</strong></span> <span class='ocrx_word' id='word_1_147' title='bbox 927 2051 1076 2100; x_wconf 87' lang='lat' dir='ltr'><strong>vero.</strong></span> <span class='ocrx_word' id='word_1_148' title='bbox 1116 2037 1203 2093; x_wconf 90' lang='lat' dir='ltr'><strong>dic</strong></span> <span class='ocrx_word' id='word_1_149' title='bbox 1224 2051 1426 2107; x_wconf 76' lang='lat' dir='ltr'><strong>quaeso,</strong></span> <span class='ocrx_word' id='word_1_150' title='bbox 1458 2037 1577 2107; x_wconf 86' lang='lat' dir='ltr'><strong>quis</strong></span> <span class='ocrx_word' id='word_1_151' title='bbox 1608 2053 1711 2091; x_wconf 91' lang='lat' dir='ltr'><strong>non</strong></span> <span class='ocrx_word' id='word_1_152' title='bbox 1742 2039 1953 2106; x_wconf 81' lang='lat' dir='ltr'><strong>potest?</strong></span> <span class='ocrx_word' id='word_1_153' title='bbox 1975 2039 2102 2108; x_wconf 89' lang='lat' dir='ltr'><strong>quid</strong></span> 
     </span>
    </p>
   </div>
   <div class='ocr_carea' id='block_1_20' title="bbox 528 2127 2103 2199">
    <p class='ocr_par' dir='ltr' id='par_1_20' title="bbox 528 2127 2103 2199">
     <span class='ocr_line' id='line_1_20' title="bbox 528 2127 2103 2199; baseline 0.003 -19"><span class='ocrx_word' id='word_1_154' title='bbox 528 2132 671 2183; x_wconf 71' lang='lat' dir='ltr'><strong>enim</strong></span> <span class='ocrx_word' id='word_1_155' title='bbox 690 2144 754 2183; x_wconf 89' lang='lat' dir='ltr'><strong>ex</strong></span> <span class='ocrx_word' id='word_1_156' title='bbox 781 2127 937 2183; x_wconf 91' lang='lat' dir='ltr'><strong>dictis</strong></span> <span class='ocrx_word' id='word_1_157' title='bbox 969 2129 1039 2183; x_wconf 86' lang='lat' dir='ltr'><strong>ita</strong></span> <span class='ocrx_word' id='word_1_158' title='bbox 1064 2127 1311 2184; x_wconf 80' lang='lat' dir='ltr'><strong>difﬁcile?</strong></span> <span class='ocrx_word' id='word_1_159' title='bbox 1334 2127 1460 2199; x_wconf 90' lang='lat' dir='ltr'><strong>quid</strong></span> <span class='ocrx_word' id='word_1_160' title='bbox 1496 2129 1816 2196; x_wconf 85' lang='lat' dir='ltr'><strong>operosum?</strong></span> <span class='ocrx_word' id='word_1_161' title='bbox 1841 2129 1967 2199; x_wconf 90' lang='lat' dir='ltr'><strong>quid</strong></span> <span class='ocrx_word' id='word_1_162' title='bbox 1996 2145 2103 2184; x_wconf 89' lang='lat' dir='ltr'><strong>non</strong></span> 
     </span>
    </p>
   </div>
   <div class='ocr_carea' id='block_1_21' title="bbox 529 2219 2099 2289">
    <p class='ocr_par' dir='ltr' id='par_1_21' title="bbox 529 2219 2099 2289">
     <span class='ocr_line' id='line_1_21' title="bbox 529 2219 2099 2289; baseline 0.001 -15"><span class='ocrx_word' id='word_1_163' title='bbox 529 2219 731 2277; x_wconf 54' lang='lat' dir='ltr'><strong>ﬁssile?</strong></span> <span class='ocrx_word' id='word_1_164' title='bbox 774 2219 848 2274; x_wconf 87' lang='lat' dir='ltr'><strong>lta</strong></span> <span class='ocrx_word' id='word_1_165' title='bbox 876 2235 980 2274; x_wconf 92' lang='lat' dir='ltr'><strong>non</strong></span> <span class='ocrx_word' id='word_1_166' title='bbox 1011 2219 1171 2275; x_wconf 92' lang='lat' dir='ltr'><strong>modo</strong></span> <span class='ocrx_word' id='word_1_167' title='bbox 1195 2219 1462 2289; x_wconf 80' lang='lat' dir='ltr'><strong>possibilia</strong></span> <span class='ocrx_word' id='word_1_168' title='bbox 1488 2228 1646 2284; x_wconf 86' lang='lat' dir='ltr'><strong>sunt,</strong></span> <span class='ocrx_word' id='word_1_169' title='bbox 1673 2219 1767 2275; x_wconf 84' lang='lat' dir='ltr'><strong>sed</strong></span> <span class='ocrx_word' id='word_1_170' title='bbox 1795 2227 1850 2275; x_wconf 91' lang='lat' dir='ltr'><strong>et</strong></span> <span class='ocrx_word' id='word_1_171' title='bbox 1883 2219 2054 2276; x_wconf 82' lang='lat' dir='ltr'><strong>facilia</strong></span> <span class='ocrx_word' id='word_1_172' title='bbox 2083 2262 2099 2287; x_wconf 96' lang='lat'><strong>,</strong></span> 
     </span>
    </p>
   </div>
   <div class='ocr_carea' id='block_1_22' title="bbox 529 2310 2100 2378">
    <p class='ocr_par' dir='ltr' id='par_1_22' title="bbox 529 2310 2100 2378">
     <span class='ocr_line' id='line_1_22' title="bbox 529 2310 2100 2378; baseline 0.001 -13"><span class='ocrx_word' id='word_1_173' title='bbox 529 2323 586 2365; x_wconf 92' lang='lat' dir='ltr'><strong>ut</strong></span> <span class='ocrx_word' id='word_1_174' title='bbox 623 2310 774 2366; x_wconf 90' lang='lat' dir='ltr'><strong>multi</strong></span> <span class='ocrx_word' id='word_1_175' title='bbox 799 2326 984 2368; x_wconf 89' lang='lat' dir='ltr'><strong>eorum</strong></span> <span class='ocrx_word' id='word_1_176' title='bbox 1029 2325 1332 2366; x_wconf 82' lang='lat' dir='ltr'><strong>mensuram</strong></span> <span class='ocrx_word' id='word_1_177' title='bbox 1379 2311 1724 2378; x_wconf 81' lang='lat' dir='ltr'><strong>excesserint,</strong></span> <span class='ocrx_word' id='word_1_178' title='bbox 1771 2326 1877 2365; x_wconf 89' lang='lat' dir='ltr'><strong>non</strong></span> <span class='ocrx_word' id='word_1_179' title='bbox 1929 2312 2100 2367; x_wconf 90' lang='lat' dir='ltr'><strong>solum</strong></span> 
     </span>
    </p>
   </div>
   <div class='ocr_carea' id='block_1_23' title="bbox 526 2390 2103 2475">
    <p class='ocr_par' dir='ltr' id='par_1_23' title="bbox 526 2390 2103 2475">
     <span class='ocr_line' id='line_1_23' title="bbox 526 2390 2103 2475; baseline 0.003 -18"><span class='ocrx_word' id='word_1_180' title='bbox 526 2404 723 2472; x_wconf 84' lang='lat' dir='ltr'><strong>injusta</strong></span> <span class='ocrx_word' id='word_1_181' title='bbox 776 2403 1125 2475; x_wconf 81' lang='lat' dir='ltr'><strong>chirographa</strong></span> <span class='ocrx_word' id='word_1_182' title='bbox 1169 2404 1497 2471; x_wconf 88' lang='lat' dir='ltr'><strong>lacerantes,</strong></span> <span class='ocrx_word' id='word_1_183' title='bbox 1531 2404 1622 2459; x_wconf 87' lang='lat' dir='ltr'><strong>sed</strong></span> <span class='ocrx_word' id='word_1_184' title='bbox 1652 2418 1772 2459; x_wconf 86' lang='lat' dir='ltr'><strong>sese</strong></span> <span class='ocrx_word' id='word_1_185' title='bbox 1813 2404 1964 2460; x_wconf 89' lang='lat' dir='ltr'><strong>bonis</strong></span> <span class='ocrx_word' id='word_1_186' title='bbox 1984 2390 2103 2461; x_wconf 85' lang='lat' dir='ltr'><strong>suis</strong></span> 
     </span>
    </p>
   </div>
   <div class='ocr_carea' id='block_1_24' title="bbox 524 2495 2103 2565">
    <p class='ocr_par' dir='ltr' id='par_1_24' title="bbox 524 2495 2103 2565">
     <span class='ocr_line' id='line_1_24' title="bbox 524 2495 2103 2565; baseline 0.001 -16"><span class='ocrx_word' id='word_1_187' title='bbox 524 2495 917 2564; x_wconf 80' lang='lat' dir='ltr'><strong>exspoliantes;</strong></span> <span class='ocrx_word' id='word_1_188' title='bbox 945 2511 1050 2552; x_wconf 88' lang='lat' dir='ltr'><strong>non</strong></span> <span class='ocrx_word' id='word_1_189' title='bbox 1073 2495 1232 2550; x_wconf 92' lang='lat' dir='ltr'><strong>modo</strong></span> <span class='ocrx_word' id='word_1_190' title='bbox 1258 2495 1357 2550; x_wconf 85' lang='lat' dir='ltr'><strong>sub</strong></span> <span class='ocrx_word' id='word_1_191' title='bbox 1384 2504 1520 2550; x_wconf 91' lang='lat' dir='ltr'><strong>tecto</strong></span> <span class='ocrx_word' id='word_1_192' title='bbox 1540 2504 1593 2550; x_wconf 90' lang='lat' dir='ltr'><strong>et</strong></span> <span class='ocrx_word' id='word_1_193' title='bbox 1611 2495 1678 2550; x_wconf 88' lang='lat' dir='ltr'><strong>ad</strong></span> <span class='ocrx_word' id='word_1_194' title='bbox 1699 2509 1934 2549; x_wconf 89' lang='lat' dir='ltr'><strong>mensam</strong></span> <span class='ocrx_word' id='word_1_195' title='bbox 1975 2511 2103 2565; x_wconf 89' lang='lat' dir='ltr'><strong>pau-</strong></span> 
     </span>
    </p>
   </div>
   <div class='ocr_carea' id='block_1_25' title="bbox 525 2585 2099 2657">
    <p class='ocr_par' dir='ltr' id='par_1_25' title="bbox 525 2585 2099 2657">
     <span class='ocr_line' id='line_1_25' title="bbox 525 2585 2099 2657; baseline 0.003 -19"><span class='ocrx_word' id='word_1_196' title='bbox 525 2603 682 2656; x_wconf 80' lang='lat' dir='ltr'><strong>peres</strong></span> <span class='ocrx_word' id='word_1_197' title='bbox 700 2588 1040 2657; x_wconf 83' lang='lat' dir='ltr'><strong>recipientes,</strong></span> <span class='ocrx_word' id='word_1_198' title='bbox 1059 2586 1152 2642; x_wconf 88' lang='lat' dir='ltr'><strong>sed</strong></span> <span class='ocrx_word' id='word_1_199' title='bbox 1179 2588 1337 2642; x_wconf 90' lang='lat' dir='ltr'><strong>etiam</strong></span> <span class='ocrx_word' id='word_1_200' title='bbox 1366 2586 1433 2642; x_wconf 86' lang='lat' dir='ltr'><strong>ad</strong></span> <span class='ocrx_word' id='word_1_201' title='bbox 1463 2585 1580 2642; x_wconf 85' lang='lat' dir='ltr'><strong>illos</strong></span> <span class='ocrx_word' id='word_1_202' title='bbox 1608 2587 1828 2642; x_wconf 86' lang='lat' dir='ltr'><strong>alcndos</strong></span> <span class='ocrx_word' id='word_1_203' title='bbox 1852 2601 2099 2657; x_wconf 89' lang='lat' dir='ltr'><strong>magnum</strong></span> 
     </span>
    </p>
   </div>
   <div class='ocr_carea' id='block_1_26' title="bbox 527 2679 2103 2749">
    <p class='ocr_par' dir='ltr' id='par_1_26' title="bbox 527 2679 2103 2749">
     <span class='ocr_line' id='line_1_26' title="bbox 527 2679 2103 2749; baseline 0.003 -17"><span class='ocrx_word' id='word_1_204' title='bbox 527 2681 766 2748; x_wconf 86' lang='lat' dir='ltr'><strong>corporis</strong></span> <span class='ocrx_word' id='word_1_205' title='bbox 793 2680 1029 2736; x_wconf 79' lang='lat' dir='ltr'><strong>laborem</strong></span> <span class='ocrx_word' id='word_1_206' title='bbox 1072 2689 1127 2735; x_wconf 89' lang='lat' dir='ltr'><strong>et</strong></span> <span class='ocrx_word' id='word_1_207' title='bbox 1152 2679 1402 2735; x_wconf 87' lang='lat' dir='ltr'><strong>sudorem</strong></span> <span class='ocrx_word' id='word_1_208' title='bbox 1428 2680 1814 2749; x_wconf 80' lang='lat' dir='ltr'><strong>suscipientes;</strong></span> <span class='ocrx_word' id='word_1_209' title='bbox 1864 2694 1970 2734; x_wconf 91' lang='lat' dir='ltr'><strong>non</strong></span> <span class='ocrx_word' id='word_1_210' title='bbox 2012 2695 2103 2736; x_wconf 91' lang='lat' dir='ltr'><strong>co-</strong></span> 
     </span>
    </p>
   </div>
   <div class='ocr_carea' id='block_1_27' title="bbox 528 2770 2096 2841">
    <p class='ocr_par' dir='ltr' id='par_1_27' title="bbox 528 2770 2096 2841">
     <span class='ocr_line' id='line_1_27' title="bbox 528 2770 2096 2841; baseline 0.002 -18"><span class='ocrx_word' id='word_1_211' title='bbox 528 2770 703 2839; x_wconf 86' lang='lat' dir='ltr'><strong>gnatis</strong></span> <span class='ocrx_word' id='word_1_212' title='bbox 729 2771 908 2836; x_wconf 91' lang='lat' dir='ltr'><strong>modo,</strong></span> <span class='ocrx_word' id='word_1_213' title='bbox 942 2771 1209 2826; x_wconf 62' lang='lat' dir='ltr'><strong>sedetiam</strong></span> <span class='ocrx_word' id='word_1_214' title='bbox 1237 2771 1467 2826; x_wconf 89' lang='lat' dir='ltr'><strong>inimicis</strong></span> <span class='ocrx_word' id='word_1_215' title='bbox 1496 2770 1748 2827; x_wconf 82' lang='lat' dir='ltr'><strong>beneficia</strong></span> <span class='ocrx_word' id='word_1_216' title='bbox 1765 2780 2096 2841; x_wconf 61' lang='lat' dir='ltr'><strong>praistantes.</strong></span> 
     </span>
    </p>
   </div>
   <div class='ocr_carea' id='block_1_28' title="bbox 597 2862 2097 2934">
    <p class='ocr_par' dir='ltr' id='par_1_28' title="bbox 597 2862 2097 2934">
     <span class='ocr_line' id='line_1_28' title="bbox 597 2862 2097 2934; baseline 0.002 -16"><span class='ocrx_word' id='word_1_217' title='bbox 597 2864 648 2918; x_wconf 86' lang='lat'><strong>6.</strong></span> <span class='ocrx_word' id='word_1_218' title='bbox 677 2862 813 2932; x_wconf 84' lang='lat' dir='ltr'><strong>Quid</strong></span> <span class='ocrx_word' id='word_1_219' title='bbox 843 2864 895 2918; x_wconf 93' lang='lat' dir='ltr'><strong>in</strong></span> <span class='ocrx_word' id='word_1_220' title='bbox 920 2862 1237 2932; x_wconf 87' lang='lat' dir='ltr'><strong>supradictis</strong></span> <span class='ocrx_word' id='word_1_221' title='bbox 1265 2863 1478 2919; x_wconf 78' lang='lat' dir='ltr'><strong>difﬁcile</strong></span> <span class='ocrx_word' id='word_1_222' title='bbox 1502 2864 1615 2920; x_wconf 77' lang='lat' dir='ltr'><strong>est?</strong></span> <span class='ocrx_word' id='word_1_223' title='bbox 1634 2864 1748 2919; x_wconf 86' lang='lat' dir='ltr'><strong>Non</strong></span> <span class='ocrx_word' id='word_1_224' title='bbox 1776 2867 1916 2920; x_wconf 91' lang='lat' dir='ltr'><strong>enim</strong></span> <span class='ocrx_word' id='word_1_225' title='bbox 1949 2867 2097 2934; x_wconf 91' lang='lat' dir='ltr'><strong>dixit,</strong></span> 
     </span>
    </p>
   </div>
   <div class='ocr_carea' id='block_1_29' title="bbox 525 2953 2097 3026">
    <p class='ocr_par' dir='ltr' id='par_1_29' title="bbox 525 2953 2097 3026">
     <span class='ocr_line' id='line_1_29' title="bbox 525 2953 2097 3026; baseline 0.002 -17"><span class='ocrx_word' id='word_1_226' title='bbox 525 2953 866 3009; x_wconf 84' lang='lat' dir='ltr'><strong>Transcende</strong></span> <span class='ocrx_word' id='word_1_227' title='bbox 909 2963 1150 3020; x_wconf 89' lang='lat' dir='ltr'><strong>montes,</strong></span> <span class='ocrx_word' id='word_1_228' title='bbox 1205 2969 1352 3008; x_wconf 87' lang='lat' dir='ltr'><strong>mare</strong></span> <span class='ocrx_word' id='word_1_229' title='bbox 1377 2955 1596 3023; x_wconf 84' lang='lat' dir='ltr'><strong>trajice,</strong></span> <span class='ocrx_word' id='word_1_230' title='bbox 1629 2964 1704 3010; x_wconf 93' lang='lat' dir='ltr'><strong>tot</strong></span> <span class='ocrx_word' id='word_1_231' title='bbox 1731 2964 1783 3010; x_wconf 90' lang='lat' dir='ltr'><strong>et</strong></span> <span class='ocrx_word' id='word_1_232' title='bbox 1810 2965 1885 3011; x_wconf 88' lang='lat' dir='ltr'><strong>tot</strong></span> <span class='ocrx_word' id='word_1_233' title='bbox 1912 2956 2097 3026; x_wconf 87' lang='lat' dir='ltr'><strong>jugera</strong></span> 
     </span>
    </p>
   </div>
   <div class='ocr_carea' id='block_1_30' title="bbox 525 3041 2095 3113">
    <p class='ocr_par' dir='ltr' id='par_1_30' title="bbox 525 3041 2095 3113">
     <span class='ocr_line' id='line_1_30' title="bbox 525 3041 2095 3113; baseline 0.004 -17"><span class='ocrx_word' id='word_1_234' title='bbox 525 3053 684 3097; x_wconf 71' lang='lat' dir='ltr'><strong>terra:</strong></span> <span class='ocrx_word' id='word_1_235' title='bbox 726 3041 946 3096; x_wconf 77' lang='lat' dir='ltr'><strong>ell‘odias</strong></span> <span class='ocrx_word' id='word_1_236' title='bbox 966 3083 982 3108; x_wconf 92' lang='lat'><strong>,</strong></span> <span class='ocrx_word' id='word_1_237' title='bbox 1005 3041 1218 3111; x_wconf 88' lang='lat' dir='ltr'><strong>jejunus</strong></span> <span class='ocrx_word' id='word_1_238' title='bbox 1240 3042 1332 3096; x_wconf 91' lang='lat' dir='ltr'><strong>diu</strong></span> <span class='ocrx_word' id='word_1_239' title='bbox 1357 3056 1602 3108; x_wconf 87' lang='lat' dir='ltr'><strong>maneas,</strong></span> <span class='ocrx_word' id='word_1_240' title='bbox 1642 3057 1797 3099; x_wconf 88' lang='lat' dir='ltr'><strong>sacco</strong></span> <span class='ocrx_word' id='word_1_241' title='bbox 1823 3055 1874 3100; x_wconf 91' lang='lat' dir='ltr'><strong>te</strong></span> <span class='ocrx_word' id='word_1_242' title='bbox 1903 3047 2095 3113; x_wconf 89' lang='lat' dir='ltr'><strong>indue;</strong></span> 
     </span>
    </p>
   </div>
   <div class='ocr_carea' id='block_1_31' title="bbox 525 3132 2100 3207">
    <p class='ocr_par' dir='ltr' id='par_1_31' title="bbox 525 3132 2100 3207">
     <span class='ocr_line' id='line_1_31' title="bbox 525 3132 2100 3207; baseline 0.005 -21"><span class='ocrx_word' id='word_1_243' title='bbox 525 3133 643 3197; x_wconf 86' lang='lat' dir='ltr'><strong>sed,</strong></span> <span class='ocrx_word' id='word_1_244' title='bbox 673 3132 924 3188; x_wconf 84' lang='lat' dir='ltr'><strong>Proximo</strong></span> <span class='ocrx_word' id='word_1_245' title='bbox 955 3135 1254 3204; x_wconf 88' lang='lat' dir='ltr'><strong>impertire,</strong></span> <span class='ocrx_word' id='word_1_246' title='bbox 1284 3148 1472 3205; x_wconf 86' lang='lat' dir='ltr'><strong>panem</strong></span> <span class='ocrx_word' id='word_1_247' title='bbox 1501 3135 1719 3207; x_wconf 86' lang='lat' dir='ltr'><strong>largire,</strong></span> <span class='ocrx_word' id='word_1_248' title='bbox 1748 3137 1940 3207; x_wconf 79' lang='lat' dir='ltr'><strong>injuste</strong></span> <span class='ocrx_word' id='word_1_249' title='bbox 1987 3138 2100 3194; x_wconf 86' lang='lat' dir='ltr'><strong>chi-</strong></span> 
     </span>
    </p>
   </div>
   <div class='ocr_carea' id='block_1_32' title="bbox 526 3223 2100 3300">
    <p class='ocr_par' dir='ltr' id='par_1_32' title="bbox 526 3223 2100 3300">
     <span class='ocr_line' id='line_1_32' title="bbox 526 3223 2100 3300; baseline 0.007 -24"><span class='ocrx_word' id='word_1_250' title='bbox 526 3223 789 3293; x_wconf 87' lang='lat' dir='ltr'><strong>rographa</strong></span> <span class='ocrx_word' id='word_1_251' title='bbox 818 3224 1078 3280; x_wconf 87' lang='lat' dir='ltr'><strong>rescinde.</strong></span> <span class='ocrx_word' id='word_1_252' title='bbox 1105 3225 1240 3295; x_wconf 88' lang='lat' dir='ltr'><strong>Quid</strong></span> <span class='ocrx_word' id='word_1_253' title='bbox 1258 3269 1273 3291; x_wconf 90' lang='lat'><strong>,</strong></span> <span class='ocrx_word' id='word_1_254' title='bbox 1301 3240 1482 3296; x_wconf 75' lang='lat' dir='ltr'><strong>quaeso</strong></span> <span class='ocrx_word' id='word_1_255' title='bbox 1501 3268 1515 3291; x_wconf 91' lang='lat'><strong>,</strong></span> <span class='ocrx_word' id='word_1_256' title='bbox 1542 3226 1623 3282; x_wconf 90' lang='lat' dir='ltr'><strong>his</strong></span> <span class='ocrx_word' id='word_1_257' title='bbox 1646 3228 1851 3285; x_wconf 79' lang='lat' dir='ltr'><strong>facilius</strong></span> <span class='ocrx_word' id='word_1_258' title='bbox 1875 3231 1898 3284; x_wconf 65' lang='grc' dir='ltr'>τ</span> <span class='ocrx_word' id='word_1_259' title='bbox 1949 3231 2100 3300; x_wconf 86' lang='lat' dir='ltr'><strong>Quod</strong></span> 
     </span>
    </p>
   </div>
   <div class='ocr_carea' id='block_1_33' title="bbox 527 3312 2102 3387">
    <p class='ocr_par' dir='ltr' id='par_1_33' title="bbox 527 3312 2102 3387">
     <span class='ocr_line' id='line_1_33' title="bbox 527 3312 2102 3387; baseline 0.008 -21"><span class='ocrx_word' id='word_1_260' title='bbox 527 3315 570 3366; x_wconf 96' lang='lat' dir='ltr'><strong>si</strong></span> <span class='ocrx_word' id='word_1_261' title='bbox 601 3312 834 3368; x_wconf 83' lang='lat' dir='ltr'><strong>difﬁcilia</strong></span> <span class='ocrx_word' id='word_1_262' title='bbox 859 3314 948 3370; x_wconf 86' lang='lat' dir='ltr'><strong>illa</strong></span> <span class='ocrx_word' id='word_1_263' title='bbox 973 3323 1157 3384; x_wconf 82' lang='lat' dir='ltr'><strong>putes,</strong></span> <span class='ocrx_word' id='word_1_264' title='bbox 1195 3316 1408 3386; x_wconf 75' lang='lat' dir='ltr'><strong>praemia</strong></span> <span class='ocrx_word' id='word_1_265' title='bbox 1441 3318 1644 3387; x_wconf 84' lang='lat' dir='ltr'><strong>respice</strong></span> <span class='ocrx_word' id='word_1_266' title='bbox 1663 3359 1678 3385; x_wconf 92' lang='lat'><strong>,</strong></span> <span class='ocrx_word' id='word_1_267' title='bbox 1706 3328 1761 3375; x_wconf 88' lang='lat' dir='ltr'><strong>et</strong></span> <span class='ocrx_word' id='word_1_268' title='bbox 1807 3319 1978 3376; x_wconf 81' lang='lat' dir='ltr'><strong>facilia</strong></span> <span class='ocrx_word' id='word_1_269' title='bbox 2007 3323 2102 3378; x_wconf 88' lang='lat' dir='ltr'><strong>tibi</strong></span> 
     </span>
    </p>
   </div>
   <div class='ocr_carea' id='block_1_34' title="bbox 526 3403 2100 3483">
    <p class='ocr_par' dir='ltr' id='par_1_34' title="bbox 526 3403 2100 3483">
     <span class='ocr_line' id='line_1_34' title="bbox 526 3403 2100 3483; baseline 0.009 -28"><span class='ocrx_word' id='word_1_270' title='bbox 526 3412 704 3458; x_wconf 85' lang='lat' dir='ltr'><strong>erunt.</strong></span> <span class='ocrx_word' id='word_1_271' title='bbox 752 3403 1222 3472; x_wconf 82' lang='lat' dir='ltr'><strong>Quemadmodum</strong></span> <span class='ocrx_word' id='word_1_272' title='bbox 1251 3407 1393 3462; x_wconf 90' lang='lat' dir='ltr'><strong>enim</strong></span> <span class='ocrx_word' id='word_1_273' title='bbox 1440 3422 1592 3478; x_wconf 83' lang='lat' dir='ltr'><strong>reges</strong></span> <span class='ocrx_word' id='word_1_274' title='bbox 1633 3409 1686 3464; x_wconf 91' lang='lat' dir='ltr'><strong>in</strong></span> <span class='ocrx_word' id='word_1_275' title='bbox 1735 3409 2100 3483; x_wconf 87' lang='lat' dir='ltr'><strong>hippodromis</strong></span> 
     </span>
    </p>
   </div>
   <div class='ocr_carea' id='block_1_35' title="bbox 527 3492 2099 3575">
    <p class='ocr_par' dir='ltr' id='par_1_35' title="bbox 527 3492 2099 3575">
     <span class='ocr_line' id='line_1_35' title="bbox 527 3492 2099 3575; baseline 0.008 -29"><span class='ocrx_word' id='word_1_276' title='bbox 527 3503 651 3550; x_wconf 89' lang='lat' dir='ltr'><strong>ante</strong></span> <span class='ocrx_word' id='word_1_277' title='bbox 675 3492 1010 3550; x_wconf 87' lang='lat' dir='ltr'><strong>decertantes</strong></span> <span class='ocrx_word' id='word_1_278' title='bbox 1037 3509 1262 3551; x_wconf 87' lang='lat' dir='ltr'><strong>coronas</strong></span> <span class='ocrx_word' id='word_1_279' title='bbox 1283 3539 1296 3561; x_wconf 92' lang='lat'><strong>,</strong></span> <span class='ocrx_word' id='word_1_280' title='bbox 1339 3496 1518 3552; x_wconf 89' lang='lat' dir='ltr'><strong>bravia</strong></span> <span class='ocrx_word' id='word_1_281' title='bbox 1563 3508 1617 3554; x_wconf 92' lang='lat' dir='ltr'><strong>et</strong></span> <span class='ocrx_word' id='word_1_282' title='bbox 1641 3502 1951 3558; x_wconf 89' lang='lat' dir='ltr'><strong>vestimenta</strong></span> <span class='ocrx_word' id='word_1_283' title='bbox 2000 3519 2099 3575; x_wconf 88' lang='lat' dir='ltr'><strong>po-</strong></span> 
     </span>
    </p>
   </div>
   <div class='ocr_carea' id='block_1_36' title="bbox 526 3587 2096 3667">
    <p class='ocr_par' dir='ltr' id='par_1_36' title="bbox 526 3587 2096 3667">
     <span class='ocr_line' id='line_1_36' title="bbox 526 3587 2096 3667; baseline 0.007 -26"><span class='ocrx_word' id='word_1_284' title='bbox 526 3595 692 3654; x_wconf 88' lang='lat' dir='ltr'><strong>nuut,</strong></span> <span class='ocrx_word' id='word_1_285' title='bbox 723 3587 800 3643; x_wconf 86' lang='lat' dir='ltr'><strong>sic</strong></span> <span class='ocrx_word' id='word_1_286' title='bbox 825 3597 877 3643; x_wconf 92' lang='lat' dir='ltr'><strong>et</strong></span> <span class='ocrx_word' id='word_1_287' title='bbox 906 3587 1146 3643; x_wconf 85' lang='lat' dir='ltr'><strong>Christus</strong></span> <span class='ocrx_word' id='word_1_288' title='bbox 1170 3589 1223 3644; x_wconf 93' lang='lat' dir='ltr'><strong>in</strong></span> <span class='ocrx_word' id='word_1_289' title='bbox 1250 3589 1424 3645; x_wconf 89' lang='lat' dir='ltr'><strong>medio</strong></span> <span class='ocrx_word' id='word_1_290' title='bbox 1465 3590 1637 3648; x_wconf 85' lang='lat' dir='ltr'><strong>stadio</strong></span> <span class='ocrx_word' id='word_1_291' title='bbox 1664 3595 1881 3663; x_wconf 62' lang='lat' dir='ltr'><strong>premis</strong></span> <span class='ocrx_word' id='word_1_292' title='bbox 1914 3598 2096 3667; x_wconf 90' lang='lat' dir='ltr'><strong>ponit,</strong></span> 
     </span>
    </p>
   </div>
   <div class='ocr_carea' id='block_1_37' title="bbox 527 3679 2097 3755">
    <p class='ocr_par' dir='ltr' id='par_1_37' title="bbox 527 3679 2097 3755">
     <span class='ocr_line' id='line_1_37' title="bbox 527 3679 2097 3755; baseline 0.009 -25"><span class='ocrx_word' id='word_1_293' title='bbox 527 3692 590 3732; x_wconf 89' lang='lat' dir='ltr'><strong>ac</strong></span> <span class='ocrx_word' id='word_1_294' title='bbox 639 3679 790 3748; x_wconf 83' lang='lat' dir='ltr'><strong>quasi</strong></span> <span class='ocrx_word' id='word_1_295' title='bbox 845 3680 1133 3735; x_wconf 85' lang='lat' dir='ltr'><strong>multorum</strong></span> <span class='ocrx_word' id='word_1_296' title='bbox 1187 3681 1428 3738; x_wconf 87' lang='lat' dir='ltr'><strong>manibus</strong></span> <span class='ocrx_word' id='word_1_297' title='bbox 1474 3699 1567 3753; x_wconf 90' lang='lat' dir='ltr'><strong>per</strong></span> <span class='ocrx_word' id='word_1_298' title='bbox 1619 3687 1890 3755; x_wconf 72' lang='lat' dir='ltr'><strong>pr0pbetat</strong></span> <span class='ocrx_word' id='word_1_299' title='bbox 1936 3690 2097 3744; x_wconf 87' lang='lat' dir='ltr'><strong>verba</strong></span> 
     </span>
    </p>
   </div>
   <div class='ocr_carea' id='block_1_38' title="bbox 526 3767 2094 3848">
    <p class='ocr_par' dir='ltr' id='par_1_38' title="bbox 526 3767 2094 3848">
     <span class='ocr_line' id='line_1_38' title="bbox 526 3767 2094 3848; baseline 0.008 -26"><span class='ocrx_word' id='word_1_300' title='bbox 526 3767 795 3837; x_wconf 78' lang='lat' dir='ltr'><strong>expandit.</strong></span> <span class='ocrx_word' id='word_1_301' title='bbox 827 3769 904 3824; x_wconf 80' lang='lat' dir='ltr'><strong>Ac</strong></span> <span class='ocrx_word' id='word_1_302' title='bbox 932 3785 1086 3841; x_wconf 87' lang='lat' dir='ltr'><strong>reges</strong></span> <span class='ocrx_word' id='word_1_303' title='bbox 1113 3770 1325 3848; x_wconf 83' lang='lat' dir='ltr'><strong>quidem</strong></span> <span class='ocrx_word' id='word_1_304' title='bbox 1346 3815 1361 3839; x_wconf 95' lang='lat'><strong>,</strong></span> <span class='ocrx_word' id='word_1_305' title='bbox 1394 3776 1494 3828; x_wconf 87' lang='lat' dir='ltr'><strong>etsi</strong></span> <span class='ocrx_word' id='word_1_306' title='bbox 1533 3776 1722 3831; x_wconf 86' lang='lat' dir='ltr'><strong>millies</strong></span> <span class='ocrx_word' id='word_1_307' title='bbox 1752 3792 1905 3848; x_wconf 89' lang='lat' dir='ltr'><strong>reges</strong></span> <span class='ocrx_word' id='word_1_308' title='bbox 1947 3780 2054 3834; x_wconf 88' lang='lat' dir='ltr'><strong>sint</strong></span> <span class='ocrx_word' id='word_1_309' title='bbox 2075 3820 2094 3847; x_wconf 87' lang='lat'><strong>,</strong></span> 
     </span>
    </p>
   </div>
   <div class='ocr_carea' id='block_1_39' title="bbox 528 3846 2094 3934">
    <p class='ocr_par' dir='ltr' id='par_1_39' title="bbox 528 3846 2094 3934">
     <span class='ocr_line' id='line_1_39' title="bbox 528 3846 2094 3934; baseline 0.009 -24"><span class='ocrx_word' id='word_1_310' title='bbox 528 3865 714 3925; x_wconf 84' lang='lat' dir='ltr'><strong>utpote</strong></span> <span class='ocrx_word' id='word_1_311' title='bbox 742 3857 1014 3926; x_wconf 86' lang='lat' dir='ltr'><strong>homines,</strong></span> <span class='ocrx_word' id='word_1_312' title='bbox 1045 3846 1232 3916; x_wconf 48' lang='lat' dir='ltr'><strong>ﬂuxas.</strong></span> <span class='ocrx_word' id='word_1_313' title='bbox 1256 3861 1451 3918; x_wconf 86' lang='lat' dir='ltr'><strong>habent</strong></span> <span class='ocrx_word' id='word_1_314' title='bbox 1478 3878 1606 3934; x_wconf 86' lang='lat' dir='ltr'><strong>opes</strong></span> <span class='ocrx_word' id='word_1_315' title='bbox 1645 3875 1700 3921; x_wconf 88' lang='lat' dir='ltr'><strong>et</strong></span> <span class='ocrx_word' id='word_1_316' title='bbox 1727 3846 2094 3924; x_wconf 78' lang='lat' dir='ltr'><strong>liberalitatem</strong></span> 
     </span>
    </p>
   </div>
   <div class='ocr_carea' id='block_1_40' title="bbox 526 3958 2098 4026">
    <p class='ocr_par' dir='ltr' id='par_1_40' title="bbox 526 3958 2098 4026">
     <span class='ocr_line' id='line_1_40' title="bbox 526 3958 2098 4026; baseline 0.011 -26"><span class='ocrx_word' id='word_1_317' title='bbox 526 3963 645 4015; x_wconf 70' lang='lat' dir='ltr'><strong>qua:</strong></span> <span class='ocrx_word' id='word_1_318' title='bbox 674 3958 958 4004; x_wconf 84' lang='lat' dir='ltr'><strong>evacuatur</strong></span> <span class='ocrx_word' id='word_1_319' title='bbox 977 3991 994 4016; x_wconf 90' lang='lat'><strong>,</strong></span> <span class='ocrx_word' id='word_1_320' title='bbox 1025 3966 1143 4022; x_wconf 62' lang='lat' dir='ltr'><strong>qua:</strong></span> <span class='ocrx_word' id='word_1_321' title='bbox 1167 3967 1330 4021; x_wconf 87' lang='lat' dir='ltr'><strong>pauca</strong></span> <span class='ocrx_word' id='word_1_322' title='bbox 1373 3970 1499 4011; x_wconf 87' lang='lat' dir='ltr'><strong>vere</strong></span> <span class='ocrx_word' id='word_1_323' title='bbox 1525 3966 1648 4012; x_wconf 89' lang='lat' dir='ltr'><strong>sunt</strong></span> <span class='ocrx_word' id='word_1_324' title='bbox 1669 4001 1685 4026; x_wconf 94' lang='lat'><strong>,</strong></span> <span class='ocrx_word' id='word_1_325' title='bbox 1715 3959 1878 4015; x_wconf 87' lang='lat' dir='ltr'><strong>multa</strong></span> <span class='ocrx_word' id='word_1_326' title='bbox 1930 3962 2098 4018; x_wconf 88' lang='lat' dir='ltr'><strong>videri</strong></span> 
     </span>
    </p>
   </div>
   <div class='ocr_carea' id='block_1_41' title="bbox 523 4039 2098 4117">
    <p class='ocr_par' dir='ltr' id='par_1_41' title="bbox 523 4039 2098 4117">
     <span class='ocr_line' id='line_1_41' title="bbox 523 4039 2098 4117; baseline 0.01 -25"><span class='ocrx_word' id='word_1_327' title='bbox 523 4039 776 4107; x_wconf 83' lang='lat' dir='ltr'><strong>student;</strong></span> <span class='ocrx_word' id='word_1_328' title='bbox 800 4040 922 4096; x_wconf 93' lang='lat' dir='ltr'><strong>ideo</strong></span> <span class='ocrx_word' id='word_1_329' title='bbox 941 4042 1144 4114; x_wconf 86' lang='lat' dir='ltr'><strong>singula</strong></span> <span class='ocrx_word' id='word_1_330' title='bbox 1169 4045 1390 4116; x_wconf 75' lang='lat' dir='ltr'><strong>singulis</strong></span> <span class='ocrx_word' id='word_1_331' title='bbox 1413 4047 1668 4105; x_wconf 89' lang='lat' dir='ltr'><strong>ministris</strong></span> <span class='ocrx_word' id='word_1_332' title='bbox 1686 4049 1814 4106; x_wconf 88' lang='lat' dir='ltr'><strong>dant</strong></span> <span class='ocrx_word' id='word_1_333' title='bbox 1832 4093 1847 4117; x_wconf 98' lang='lat'><strong>,</strong></span> <span class='ocrx_word' id='word_1_334' title='bbox 1876 4060 1929 4106; x_wconf 90' lang='lat' dir='ltr'><strong>et</strong></span> <span class='ocrx_word' id='word_1_335' title='bbox 1948 4052 2023 4108; x_wconf 89' lang='lat' dir='ltr'><strong>sic</strong></span> <span class='ocrx_word' id='word_1_336' title='bbox 2045 4054 2098 4108; x_wconf 92' lang='lat' dir='ltr'><strong>in</strong></span> 
     </span>
    </p>
   </div>
   <div class='ocr_carea' id='block_1_42' title="bbox 524 4132 2089 4211">
    <p class='ocr_par' dir='ltr' id='par_1_42' title="bbox 524 4132 2089 4211">
     <span class='ocr_line' id='line_1_42' title="bbox 524 4132 2089 4211; baseline 0.012 -26"><span class='ocrx_word' id='word_1_337' title='bbox 524 4132 760 4187; x_wconf 89' lang='lat' dir='ltr'><strong>medium</strong></span> <span class='ocrx_word' id='word_1_338' title='bbox 789 4133 1092 4203; x_wconf 85' lang='lat' dir='ltr'><strong>adducunt;</strong></span> <span class='ocrx_word' id='word_1_339' title='bbox 1118 4146 1303 4193; x_wconf 86' lang='lat' dir='ltr'><strong>contra</strong></span> <span class='ocrx_word' id='word_1_340' title='bbox 1324 4155 1447 4196; x_wconf 89' lang='lat' dir='ltr'><strong>vero</strong></span> <span class='ocrx_word' id='word_1_341' title='bbox 1476 4141 1588 4198; x_wconf 80' lang='lat' dir='ltr'><strong>Rex</strong></span> <span class='ocrx_word' id='word_1_342' title='bbox 1616 4153 1798 4211; x_wconf 85' lang='lat' dir='ltr'><strong>noster</strong></span> <span class='ocrx_word' id='word_1_343' title='bbox 1822 4148 1999 4202; x_wconf 91' lang='lat' dir='ltr'><strong>omnia</strong></span> <span class='ocrx_word' id='word_1_344' title='bbox 2028 4149 2089 4202; x_wconf 82' lang='lat' dir='ltr'><strong>si-</strong></span> 
     </span>
    </p>
   </div>
   <div class='ocr_carea' id='block_1_43' title="bbox 529 4224 2101 4304">
    <p class='ocr_par' dir='ltr' id='par_1_43' title="bbox 529 4224 2101 4304">
     <span class='ocr_line' id='line_1_43' title="bbox 529 4224 2101 4304; baseline 0.011 -26"><span class='ocrx_word' id='word_1_345' title='bbox 529 4224 637 4278; x_wconf 90' lang='lat' dir='ltr'><strong>mul</strong></span> <span class='ocrx_word' id='word_1_346' title='bbox 663 4224 1030 4295; x_wconf 84' lang='lat' dir='ltr'><strong>accumulans,</strong></span> <span class='ocrx_word' id='word_1_347' title='bbox 1047 4228 1169 4298; x_wconf 87' lang='lat' dir='ltr'><strong>quia</strong></span> <span class='ocrx_word' id='word_1_348' title='bbox 1193 4229 1423 4286; x_wconf 86' lang='lat' dir='ltr'><strong>abundat</strong></span> <span class='ocrx_word' id='word_1_349' title='bbox 1445 4234 1652 4304; x_wconf 88' lang='lat' dir='ltr'><strong>opibus,</strong></span> <span class='ocrx_word' id='word_1_350' title='bbox 1678 4227 1811 4292; x_wconf 82' lang='lat' dir='ltr'><strong>nihil</strong></span> <span class='ocrx_word' id='word_1_351' title='bbox 1835 4237 1900 4292; x_wconf 92' lang='lat' dir='ltr'><strong>ad</strong></span> <span class='ocrx_word' id='word_1_352' title='bbox 1918 4249 2101 4294; x_wconf 90' lang='lat' dir='ltr'><strong>osten-</strong></span> 
     </span>
    </p>
   </div>
   <div class='ocr_carea' id='block_1_44' title="bbox 526 4314 2100 4402">
    <p class='ocr_par' dir='ltr' id='par_1_44' title="bbox 526 4314 2100 4402">
     <span class='ocr_line' id='line_1_44' title="bbox 526 4314 2100 4402; baseline 0.014 -36"><span class='ocrx_word' id='word_1_353' title='bbox 526 4314 780 4370; x_wconf 80' lang='lat' dir='ltr'><strong>tationem</strong></span> <span class='ocrx_word' id='word_1_354' title='bbox 807 4315 952 4387; x_wconf 89' lang='lat' dir='ltr'><strong>facit,</strong></span> <span class='ocrx_word' id='word_1_355' title='bbox 1003 4319 1186 4392; x_wconf 83' lang='lat' dir='ltr'><strong>sicque</strong></span> <span class='ocrx_word' id='word_1_356' title='bbox 1211 4322 1283 4377; x_wconf 80' lang='lat' dir='ltr'><strong>.in</strong></span> <span class='ocrx_word' id='word_1_357' title='bbox 1336 4322 1510 4379; x_wconf 90' lang='lat' dir='ltr'><strong>medio</strong></span> <span class='ocrx_word' id='word_1_358' title='bbox 1556 4328 1802 4398; x_wconf 90' lang='lat' dir='ltr'><strong>proponit</strong></span> <span class='ocrx_word' id='word_1_359' title='bbox 1851 4344 1942 4394; x_wconf 91' lang='lat' dir='ltr'><strong>ea,</strong></span> <span class='ocrx_word' id='word_1_360' title='bbox 1981 4347 2100 4402; x_wconf 76' lang='lat' dir='ltr'><strong>qua:</strong></span> 
     </span>
    </p>
   </div>
   <div class='ocr_carea' id='block_1_45' title="bbox 523 4405 2102 4494">
    <p class='ocr_par' dir='ltr' id='par_1_45' title="bbox 523 4405 2102 4494">
     <span class='ocr_line' id='line_1_45' title="bbox 523 4405 2102 4494; baseline 0.013 -36"><span class='ocrx_word' id='word_1_361' title='bbox 523 4405 764 4474; x_wconf 82' lang='lat' dir='ltr'><strong>exposita</strong></span> <span class='ocrx_word' id='word_1_362' title='bbox 802 4406 1060 4466; x_wconf 84' lang='lat' dir='ltr'><strong>immensa</strong></span> <span class='ocrx_word' id='word_1_363' title='bbox 1101 4421 1286 4479; x_wconf 86' lang='lat' dir='ltr'><strong>erunt,</strong></span> <span class='ocrx_word' id='word_1_364' title='bbox 1344 4415 1627 4488; x_wconf 85' lang='lat' dir='ltr'><strong>multisque</strong></span> <span class='ocrx_word' id='word_1_365' title='bbox 1678 4421 1922 4477; x_wconf 87' lang='lat' dir='ltr'><strong>manibus</strong></span> <span class='ocrx_word' id='word_1_366' title='bbox 1966 4439 2102 4494; x_wconf 90' lang='lat' dir='ltr'><strong>opus</strong></span> 
     </span>
    </p>
   </div>
   <div class='ocr_carea' id='block_1_46' title="bbox 525 4497 2098 4587">
    <p class='ocr_par' dir='ltr' id='par_1_46' title="bbox 525 4497 2098 4587">
     <span class='ocr_line' id='line_1_46' title="bbox 525 4497 2098 4587; baseline 0.014 -36"><span class='ocrx_word' id='word_1_367' title='bbox 525 4498 628 4553; x_wconf 89' lang='lat' dir='ltr'><strong>erit</strong></span> <span class='ocrx_word' id='word_1_368' title='bbox 649 4497 718 4554; x_wconf 86' lang='lat' dir='ltr'><strong>ad</strong></span> <span class='ocrx_word' id='word_1_369' title='bbox 747 4511 810 4555; x_wconf 88' lang='lat' dir='ltr'><strong>ea</strong></span> <span class='ocrx_word' id='word_1_370' title='bbox 829 4501 1146 4558; x_wconf 88' lang='lat' dir='ltr'><strong>exhibenda.</strong></span> <span class='ocrx_word' id='word_1_371' title='bbox 1180 4506 1331 4573; x_wconf 92' lang='lat' dir='ltr'><strong>Quod</strong></span> <span class='ocrx_word' id='word_1_372' title='bbox 1359 4519 1415 4563; x_wconf 90' lang='lat' dir='ltr'><strong>ut</strong></span> <span class='ocrx_word' id='word_1_373' title='bbox 1435 4510 1658 4577; x_wconf 86' lang='lat' dir='ltr'><strong>ediscas,</strong></span> <span class='ocrx_word' id='word_1_374' title='bbox 1682 4513 1871 4570; x_wconf 87' lang='lat' dir='ltr'><strong>horum</strong></span> <span class='ocrx_word' id='word_1_375' title='bbox 1893 4517 2098 4587; x_wconf 84' lang='lat' dir='ltr'><strong>singula</strong></span> 
     </span>
    </p>
   </div>
   <div class='ocr_carea' id='block_1_47' title="bbox 521 4590 2098 4672">
    <p class='ocr_par' dir='ltr' id='par_1_47' title="bbox 521 4590 2098 4672">
     <span class='ocr_line' id='line_1_47' title="bbox 521 4590 2098 4672; baseline 0.013 -28"><span class='ocrx_word' id='word_1_376' title='bbox 521 4590 803 4661; x_wconf 79' lang='lat' dir='ltr'><strong>diligenter</strong></span> <span class='ocrx_word' id='word_1_377' title='bbox 864 4594 1060 4664; x_wconf 84' lang='lat' dir='ltr'><strong>aspice.</strong></span> <span class='ocrx_word' id='word_1_378' title='bbox 1112 4595 1255 4652; x_wconf 79' lang='lat' dir='ltr'><strong>Tum:</strong></span> <span class='ocrx_word' id='word_1_379' title='bbox 1309 4612 1534 4672; x_wconf 88' lang='lat' dir='ltr'><strong>erumpet</strong></span> <span class='ocrx_word' id='word_1_380' title='bbox 1582 4608 1881 4662; x_wconf 81' lang='lat' dir='ltr'><strong>matutinum</strong></span> <span class='ocrx_word' id='word_1_381' title='bbox 1931 4610 2098 4665; x_wconf 82' lang='lat' dir='ltr'><strong>lumen</strong></span> 
     </span>
    </p>
   </div>
   <div class='ocr_carea' id='block_1_48' title="bbox 525 4686 2098 4763">
    <p class='ocr_par' dir='ltr' id='par_1_48' title="bbox 525 4686 2098 4763">
     <span class='ocr_line' id='line_1_48' title="bbox 525 4686 2098 4763; baseline 0.017 -28"><span class='ocrx_word' id='word_1_382' title='bbox 525 4691 685 4737; x_wconf 80' lang='lat' dir='ltr'><strong>tuum.</strong></span> <span class='ocrx_word' id='word_1_383' title='bbox 742 4686 932 4742; x_wconf 78' lang='lat' dir='ltr'><strong>Annon</strong></span> <span class='ocrx_word' id='word_1_384' title='bbox 983 4687 1196 4745; x_wconf 88' lang='lat' dir='ltr'><strong>videtur</strong></span> <span class='ocrx_word' id='word_1_385' title='bbox 1237 4707 1399 4748; x_wconf 88' lang='lat' dir='ltr'><strong>unum</strong></span> <span class='ocrx_word' id='word_1_386' title='bbox 1441 4709 1560 4752; x_wconf 89' lang='lat' dir='ltr'><strong>esse</strong></span> <span class='ocrx_word' id='word_1_387' title='bbox 1587 4696 1950 4759; x_wconf 65' lang='lat' dir='ltr'><strong>donumYSed</strong></span> <span class='ocrx_word' id='word_1_388' title='bbox 1991 4721 2098 4763; x_wconf 91' lang='lat' dir='ltr'><strong>non</strong></span> 
     </span>
    </p>
   </div>
   <div class='ocr_carea' id='block_1_49' title="bbox 525 4781 2095 4868">
    <p class='ocr_par' dir='ltr' id='par_1_49' title="bbox 525 4781 2095 4868">
     <span class='ocr_line' id='line_1_49' title="bbox 525 4781 2095 4868; baseline 0.02 -42"><span class='ocrx_word' id='word_1_389' title='bbox 525 4788 691 4829; x_wconf 89' lang='lat' dir='ltr'><strong>unum</strong></span> <span class='ocrx_word' id='word_1_390' title='bbox 720 4784 838 4832; x_wconf 88' lang='lat' dir='ltr'><strong>est:</strong></span> <span class='ocrx_word' id='word_1_391' title='bbox 861 4793 986 4835; x_wconf 91' lang='lat' dir='ltr'><strong>nam</strong></span> <span class='ocrx_word' id='word_1_392' title='bbox 1012 4781 1177 4838; x_wconf 83' lang='lat' dir='ltr'><strong>multa</strong></span> <span class='ocrx_word' id='word_1_393' title='bbox 1214 4783 1356 4840; x_wconf 88' lang='lat' dir='ltr'><strong>intus</strong></span> <span class='ocrx_word' id='word_1_394' title='bbox 1385 4785 1544 4844; x_wconf 88' lang='lat' dir='ltr'><strong>habet</strong></span> <span class='ocrx_word' id='word_1_395' title='bbox 1569 4789 1772 4858; x_wconf 87' lang='lat' dir='ltr'><strong>bravia,</strong></span> <span class='ocrx_word' id='word_1_396' title='bbox 1825 4808 2054 4856; x_wconf 86' lang='lat' dir='ltr'><strong>coronas</strong></span> <span class='ocrx_word' id='word_1_397' title='bbox 2079 4841 2095 4868; x_wconf 93' lang='lat'><strong>,</strong></span> 
     </span>
    </p>
   </div>
   <div class='ocr_carea' id='block_1_50' title="bbox 1250 354 3057 419">
    <p class='ocr_par' dir='ltr' id='par_1_50' title="bbox 1250 354 3057 419">
     <span class='ocr_line' id='line_1_50' title="bbox 1250 354 3057 419; baseline -0.003 -1"><span class='ocrx_word' id='word_1_398' title='bbox 1250 363 1306 419; x_wconf 89' lang='lat' dir='ltr'><strong>S.</strong></span> <span class='ocrx_word' id='word_1_399' title='bbox 1346 361 1618 418; x_wconf 72' lang='lat' dir='ltr'><strong>JOANNIS</strong></span> <span class='ocrx_word' id='word_1_400' title='bbox 1654 357 2132 419; x_wconf 65' lang='lat' dir='ltr'><strong>CHRYSOSTOMI</strong></span> <span class='ocrx_word' id='word_1_401' title='bbox 2173 354 2484 412; x_wconf 69' lang='lat' dir='ltr'><strong>ARUIHEP.</strong></span> <span class='ocrx_word' id='word_1_402' title='bbox 2526 356 3057 415; x_wconf 76' lang='lat' dir='ltr'><strong>CONSTANTINOP.</strong></span> 
     </span>
    </p>
   </div>
   <div class='ocr_carea' id='block_1_51' title="bbox 3707 355 3810 413">
    <p class='ocr_par' dir='ltr' id='par_1_51' title="bbox 3707 355 3810 413">
     <span class='ocr_line' id='line_1_51' title="bbox 3707 355 3810 413; baseline -0.01 0"><span class='ocrx_word' id='word_1_403' title='bbox 3707 355 3810 413; x_wconf 77' lang='lat' dir='ltr'><strong>5l0</strong></span> 
     </span>
    </p>
   </div>
   <div class='ocr_carea' id='block_1_52' title="bbox 2218 470 3810 542">
    <p class='ocr_par' dir='ltr' id='par_1_52' title="bbox 2218 470 3810 542">
     <span class='ocr_line' id='line_1_52' title="bbox 2218 470 3810 542; baseline 0.001 -16"><span class='ocrx_word' id='word_1_404' title='bbox 2218 482 2516 542; x_wconf 59' lang='lat' dir='ltr'><strong>casteraque</strong></span> <span class='ocrx_word' id='word_1_405' title='bbox 2545 474 2778 542; x_wconf 76' lang='lat' dir='ltr'><strong>praemia.</strong></span> <span class='ocrx_word' id='word_1_406' title='bbox 2798 473 2992 541; x_wconf 89' lang='lat' dir='ltr'><strong>Quare,</strong></span> <span class='ocrx_word' id='word_1_407' title='bbox 3017 473 3060 527; x_wconf 88' lang='lat' dir='ltr'><strong>si</strong></span> <span class='ocrx_word' id='word_1_408' title='bbox 3089 472 3278 542; x_wconf 87' lang='lat' dir='ltr'><strong>placet,</strong></span> <span class='ocrx_word' id='word_1_409' title='bbox 3310 471 3393 526; x_wconf 87' lang='lat' dir='ltr'><strong>his</strong></span> <span class='ocrx_word' id='word_1_410' title='bbox 3409 470 3671 527; x_wconf 88' lang='lat' dir='ltr'><strong>revolutis</strong></span> <span class='ocrx_word' id='word_1_411' title='bbox 3697 474 3810 528; x_wconf 85' lang='lat' dir='ltr'><strong>sin-</strong></span> 
     </span>
    </p>
   </div>
   <div class='ocr_carea' id='block_1_53' title="bbox 2219 561 3809 634">
    <p class='ocr_par' dir='ltr' id='par_1_53' title="bbox 2219 561 3809 634">
     <span class='ocr_line' id='line_1_53' title="bbox 2219 561 3809 634; baseline 0 -17"><span class='ocrx_word' id='word_1_412' title='bbox 2219 564 2434 634; x_wconf 88' lang='lat' dir='ltr'><strong>gulatim</strong></span> <span class='ocrx_word' id='word_1_413' title='bbox 2458 564 2669 618; x_wconf 85' lang='lat' dir='ltr'><strong>divitias</strong></span> <span class='ocrx_word' id='word_1_414' title='bbox 2694 564 2851 619; x_wconf 86' lang='lat' dir='ltr'><strong>hasce</strong></span> <span class='ocrx_word' id='word_1_415' title='bbox 2874 563 3244 630; x_wconf 88' lang='lat' dir='ltr'><strong>exhibeamus,</strong></span> <span class='ocrx_word' id='word_1_416' title='bbox 3265 572 3520 633; x_wconf 90' lang='lat' dir='ltr'><strong>quantum</strong></span> <span class='ocrx_word' id='word_1_417' title='bbox 3559 561 3639 616; x_wconf 83' lang='lat' dir='ltr'><strong>fas</strong></span> <span class='ocrx_word' id='word_1_418' title='bbox 3668 565 3809 630; x_wconf 83' lang='lat' dir='ltr'><strong>erit;</strong></span> 
     </span>
    </p>
   </div>
   <div class='ocr_carea' id='block_1_54' title="bbox 2219 652 3809 724">
    <p class='ocr_par' dir='ltr' id='par_1_54' title="bbox 2219 652 3809 724">
     <span class='ocr_line' id='line_1_54' title="bbox 2219 652 3809 724; baseline -0.001 -16"><span class='ocrx_word' id='word_1_419' title='bbox 2219 662 2419 708; x_wconf 81' lang='lat' dir='ltr'><strong>tantum</strong></span> <span class='ocrx_word' id='word_1_420' title='bbox 2437 670 2502 708; x_wconf 91' lang='lat' dir='ltr'><strong>ne</strong></span> <span class='ocrx_word' id='word_1_421' title='bbox 2519 654 2793 710; x_wconf 71' lang='lat' dir='ltr'><strong>deficiatis.</strong></span> <span class='ocrx_word' id='word_1_422' title='bbox 2813 655 2890 708; x_wconf 81' lang='lat' dir='ltr'><strong>Ac</strong></span> <span class='ocrx_word' id='word_1_423' title='bbox 2911 653 3369 722; x_wconf 88' lang='lat' dir='ltr'><strong>primo&#39;discamus</strong></span> <span class='ocrx_word' id='word_1_424' title='bbox 3393 653 3519 724; x_wconf 90' lang='lat' dir='ltr'><strong>quid</strong></span> <span class='ocrx_word' id='word_1_425' title='bbox 3547 652 3621 706; x_wconf 86' lang='lat' dir='ltr'><strong>sit</strong></span> <span class='ocrx_word' id='word_1_426' title='bbox 3649 653 3809 721; x_wconf 90' lang='lat' dir='ltr'><strong>illud,</strong></span> 
     </span>
    </p>
   </div>
   <div class='ocr_carea' id='block_1_55' title="bbox 2217 741 3809 816">
    <p class='ocr_par' dir='ltr' id='par_1_55' title="bbox 2217 741 3809 816">
     <span class='ocr_line' id='line_1_55' title="bbox 2217 741 3809 816; baseline -0.001 -19"><span class='ocrx_word' id='word_1_427' title='bbox 2217 742 2480 814; x_wconf 82' lang='lat' dir='ltr'><strong>Erumpe‘t.</strong></span> <span class='ocrx_word' id='word_1_428' title='bbox 2503 743 2686 816; x_wconf 87' lang='lat' dir='ltr'><strong>Neque</strong></span> <span class='ocrx_word' id='word_1_429' title='bbox 2708 745 2848 801; x_wconf 89' lang='lat' dir='ltr'><strong>enim</strong></span> <span class='ocrx_word' id='word_1_430' title='bbox 2876 744 3024 809; x_wconf 81' lang='lat' dir='ltr'><strong>dixit,</strong></span> <span class='ocrx_word' id='word_1_431' title='bbox 3053 743 3360 814; x_wconf 84' lang='lat' dir='ltr'><strong>Apparebit,</strong></span> <span class='ocrx_word' id='word_1_432' title='bbox 3389 743 3505 808; x_wconf 86' lang='lat' dir='ltr'><strong>sed.</strong></span> <span class='ocrx_word' id='word_1_433' title='bbox 3530 741 3809 812; x_wconf 85' lang='lat' dir='ltr'><strong>Erumpet,</strong></span> 
     </span>
    </p>
   </div>
   <div class='ocr_carea' id='block_1_56' title="bbox 2215 829 3809 907">
    <p class='ocr_par' dir='ltr' id='par_1_56' title="bbox 2215 829 3809 907">
     <span class='ocr_line' id='line_1_56' title="bbox 2215 829 3809 907; baseline 0.001 -17"><span class='ocrx_word' id='word_1_434' title='bbox 2215 846 2271 891; x_wconf 89' lang='lat' dir='ltr'><strong>et</strong></span> <span class='ocrx_word' id='word_1_435' title='bbox 2297 837 2622 892; x_wconf 86' lang='lat' dir='ltr'><strong>celeritatem</strong></span> <span class='ocrx_word' id='word_1_436' title='bbox 2645 846 2700 893; x_wconf 91' lang='lat' dir='ltr'><strong>et</strong></span> <span class='ocrx_word' id='word_1_437' title='bbox 2726 839 2930 907; x_wconf 89' lang='lat' dir='ltr'><strong>copiam</strong></span> <span class='ocrx_word' id='word_1_438' title='bbox 2964 836 3116 891; x_wconf 91' lang='lat' dir='ltr'><strong>nobis</strong></span> <span class='ocrx_word' id='word_1_439' title='bbox 3143 829 3395 903; x_wconf 75' lang='lat' dir='ltr'><strong>ostendit,</strong></span> <span class='ocrx_word' id='word_1_440' title='bbox 3445 843 3499 892; x_wconf 91' lang='lat' dir='ltr'><strong>et</strong></span> <span class='ocrx_word' id='word_1_441' title='bbox 3539 837 3809 907; x_wconf 75' lang='lat' dir='ltr'><strong>quantum</strong></span> 
     </span>
    </p>
   </div>
   <div class='ocr_carea' id='block_1_57' title="bbox 2215 927 3810 998">
    <p class='ocr_par' dir='ltr' id='par_1_57' title="bbox 2215 927 3810 998">
     <span class='ocr_line' id='line_1_57' title="bbox 2215 927 3810 998; baseline 0.001 -17"><span class='ocrx_word' id='word_1_442' title='bbox 2215 927 2436 982; x_wconf 88' lang='lat' dir='ltr'><strong>salutem</strong></span> <span class='ocrx_word' id='word_1_443' title='bbox 2475 938 2711 983; x_wconf 88' lang='lat' dir='ltr'><strong>nostram</strong></span> <span class='ocrx_word' id='word_1_444' title='bbox 2754 927 3021 983; x_wconf 87' lang='lat' dir='ltr'><strong>desideret</strong></span> <span class='ocrx_word' id='word_1_445' title='bbox 3041 936 3096 982; x_wconf 90' lang='lat' dir='ltr'><strong>et</strong></span> <span class='ocrx_word' id='word_1_446' title='bbox 3126 942 3282 997; x_wconf 89' lang='lat' dir='ltr'><strong>quam</strong></span> <span class='ocrx_word' id='word_1_447' title='bbox 3319 928 3512 998; x_wconf 87' lang='lat' dir='ltr'><strong>gestiat</strong></span> <span class='ocrx_word' id='word_1_448' title='bbox 3541 927 3682 982; x_wconf 89' lang='lat' dir='ltr'><strong>bona</strong></span> <span class='ocrx_word' id='word_1_449' title='bbox 3718 927 3810 982; x_wconf 87' lang='lat' dir='ltr'><strong>i!la</strong></span> 
     </span>
    </p>
   </div>
   <div class='ocr_carea' id='block_1_58' title="bbox 2215 1004 3804 1088">
    <p class='ocr_par' dir='ltr' id='par_1_58' title="bbox 2215 1004 3804 1088">
     <span class='ocr_line' id='line_1_58' title="bbox 2215 1004 3804 1088; baseline 0.001 -18"><span class='ocrx_word' id='word_1_450' title='bbox 2215 1017 2480 1086; x_wconf 87' lang='lat' dir='ltr'><strong>proferri,</strong></span> <span class='ocrx_word' id='word_1_451' title='bbox 2515 1017 2754 1088; x_wconf 88' lang='lat' dir='ltr'><strong>nihilque</strong></span> <span class='ocrx_word' id='word_1_452' title='bbox 2803 1004 2922 1073; x_wconf 79' lang='lat' dir='ltr'><strong>esse</strong></span> <span class='ocrx_word' id='word_1_453' title='bbox 2976 1016 3115 1088; x_wconf 88' lang='lat' dir='ltr'><strong>quod</strong></span> <span class='ocrx_word' id='word_1_454' title='bbox 3161 1017 3479 1073; x_wconf 70' lang='lat' dir='ltr'><strong>ineffabilem</strong></span> <span class='ocrx_word' id='word_1_455' title='bbox 3537 1017 3804 1086; x_wconf 91' lang='lat' dir='ltr'><strong>impetum</strong></span> 
     </span>
    </p>
   </div>
   <div class='ocr_carea' id='block_1_59' title="bbox 2213 1108 3806 1180">
    <p class='ocr_par' dir='ltr' id='par_1_59' title="bbox 2213 1108 3806 1180">
     <span class='ocr_line' id='line_1_59' title="bbox 2213 1108 3806 1180; baseline 0.001 -17"><span class='ocrx_word' id='word_1_456' title='bbox 2213 1117 2457 1163; x_wconf 88' lang='lat' dir='ltr'><strong>coerceat</strong></span> <span class='ocrx_word' id='word_1_457' title='bbox 2500 1129 2514 1164; x_wconf 89' lang='lat'>:</span> <span class='ocrx_word' id='word_1_458' title='bbox 2562 1109 2754 1180; x_wconf 86' lang='lat' dir='ltr'><strong>quibus</strong></span> <span class='ocrx_word' id='word_1_459' title='bbox 2801 1108 3047 1163; x_wconf 89' lang='lat' dir='ltr'><strong>omnibus</strong></span> <span class='ocrx_word' id='word_1_460' title='bbox 3091 1108 3349 1162; x_wconf 75' lang='lat' dir='ltr'><strong>immensa</strong></span> <span class='ocrx_word' id='word_1_461' title='bbox 3398 1123 3584 1163; x_wconf 85' lang='lat' dir='ltr'><strong>eorum</strong></span> <span class='ocrx_word' id='word_1_462' title='bbox 3643 1111 3806 1178; x_wconf 90' lang='lat' dir='ltr'><strong>copia</strong></span> 
     </span>
    </p>
   </div>
   <div class='ocr_carea' id='block_1_60' title="bbox 2213 1199 3803 1269">
    <p class='ocr_par' dir='ltr' id='par_1_60' title="bbox 2213 1199 3803 1269">
     <span class='ocr_line' id='line_1_60' title="bbox 2213 1199 3803 1269; baseline 0 -15"><span class='ocrx_word' id='word_1_463' title='bbox 2213 1201 2525 1256; x_wconf 88' lang='lat' dir='ltr'><strong>ostenditur.</strong></span> <span class='ocrx_word' id='word_1_464' title='bbox 2552 1201 2688 1269; x_wconf 88' lang='lat' dir='ltr'><strong>Quid</strong></span> <span class='ocrx_word' id='word_1_465' title='bbox 2716 1208 2893 1256; x_wconf 88' lang='lat' dir='ltr'><strong>autem</strong></span> <span class='ocrx_word' id='word_1_466' title='bbox 2924 1199 3052 1256; x_wconf 90' lang='lat' dir='ltr'><strong>illud</strong></span> <span class='ocrx_word' id='word_1_467' title='bbox 3081 1208 3164 1255; x_wconf 89' lang='lat' dir='ltr'><strong>est</strong></span> <span class='ocrx_word' id='word_1_468' title='bbox 3183 1241 3199 1268; x_wconf 89' lang='lat'><strong>,</strong></span> <span class='ocrx_word' id='word_1_469' title='bbox 3230 1199 3535 1254; x_wconf 70' lang='lat' dir='ltr'><strong>Matutinum</strong></span> <span class='ocrx_word' id='word_1_470' title='bbox 3556 1200 3582 1253; x_wconf 70' lang='lat'><strong>.9</strong></span> <span class='ocrx_word' id='word_1_471' title='bbox 3609 1199 3667 1255; x_wconf 92' lang='lat' dir='ltr'><strong>ld</strong></span> <span class='ocrx_word' id='word_1_472' title='bbox 3692 1211 3803 1264; x_wconf 82' lang='lat' dir='ltr'><strong>est,</strong></span> 
     </span>
    </p>
   </div>
   <div class='ocr_carea' id='block_1_61' title="bbox 2212 1292 3802 1367">
    <p class='ocr_par' dir='ltr' id='par_1_61' title="bbox 2212 1292 3802 1367">
     <span class='ocr_line' id='line_1_61' title="bbox 2212 1292 3802 1367; baseline 0.002 -22"><span class='ocrx_word' id='word_1_473' title='bbox 2212 1305 2318 1346; x_wconf 92' lang='lat' dir='ltr'><strong>non</strong></span> <span class='ocrx_word' id='word_1_474' title='bbox 2359 1299 2480 1360; x_wconf 87' lang='lat' dir='ltr'><strong>post</strong></span> <span class='ocrx_word' id='word_1_475' title='bbox 2509 1292 2856 1346; x_wconf 88' lang='lat' dir='ltr'><strong>tentationum</strong></span> <span class='ocrx_word' id='word_1_476' title='bbox 2887 1292 3174 1367; x_wconf 85' lang='lat' dir='ltr'><strong>certamina</strong></span> <span class='ocrx_word' id='word_1_477' title='bbox 3205 1332 3219 1354; x_wconf 86' lang='lat'><strong>,</strong></span> <span class='ocrx_word' id='word_1_478' title='bbox 3250 1305 3349 1346; x_wconf 87' lang='lat' dir='ltr'><strong>nec</strong></span> <span class='ocrx_word' id='word_1_479' title='bbox 3375 1303 3491 1359; x_wconf 87' lang='lat' dir='ltr'><strong>post</strong></span> <span class='ocrx_word' id='word_1_480' title='bbox 3529 1293 3802 1348; x_wconf 89' lang='lat' dir='ltr'><strong>malorum</strong></span> 
     </span>
    </p>
   </div>
   <div class='ocr_carea' id='block_1_62' title="bbox 2214 1381 3800 1451">
    <p class='ocr_par' dir='ltr' id='par_1_62' title="bbox 2214 1381 3800 1451">
     <span class='ocr_line' id='line_1_62' title="bbox 2214 1381 3800 1451; baseline 0.002 -16"><span class='ocrx_word' id='word_1_481' title='bbox 2214 1383 2482 1437; x_wconf 86' lang='lat' dir='ltr'><strong>incursum</strong></span> <span class='ocrx_word' id='word_1_482' title='bbox 2513 1399 2528 1447; x_wconf 92' lang='lat'>;</span> <span class='ocrx_word' id='word_1_483' title='bbox 2565 1381 2658 1438; x_wconf 87' lang='lat' dir='ltr'><strong>sed</strong></span> <span class='ocrx_word' id='word_1_484' title='bbox 2689 1381 2804 1436; x_wconf 61' lang='lat' dir='ltr'><strong>haec</strong></span> <span class='ocrx_word' id='word_1_485' title='bbox 2829 1383 3113 1451; x_wconf 74' lang='lat' dir='ltr'><strong>praevenit.</strong></span> <span class='ocrx_word' id='word_1_486' title='bbox 3164 1381 3622 1448; x_wconf 88' lang='lat' dir='ltr'><strong>Quemadmodum</strong></span> <span class='ocrx_word' id='word_1_487' title='bbox 3650 1386 3800 1438; x_wconf 88' lang='lat' dir='ltr'><strong>enim</strong></span> 
     </span>
    </p>
   </div>
   <div class='ocr_carea' id='block_1_63' title="bbox 2213 1471 3803 1543">
    <p class='ocr_par' dir='ltr' id='par_1_63' title="bbox 2213 1471 3803 1543">
     <span class='ocr_line' id='line_1_63' title="bbox 2213 1471 3803 1543; baseline 0.001 -15"><span class='ocrx_word' id='word_1_488' title='bbox 2213 1474 2263 1528; x_wconf 90' lang='lat' dir='ltr'><strong>in</strong></span> <span class='ocrx_word' id='word_1_489' title='bbox 2287 1473 2548 1528; x_wconf 88' lang='lat' dir='ltr'><strong>fructibus</strong></span> <span class='ocrx_word' id='word_1_490' title='bbox 2575 1473 2890 1526; x_wconf 86' lang='lat' dir='ltr'><strong>matutinum</strong></span> <span class='ocrx_word' id='word_1_491' title='bbox 2916 1472 3142 1526; x_wconf 91' lang='lat' dir='ltr'><strong>dicimus</strong></span> <span class='ocrx_word' id='word_1_492' title='bbox 3186 1471 3238 1527; x_wconf 90' lang='lat' dir='ltr'><strong>id</strong></span> <span class='ocrx_word' id='word_1_493' title='bbox 3267 1471 3405 1541; x_wconf 87' lang='lat' dir='ltr'><strong>quod</strong></span> <span class='ocrx_word' id='word_1_494' title='bbox 3431 1482 3555 1528; x_wconf 83' lang='lat' dir='ltr'><strong>ante</strong></span> <span class='ocrx_word' id='word_1_495' title='bbox 3582 1481 3803 1543; x_wconf 82' lang='lat' dir='ltr'><strong>tempus</strong></span> 
     </span>
    </p>
   </div>
   <div class='ocr_carea' id='block_1_64' title="bbox 2209 1560 3800 1638">
    <p class='ocr_par' dir='ltr' id='par_1_64' title="bbox 2209 1560 3800 1638">
     <span class='ocr_line' id='line_1_64' title="bbox 2209 1560 3800 1638; baseline 0.001 -21"><span class='ocrx_word' id='word_1_496' title='bbox 2209 1571 2448 1638; x_wconf 78' lang='lat' dir='ltr'><strong>apparet,</strong></span> <span class='ocrx_word' id='word_1_497' title='bbox 2479 1561 2555 1616; x_wconf 88' lang='lat' dir='ltr'><strong>sic</strong></span> <span class='ocrx_word' id='word_1_498' title='bbox 2583 1570 2638 1616; x_wconf 89' lang='lat' dir='ltr'><strong>et</strong></span> <span class='ocrx_word' id='word_1_499' title='bbox 2665 1560 2765 1615; x_wconf 90' lang='lat' dir='ltr'><strong>hoc</strong></span> <span class='ocrx_word' id='word_1_500' title='bbox 2785 1562 2918 1626; x_wconf 91' lang='lat' dir='ltr'><strong>loco,</strong></span> <span class='ocrx_word' id='word_1_501' title='bbox 2939 1562 3260 1616; x_wconf 83' lang='lat' dir='ltr'><strong>celeritatem</strong></span> <span class='ocrx_word' id='word_1_502' title='bbox 3288 1578 3471 1618; x_wconf 86' lang='lat' dir='ltr'><strong>rursus</strong></span> <span class='ocrx_word' id='word_1_503' title='bbox 3500 1563 3800 1618; x_wconf 85' lang='lat' dir='ltr'><strong>ostendens</strong></span> 
     </span>
    </p>
   </div>
   <div class='ocr_carea' id='block_1_65' title="bbox 2211 1651 3798 1722">
    <p class='ocr_par' dir='ltr' id='par_1_65' title="bbox 2211 1651 3798 1722">
     <span class='ocr_line' id='line_1_65' title="bbox 2211 1651 3798 1722; baseline -0.001 -14"><span class='ocrx_word' id='word_1_504' title='bbox 2211 1654 2282 1708; x_wconf 89' lang='lat' dir='ltr'><strong>ita</strong></span> <span class='ocrx_word' id='word_1_505' title='bbox 2309 1651 2463 1716; x_wconf 81' lang='lat' dir='ltr'><strong>dixit,</strong></span> <span class='ocrx_word' id='word_1_506' title='bbox 2493 1661 2551 1706; x_wconf 90' lang='lat' dir='ltr'><strong>ut</strong></span> <span class='ocrx_word' id='word_1_507' title='bbox 2598 1655 2754 1722; x_wconf 82' lang='lat' dir='ltr'><strong>supra</strong></span> <span class='ocrx_word' id='word_1_508' title='bbox 2781 1651 2989 1706; x_wconf 87' lang='lat' dir='ltr'><strong>diccbat</strong></span> <span class='ocrx_word' id='word_1_509' title='bbox 3018 1670 3032 1705; x_wconf 90' lang='lat'><strong>:</strong></span> <span class='ocrx_word' id='word_1_510' title='bbox 3060 1653 3239 1706; x_wconf 81' lang='lat' dir='ltr'><strong>Adhuc</strong></span> <span class='ocrx_word' id='word_1_511' title='bbox 3267 1662 3314 1707; x_wconf 90' lang='lat' dir='ltr'><strong>te</strong></span> <span class='ocrx_word' id='word_1_512' title='bbox 3335 1653 3567 1722; x_wconf 77' lang='lat' dir='ltr'><strong>loquente</strong></span> <span class='ocrx_word' id='word_1_513' title='bbox 3587 1656 3757 1708; x_wconf 81' lang='lat' dir='ltr'><strong>dicam</strong></span> <span class='ocrx_word' id='word_1_514' title='bbox 3780 1693 3798 1719; x_wconf 90' lang='lat'><strong>,</strong></span> 
     </span>
    </p>
   </div>
   <div class='ocr_carea' id='block_1_66' title="bbox 2209 1743 3794 1814">
    <p class='ocr_par' dir='ltr' id='par_1_66' title="bbox 2209 1743 3794 1814">
     <span class='ocr_line' id='line_1_66' title="bbox 2209 1743 3794 1814; baseline 0.003 -17"><span class='ocrx_word' id='word_1_515' title='bbox 2209 1743 2343 1799; x_wconf 78' lang='lat' dir='ltr'><strong>Ecce</strong></span> <span class='ocrx_word' id='word_1_516' title='bbox 2377 1745 2576 1798; x_wconf 85' lang='lat' dir='ltr'><strong>adsum.</strong></span> <span class='ocrx_word' id='word_1_517' title='bbox 2609 1743 2760 1811; x_wconf 86' lang='lat' dir='ltr'><strong>Quod</strong></span> <span class='ocrx_word' id='word_1_518' title='bbox 2791 1743 2964 1798; x_wconf 89' lang='lat' dir='ltr'><strong>lumen</strong></span> <span class='ocrx_word' id='word_1_519' title='bbox 2991 1743 3153 1810; x_wconf 89' lang='lat' dir='ltr'><strong>dicit,</strong></span> <span class='ocrx_word' id='word_1_520' title='bbox 3183 1743 3340 1814; x_wconf 85' lang='lat' dir='ltr'><strong>quale</strong></span> <span class='ocrx_word' id='word_1_521' title='bbox 3365 1744 3579 1800; x_wconf 86' lang='lat' dir='ltr'><strong>tandem</strong></span> <span class='ocrx_word' id='word_1_522' title='bbox 3606 1745 3794 1810; x_wconf 81' lang='lat' dir='ltr'><strong>lumen</strong></span> 
     </span>
    </p>
   </div>
   <div class='ocr_carea' id='block_1_67' title="bbox 2208 1833 3798 1904">
    <p class='ocr_par' dir='ltr' id='par_1_67' title="bbox 2208 1833 3798 1904">
     <span class='ocr_line' id='line_1_67' title="bbox 2208 1833 3798 1904; baseline 0.001 -14"><span class='ocrx_word' id='word_1_523' title='bbox 2208 1834 2327 1890; x_wconf 87' lang='lat' dir='ltr'><strong>est?</strong></span> <span class='ocrx_word' id='word_1_524' title='bbox 2369 1833 2484 1889; x_wconf 86' lang='lat' dir='ltr'><strong>Non</strong></span> <span class='ocrx_word' id='word_1_525' title='bbox 2529 1834 2631 1888; x_wconf 88' lang='lat' dir='ltr'><strong>hoc</strong></span> <span class='ocrx_word' id='word_1_526' title='bbox 2675 1834 2903 1901; x_wconf 88' lang='lat' dir='ltr'><strong>sensile,</strong></span> <span class='ocrx_word' id='word_1_527' title='bbox 2935 1833 3030 1888; x_wconf 87' lang='lat' dir='ltr'><strong>sed</strong></span> <span class='ocrx_word' id='word_1_528' title='bbox 3059 1834 3200 1889; x_wconf 87' lang='lat' dir='ltr'><strong>aliud</strong></span> <span class='ocrx_word' id='word_1_529' title='bbox 3241 1834 3410 1889; x_wconf 83' lang='lat' dir='ltr'><strong>multo</strong></span> <span class='ocrx_word' id='word_1_530' title='bbox 3451 1837 3798 1904; x_wconf 62' lang='lat' dir='ltr'><strong>prestautins</strong></span> 
     </span>
    </p>
   </div>
   <div class='ocr_carea' id='block_1_68' title="bbox 2206 1923 3798 1996">
    <p class='ocr_par' dir='ltr' id='par_1_68' title="bbox 2206 1923 3798 1996">
     <span class='ocr_line' id='line_1_68' title="bbox 2206 1923 3798 1996; baseline 0.001 -16"><span class='ocrx_word' id='word_1_531' title='bbox 2206 1941 2311 1996; x_wconf 89' lang='lat' dir='ltr'><strong>quo</strong></span> <span class='ocrx_word' id='word_1_532' title='bbox 2337 1925 2522 1980; x_wconf 79' lang='lat' dir='ltr'><strong>caelum</strong></span> <span class='ocrx_word' id='word_1_533' title='bbox 2543 1965 2559 1992; x_wconf 93' lang='lat'><strong>,</strong></span> <span class='ocrx_word' id='word_1_534' title='bbox 2587 1923 2803 1994; x_wconf 86' lang='lat' dir='ltr'><strong>angelos</strong></span> <span class='ocrx_word' id='word_1_535' title='bbox 2822 1965 2837 1990; x_wconf 90' lang='lat'><strong>,</strong></span> <span class='ocrx_word' id='word_1_536' title='bbox 2868 1923 3215 1994; x_wconf 81' lang='lat' dir='ltr'><strong>arcltangelos</strong></span> <span class='ocrx_word' id='word_1_537' title='bbox 3232 1963 3247 1988; x_wconf 90' lang='lat'><strong>,</strong></span> <span class='ocrx_word' id='word_1_538' title='bbox 3273 1923 3562 1980; x_wconf 84' lang='lat' dir='ltr'><strong>Cherubim</strong></span> <span class='ocrx_word' id='word_1_539' title='bbox 3580 1967 3595 1992; x_wconf 88' lang='lat'><strong>,</strong></span> <span class='ocrx_word' id='word_1_540' title='bbox 3625 1925 3798 1981; x_wconf 80' lang='lat' dir='ltr'><strong>Sera-</strong></span> 
     </span>
    </p>
   </div>
   <div class='ocr_carea' id='block_1_69' title="bbox 2209 2013 3797 2085">
    <p class='ocr_par' dir='ltr' id='par_1_69' title="bbox 2209 2013 3797 2085">
     <span class='ocr_line' id='line_1_69' title="bbox 2209 2013 3797 2085; baseline 0.003 -17"><span class='ocrx_word' id='word_1_541' title='bbox 2209 2015 2352 2085; x_wconf 87' lang='lat' dir='ltr'><strong>phim</strong></span> <span class='ocrx_word' id='word_1_542' title='bbox 2373 2055 2390 2082; x_wconf 93' lang='lat'><strong>,</strong></span> <span class='ocrx_word' id='word_1_543' title='bbox 2431 2014 2793 2085; x_wconf 89' lang='lat' dir='ltr'><strong>principatus,</strong></span> <span class='ocrx_word' id='word_1_544' title='bbox 2825 2023 3146 2084; x_wconf 81' lang='lat' dir='ltr'><strong>potestates,</strong></span> <span class='ocrx_word' id='word_1_545' title='bbox 3180 2013 3439 2082; x_wconf 88' lang='lat' dir='ltr'><strong>thronos,</strong></span> <span class='ocrx_word' id='word_1_546' title='bbox 3465 2015 3797 2073; x_wconf 82' lang='lat' dir='ltr'><strong>dominatio-</strong></span> 
     </span>
    </p>
   </div>
   <div class='ocr_carea' id='block_1_70' title="bbox 2206 2105 3796 2175">
    <p class='ocr_par' dir='ltr' id='par_1_70' title="bbox 2206 2105 3796 2175">
     <span class='ocr_line' id='line_1_70' title="bbox 2206 2105 3796 2175; baseline 0.003 -16"><span class='ocrx_word' id='word_1_547' title='bbox 2206 2119 2332 2170; x_wconf 89' lang='lat' dir='ltr'><strong>nes,</strong></span> <span class='ocrx_word' id='word_1_548' title='bbox 2363 2106 2665 2160; x_wconf 88' lang='lat' dir='ltr'><strong>universum</strong></span> <span class='ocrx_word' id='word_1_549' title='bbox 2717 2105 3049 2172; x_wconf 67' lang='lat' dir='ltr'><strong>exercitum,</strong></span> <span class='ocrx_word' id='word_1_550' title='bbox 3078 2105 3250 2175; x_wconf 86' lang='lat' dir='ltr'><strong>regias</strong></span> <span class='ocrx_word' id='word_1_551' title='bbox 3279 2106 3430 2161; x_wconf 88' lang='lat' dir='ltr'><strong>aulas</strong></span> <span class='ocrx_word' id='word_1_552' title='bbox 3457 2116 3512 2162; x_wconf 90' lang='lat' dir='ltr'><strong>et</strong></span> <span class='ocrx_word' id='word_1_553' title='bbox 3544 2109 3796 2164; x_wconf 80' lang='lat' dir='ltr'><strong>taberna-</strong></span> 
     </span>
    </p>
   </div>
   <div class='ocr_carea' id='block_1_71' title="bbox 2207 2194 3794 2266">
    <p class='ocr_par' dir='ltr' id='par_1_71' title="bbox 2207 2194 3794 2266">
     <span class='ocr_line' id='line_1_71' title="bbox 2207 2194 3794 2266; baseline 0.004 -16"><span class='ocrx_word' id='word_1_554' title='bbox 2207 2196 2324 2250; x_wconf 86' lang='lat' dir='ltr'><strong>cula</strong></span> <span class='ocrx_word' id='word_1_555' title='bbox 2355 2195 2617 2250; x_wconf 86' lang='lat' dir='ltr'><strong>videmus.</strong></span> <span class='ocrx_word' id='word_1_556' title='bbox 2642 2194 2773 2249; x_wconf 87' lang='lat' dir='ltr'><strong>Nam</strong></span> <span class='ocrx_word' id='word_1_557' title='bbox 2800 2197 2843 2250; x_wconf 91' lang='lat' dir='ltr'><strong>si</strong></span> <span class='ocrx_word' id='word_1_558' title='bbox 2871 2195 3069 2250; x_wconf 89' lang='lat' dir='ltr'><strong>lumine</strong></span> <span class='ocrx_word' id='word_1_559' title='bbox 3096 2196 3185 2250; x_wconf 93' lang='lat' dir='ltr'><strong>illo</strong></span> <span class='ocrx_word' id='word_1_560' title='bbox 3211 2195 3457 2266; x_wconf 88' lang='lat' dir='ltr'><strong>dignatus</strong></span> <span class='ocrx_word' id='word_1_561' title='bbox 3483 2195 3649 2254; x_wconf 83' lang='lat' dir='ltr'><strong>fueris</strong></span> <span class='ocrx_word' id='word_1_562' title='bbox 3673 2243 3687 2266; x_wconf 92' lang='lat'><strong>,</strong></span> <span class='ocrx_word' id='word_1_563' title='bbox 3735 2211 3794 2256; x_wconf 89' lang='lat' dir='ltr'><strong>et</strong></span> 
     </span>
    </p>
   </div>
   <div class='ocr_carea' id='block_1_72' title="bbox 2205 2283 3790 2355">
    <p class='ocr_par' dir='ltr' id='par_1_72' title="bbox 2205 2283 3790 2355">
     <span class='ocr_line' id='line_1_72' title="bbox 2205 2283 3790 2355; baseline 0.003 -15"><span class='ocrx_word' id='word_1_564' title='bbox 2205 2285 2320 2342; x_wconf 72' lang='lat' dir='ltr'><strong>haec</strong></span> <span class='ocrx_word' id='word_1_565' title='bbox 2340 2285 2544 2340; x_wconf 87' lang='lat' dir='ltr'><strong>videbis</strong></span> <span class='ocrx_word' id='word_1_566' title='bbox 2567 2326 2584 2351; x_wconf 92' lang='lat'><strong>,</strong></span> <span class='ocrx_word' id='word_1_567' title='bbox 2614 2294 2669 2340; x_wconf 88' lang='lat' dir='ltr'><strong>et</strong></span> <span class='ocrx_word' id='word_1_568' title='bbox 2713 2285 2953 2354; x_wconf 89' lang='lat' dir='ltr'><strong>eripieris</strong></span> <span class='ocrx_word' id='word_1_569' title='bbox 2979 2299 3008 2338; x_wconf 90' lang='lat' dir='ltr'><strong>a</strong></span> <span class='ocrx_word' id='word_1_570' title='bbox 3028 2283 3268 2355; x_wconf 91' lang='lat' dir='ltr'><strong>gehenna</strong></span> <span class='ocrx_word' id='word_1_571' title='bbox 3289 2328 3306 2353; x_wconf 91' lang='lat'><strong>,</strong></span> <span class='ocrx_word' id='word_1_572' title='bbox 3336 2301 3366 2340; x_wconf 88' lang='lat' dir='ltr'><strong>a</strong></span> <span class='ocrx_word' id='word_1_573' title='bbox 3413 2301 3596 2342; x_wconf 88' lang='lat' dir='ltr'><strong>verme</strong></span> <span class='ocrx_word' id='word_1_574' title='bbox 3621 2304 3790 2345; x_wconf 80' lang='lat' dir='ltr'><strong>vene-</strong></span> 
     </span>
    </p>
   </div>
   <div class='ocr_carea' id='block_1_73' title="bbox 2205 2375 3788 2449">
    <p class='ocr_par' dir='ltr' id='par_1_73' title="bbox 2205 2375 3788 2449">
     <span class='ocr_line' id='line_1_73' title="bbox 2205 2375 3788 2449; baseline 0.002 -16"><span class='ocrx_word' id='word_1_575' title='bbox 2205 2387 2364 2443; x_wconf 90' lang='lat' dir='ltr'><strong>nato,</strong></span> <span class='ocrx_word' id='word_1_576' title='bbox 2395 2393 2425 2432; x_wconf 87' lang='lat' dir='ltr'><strong>a</strong></span> <span class='ocrx_word' id='word_1_577' title='bbox 2468 2375 2697 2432; x_wconf 84' lang='lat' dir='ltr'><strong>stridore</strong></span> <span class='ocrx_word' id='word_1_578' title='bbox 2746 2375 2982 2431; x_wconf 88' lang='lat' dir='ltr'><strong>dentium</strong></span> <span class='ocrx_word' id='word_1_579' title='bbox 3002 2417 3018 2443; x_wconf 95' lang='lat'><strong>,</strong></span> <span class='ocrx_word' id='word_1_580' title='bbox 3049 2391 3078 2430; x_wconf 93' lang='lat' dir='ltr'><strong>a</strong></span> <span class='ocrx_word' id='word_1_581' title='bbox 3120 2375 3342 2432; x_wconf 81' lang='lat' dir='ltr'><strong>vinculis</strong></span> <span class='ocrx_word' id='word_1_582' title='bbox 3372 2378 3744 2436; x_wconf 79' lang='lat' dir='ltr'><strong>insolubilibus</strong></span> <span class='ocrx_word' id='word_1_583' title='bbox 3771 2422 3788 2449; x_wconf 84' lang='lat'><strong>,</strong></span> 
     </span>
    </p>
   </div>
   <div class='ocr_carea' id='block_1_74' title="bbox 2205 2467 3786 2539">
    <p class='ocr_par' dir='ltr' id='par_1_74' title="bbox 2205 2467 3786 2539">
     <span class='ocr_line' id='line_1_74' title="bbox 2205 2467 3786 2539; baseline 0.001 -16"><span class='ocrx_word' id='word_1_584' title='bbox 2205 2470 2270 2524; x_wconf 90' lang='lat' dir='ltr'><strong>ab</strong></span> <span class='ocrx_word' id='word_1_585' title='bbox 2293 2469 2532 2539; x_wconf 87' lang='lat' dir='ltr'><strong>angustia</strong></span> <span class='ocrx_word' id='word_1_586' title='bbox 2554 2477 2609 2523; x_wconf 92' lang='lat' dir='ltr'><strong>et</strong></span> <span class='ocrx_word' id='word_1_587' title='bbox 2638 2467 2976 2523; x_wconf 88' lang='lat' dir='ltr'><strong>tribulatione</strong></span> <span class='ocrx_word' id='word_1_588' title='bbox 2995 2508 3016 2533; x_wconf 78' lang='lat'><strong>,</strong></span> <span class='ocrx_word' id='word_1_589' title='bbox 3037 2481 3066 2520; x_wconf 90' lang='lat' dir='ltr'><strong>a</strong></span> <span class='ocrx_word' id='word_1_590' title='bbox 3095 2467 3327 2522; x_wconf 88' lang='lat' dir='ltr'><strong>tenebris</strong></span> <span class='ocrx_word' id='word_1_591' title='bbox 3347 2467 3742 2525; x_wconf 86' lang='lat' dir='ltr'><strong>obscurissimis</strong></span> <span class='ocrx_word' id='word_1_592' title='bbox 3765 2510 3786 2537; x_wconf 87' lang='lat'><strong>,</strong></span> 
     </span>
    </p>
   </div>
   <div class='ocr_carea' id='block_1_75' title="bbox 2202 2557 3782 2629">
    <p class='ocr_par' dir='ltr' id='par_1_75' title="bbox 2202 2557 3782 2629">
     <span class='ocr_line' id='line_1_75' title="bbox 2202 2557 3782 2629; baseline 0.001 -14"><span class='ocrx_word' id='word_1_593' title='bbox 2202 2575 2233 2615; x_wconf 90' lang='lat' dir='ltr'><strong>a</strong></span> <span class='ocrx_word' id='word_1_594' title='bbox 2261 2560 2614 2626; x_wconf 88' lang='lat' dir='ltr'><strong>cruciatibus,</strong></span> <span class='ocrx_word' id='word_1_595' title='bbox 2641 2559 2708 2614; x_wconf 89' lang='lat' dir='ltr'><strong>ab</strong></span> <span class='ocrx_word' id='word_1_596' title='bbox 2733 2557 2899 2629; x_wconf 86' lang='lat' dir='ltr'><strong>igneis</strong></span> <span class='ocrx_word' id='word_1_597' title='bbox 2937 2557 3240 2612; x_wconf 81' lang='lat' dir='ltr'><strong>ﬂuminibus</strong></span> <span class='ocrx_word' id='word_1_598' title='bbox 3258 2599 3274 2626; x_wconf 92' lang='lat'><strong>,</strong></span> <span class='ocrx_word' id='word_1_599' title='bbox 3303 2573 3332 2611; x_wconf 90' lang='lat' dir='ltr'><strong>a</strong></span> <span class='ocrx_word' id='word_1_600' title='bbox 3362 2559 3739 2616; x_wconf 84' lang='lat' dir='ltr'><strong>maledictione</strong></span> <span class='ocrx_word' id='word_1_601' title='bbox 3762 2603 3782 2628; x_wconf 86' lang='lat'><strong>,</strong></span> 
     </span>
    </p>
   </div>
   <div class='ocr_carea' id='block_1_76' title="bbox 2203 2648 3784 2721">
    <p class='ocr_par' dir='ltr' id='par_1_76' title="bbox 2203 2648 3784 2721">
     <span class='ocr_line' id='line_1_76' title="bbox 2203 2648 3784 2721; baseline 0.003 -17"><span class='ocrx_word' id='word_1_602' title='bbox 2203 2665 2231 2704; x_wconf 89' lang='lat' dir='ltr'><strong>a</strong></span> <span class='ocrx_word' id='word_1_603' title='bbox 2257 2665 2534 2720; x_wconf 68' lang='lat' dir='ltr'><strong>poenarum</strong></span> <span class='ocrx_word' id='word_1_604' title='bbox 2561 2649 2690 2704; x_wconf 87' lang='lat' dir='ltr'><strong>locis</strong></span> <span class='ocrx_word' id='word_1_605' title='bbox 2715 2665 2729 2715; x_wconf 92' lang='lat'><strong>;</strong></span> <span class='ocrx_word' id='word_1_606' title='bbox 2778 2658 2832 2704; x_wconf 90' lang='lat' dir='ltr'><strong>et</strong></span> <span class='ocrx_word' id='word_1_607' title='bbox 2861 2649 2952 2704; x_wconf 91' lang='lat' dir='ltr'><strong>illo</strong></span> <span class='ocrx_word' id='word_1_608' title='bbox 2978 2663 3167 2719; x_wconf 80' lang='lat' dir='ltr'><strong>perges</strong></span> <span class='ocrx_word' id='word_1_609' title='bbox 3187 2689 3204 2714; x_wconf 91' lang='lat'><strong>,</strong></span> <span class='ocrx_word' id='word_1_610' title='bbox 3245 2648 3334 2702; x_wconf 91' lang='lat' dir='ltr'><strong>ubi</strong></span> <span class='ocrx_word' id='word_1_611' title='bbox 3365 2650 3541 2706; x_wconf 90' lang='lat' dir='ltr'><strong>nullus</strong></span> <span class='ocrx_word' id='word_1_612' title='bbox 3590 2651 3784 2721; x_wconf 88' lang='lat' dir='ltr'><strong>dolor,</strong></span> 
     </span>
    </p>
   </div>
   <div class='ocr_carea' id='block_1_77' title="bbox 2205 2739 3785 2812">
    <p class='ocr_par' dir='ltr' id='par_1_77' title="bbox 2205 2739 3785 2812">
     <span class='ocr_line' id='line_1_77' title="bbox 2205 2739 3785 2812; baseline 0.002 -17"><span class='ocrx_word' id='word_1_613' title='bbox 2205 2756 2405 2796; x_wconf 68' lang='lat' dir='ltr'><strong>maeror</strong></span> <span class='ocrx_word' id='word_1_614' title='bbox 2431 2740 2607 2796; x_wconf 89' lang='lat' dir='ltr'><strong>nullus</strong></span> <span class='ocrx_word' id='word_1_615' title='bbox 2626 2780 2641 2804; x_wconf 89' lang='lat'><strong>,</strong></span> <span class='ocrx_word' id='word_1_616' title='bbox 2671 2739 2766 2796; x_wconf 89' lang='lat' dir='ltr'><strong>sed</strong></span> <span class='ocrx_word' id='word_1_617' title='bbox 2793 2739 2879 2794; x_wconf 89' lang='lat' dir='ltr'><strong>ubi</strong></span> <span class='ocrx_word' id='word_1_618' title='bbox 2911 2741 3133 2794; x_wconf 91' lang='lat' dir='ltr'><strong>multum</strong></span> <span class='ocrx_word' id='word_1_619' title='bbox 3163 2739 3412 2810; x_wconf 85' lang='lat' dir='ltr'><strong>gaudium</strong></span> <span class='ocrx_word' id='word_1_620' title='bbox 3436 2781 3452 2807; x_wconf 94' lang='lat'><strong>,</strong></span> <span class='ocrx_word' id='word_1_621' title='bbox 3481 2756 3582 2812; x_wconf 88' lang='lat' dir='ltr'><strong>pax</strong></span> <span class='ocrx_word' id='word_1_622' title='bbox 3601 2783 3618 2808; x_wconf 96' lang='lat'><strong>,</strong></span> <span class='ocrx_word' id='word_1_623' title='bbox 3639 2744 3785 2798; x_wconf 52' lang='lat' dir='ltr'><strong>cari-</strong></span> 
     </span>
    </p>
   </div>
   <div class='ocr_carea' id='block_1_78' title="bbox 2206 2834 3785 2907">
    <p class='ocr_par' dir='ltr' id='par_1_78' title="bbox 2206 2834 3785 2907">
     <span class='ocr_line' id='line_1_78' title="bbox 2206 2834 3785 2907; baseline 0.001 -17"><span class='ocrx_word' id='word_1_624' title='bbox 2206 2844 2306 2900; x_wconf 86' lang='lat' dir='ltr'><strong>tas,</strong></span> <span class='ocrx_word' id='word_1_625' title='bbox 2335 2835 2537 2902; x_wconf 78' lang='lat' dir='ltr'><strong>laetitia,</strong></span> <span class='ocrx_word' id='word_1_626' title='bbox 2569 2835 2774 2889; x_wconf 75' lang='lat' dir='ltr'><strong>deliciae</strong></span> <span class='ocrx_word' id='word_1_627' title='bbox 2807 2850 2822 2888; x_wconf 89' lang='lat'><strong>:</strong></span> <span class='ocrx_word' id='word_1_628' title='bbox 2855 2834 2944 2890; x_wconf 90' lang='lat' dir='ltr'><strong>ubi</strong></span> <span class='ocrx_word' id='word_1_629' title='bbox 2973 2835 3073 2889; x_wconf 89' lang='lat' dir='ltr'><strong>vita</strong></span> <span class='ocrx_word' id='word_1_630' title='bbox 3100 2845 3322 2902; x_wconf 68' lang='lat' dir='ltr'><strong>mterna,</strong></span> <span class='ocrx_word' id='word_1_631' title='bbox 3345 2836 3511 2907; x_wconf 88' lang='lat' dir='ltr'><strong>gloria</strong></span> <span class='ocrx_word' id='word_1_632' title='bbox 3537 2835 3785 2892; x_wconf 78' lang='lat' dir='ltr'><strong>ineﬂ‘abi-</strong></span> 
     </span>
    </p>
   </div>
   <div class='ocr_carea' id='block_1_79' title="bbox 2204 2925 3785 2996">
    <p class='ocr_par' dir='ltr' id='par_1_79' title="bbox 2204 2925 3785 2996">
     <span class='ocr_line' id='line_1_79' title="bbox 2204 2925 3785 2996; baseline 0.001 -16"><span class='ocrx_word' id='word_1_633' title='bbox 2204 2927 2303 2991; x_wconf 83' lang='lat' dir='ltr'><strong>lis,</strong></span> <span class='ocrx_word' id='word_1_634' title='bbox 2359 2925 2693 2996; x_wconf 89' lang='lat' dir='ltr'><strong>pulchritudo</strong></span> <span class='ocrx_word' id='word_1_635' title='bbox 2720 2926 3090 2982; x_wconf 87' lang='lat' dir='ltr'><strong>inenarrabilis</strong></span> <span class='ocrx_word' id='word_1_636' title='bbox 3121 2945 3134 2981; x_wconf 92' lang='lat'><strong>:</strong></span> <span class='ocrx_word' id='word_1_637' title='bbox 3167 2927 3254 2982; x_wconf 90' lang='lat' dir='ltr'><strong>tthi</strong></span> <span class='ocrx_word' id='word_1_638' title='bbox 3282 2936 3480 2982; x_wconf 69' lang='lat' dir='ltr'><strong>aeterna</strong></span> <span class='ocrx_word' id='word_1_639' title='bbox 3536 2928 3785 2984; x_wconf 85' lang='lat' dir='ltr'><strong>taberna-</strong></span> 
     </span>
    </p>
   </div>
   <div class='ocr_carea' id='block_1_80' title="bbox 2201 3016 3784 3088">
    <p class='ocr_par' dir='ltr' id='par_1_80' title="bbox 2201 3016 3784 3088">
     <span class='ocr_line' id='line_1_80' title="bbox 2201 3016 3784 3088; baseline 0.001 -19"><span class='ocrx_word' id='word_1_640' title='bbox 2201 3016 2315 3070; x_wconf 88' lang='lat' dir='ltr'><strong>cula</strong></span> <span class='ocrx_word' id='word_1_641' title='bbox 2337 3058 2351 3081; x_wconf 99' lang='lat'><strong>,</strong></span> <span class='ocrx_word' id='word_1_642' title='bbox 2383 3025 2436 3070; x_wconf 91' lang='lat' dir='ltr'><strong>et</strong></span> <span class='ocrx_word' id='word_1_643' title='bbox 2462 3016 2627 3085; x_wconf 88' lang='lat' dir='ltr'><strong>gloria</strong></span> <span class='ocrx_word' id='word_1_644' title='bbox 2656 3016 2814 3086; x_wconf 83' lang='lat' dir='ltr'><strong>Regis</strong></span> <span class='ocrx_word' id='word_1_645' title='bbox 2839 3016 3254 3083; x_wconf 65' lang='lat' dir='ltr'><strong>inaestimabilis,</strong></span> <span class='ocrx_word' id='word_1_646' title='bbox 3287 3027 3445 3088; x_wconf 89' lang='lat' dir='ltr'><strong>atque</strong></span> <span class='ocrx_word' id='word_1_647' title='bbox 3473 3019 3608 3073; x_wconf 85' lang='lat' dir='ltr'><strong>bona</strong></span> <span class='ocrx_word' id='word_1_648' title='bbox 3650 3019 3739 3073; x_wconf 90' lang='lat' dir='ltr'><strong>illa</strong></span> <span class='ocrx_word' id='word_1_649' title='bbox 3767 3062 3784 3085; x_wconf 92' lang='lat'><strong>,</strong></span> 
     </span>
    </p>
   </div>
   <div class='ocr_carea' id='block_1_81' title="bbox 2207 3109 3785 3181">
    <p class='ocr_par' dir='ltr' id='par_1_81' title="bbox 2207 3109 3785 3181">
     <span class='ocr_line' id='line_1_81' title="bbox 2207 3109 3785 3181; baseline 0.003 -20"><span class='ocrx_word' id='word_1_650' title='bbox 2207 3109 2332 3176; x_wconf 69' lang='lat' dir='ltr'><strong>Qui:</strong></span> <span class='ocrx_word' id='word_1_651' title='bbox 2349 3109 2526 3162; x_wconf 85' lang='lat' dir='ltr'><strong>oculus</strong></span> <span class='ocrx_word' id='word_1_652' title='bbox 2555 3125 2654 3163; x_wconf 88' lang='lat' dir='ltr'><strong>non</strong></span> <span class='ocrx_word' id='word_1_653' title='bbox 2679 3109 2821 3175; x_wconf 77' lang='lat' dir='ltr'><strong>vidit,</strong></span> <span class='ocrx_word' id='word_1_654' title='bbox 2859 3111 3000 3163; x_wconf 87' lang='lat' dir='ltr'><strong>auris</strong></span> <span class='ocrx_word' id='word_1_655' title='bbox 3041 3125 3141 3163; x_wconf 86' lang='lat' dir='ltr'><strong>non</strong></span> <span class='ocrx_word' id='word_1_656' title='bbox 3166 3110 3387 3175; x_wconf 83' lang='lat' dir='ltr'><strong>audivit,</strong></span> <span class='ocrx_word' id='word_1_657' title='bbox 3414 3127 3570 3181; x_wconf 79' lang='lat' dir='ltr'><strong>neque</strong></span> <span class='ocrx_word' id='word_1_658' title='bbox 3611 3113 3666 3166; x_wconf 89' lang='lat' dir='ltr'><strong>in</strong></span> <span class='ocrx_word' id='word_1_659' title='bbox 3695 3129 3785 3167; x_wconf 89' lang='lat' dir='ltr'><strong>cor</strong></span> 
     </span>
    </p>
   </div>
   <div class='ocr_carea' id='block_1_82' title="bbox 2203 3198 3786 3272">
    <p class='ocr_par' dir='ltr' id='par_1_82' title="bbox 2203 3198 3786 3272">
     <span class='ocr_line' id='line_1_82' title="bbox 2203 3198 3786 3272; baseline 0.003 -20"><span class='ocrx_word' id='word_1_660' title='bbox 2203 3198 2422 3254; x_wconf 81' lang='lat' dir='ltr'><strong>hominis</strong></span> <span class='ocrx_word' id='word_1_661' title='bbox 2446 3200 2773 3253; x_wconf 84' lang='lat' dir='ltr'><strong>ascenderunt</strong></span> <span class='ocrx_word' id='word_1_662' title='bbox 2801 3199 2892 3272; x_wconf 84' lang='grc'><strong>(1.</strong></span> <span class='ocrx_word' id='word_1_663' title='bbox 2918 3198 3034 3254; x_wconf 88' lang='lat' dir='ltr'><strong>Cor.</strong></span> <span class='ocrx_word' id='word_1_664' title='bbox 3059 3199 3112 3253; x_wconf 73' lang='lat'><strong>2.</strong></span> <span class='ocrx_word' id='word_1_665' title='bbox 3145 3200 3214 3270; x_wconf 83' lang='lat'><strong>9)</strong></span> <span class='ocrx_word' id='word_1_666' title='bbox 3242 3216 3254 3252; x_wconf 93' lang='lat'><strong>:</strong></span> <span class='ocrx_word' id='word_1_667' title='bbox 3300 3201 3387 3255; x_wconf 93' lang='lat' dir='ltr'><strong>ubi</strong></span> <span class='ocrx_word' id='word_1_668' title='bbox 3417 3217 3647 3272; x_wconf 86' lang='lat' dir='ltr'><strong>sponsus</strong></span> <span class='ocrx_word' id='word_1_669' title='bbox 3675 3204 3786 3272; x_wconf 75' lang='lat' dir='ltr'><strong>Spi-</strong></span> 
     </span>
    </p>
   </div>
   <div class='ocr_carea' id='block_1_83' title="bbox 2203 3289 3786 3361">
    <p class='ocr_par' dir='ltr' id='par_1_83' title="bbox 2203 3289 3786 3361">
     <span class='ocr_line' id='line_1_83' title="bbox 2203 3289 3786 3361; baseline 0.001 -15"><span class='ocrx_word' id='word_1_670' title='bbox 2203 3291 2430 3354; x_wconf 87' lang='lat' dir='ltr'><strong>ritualis,</strong></span> <span class='ocrx_word' id='word_1_671' title='bbox 2460 3299 2510 3346; x_wconf 89' lang='lat' dir='ltr'><strong>et</strong></span> <span class='ocrx_word' id='word_1_672' title='bbox 2542 3289 2761 3345; x_wconf 86' lang='lat' dir='ltr'><strong>thalami</strong></span> <span class='ocrx_word' id='word_1_673' title='bbox 2785 3290 3047 3358; x_wconf 64' lang='lat' dir='ltr'><strong>calestes,</strong></span> <span class='ocrx_word' id='word_1_674' title='bbox 3071 3291 3304 3361; x_wconf 82' lang='lat' dir='ltr'><strong>virgines</strong></span> <span class='ocrx_word' id='word_1_675' title='bbox 3330 3292 3554 3361; x_wconf 81' lang='lat' dir='ltr'><strong>fulgidae</strong></span> <span class='ocrx_word' id='word_1_676' title='bbox 3579 3292 3786 3349; x_wconf 83' lang='lat' dir='ltr'><strong>haben-</strong></span> 
     </span>
    </p>
   </div>
   <div class='ocr_carea' id='block_1_84' title="bbox 2205 3380 3779 3454">
    <p class='ocr_par' dir='ltr' id='par_1_84' title="bbox 2205 3380 3779 3454">
     <span class='ocr_line' id='line_1_84' title="bbox 2205 3380 3779 3454; baseline 0.003 -19"><span class='ocrx_word' id='word_1_677' title='bbox 2205 3389 2286 3436; x_wconf 86' lang='lat' dir='ltr'><strong>tes</strong></span> <span class='ocrx_word' id='word_1_678' title='bbox 2310 3380 2602 3450; x_wconf 86' lang='lat' dir='ltr'><strong>lampadas,</strong></span> <span class='ocrx_word' id='word_1_679' title='bbox 2621 3389 2675 3436; x_wconf 91' lang='lat' dir='ltr'><strong>et</strong></span> <span class='ocrx_word' id='word_1_680' title='bbox 2695 3395 2880 3437; x_wconf 90' lang='lat' dir='ltr'><strong>omnes</strong></span> <span class='ocrx_word' id='word_1_681' title='bbox 2899 3383 2986 3453; x_wconf 88' lang='lat' dir='ltr'><strong>qui</strong></span> <span class='ocrx_word' id='word_1_682' title='bbox 3011 3389 3212 3438; x_wconf 88' lang='lat' dir='ltr'><strong>vestem</strong></span> <span class='ocrx_word' id='word_1_683' title='bbox 3235 3381 3434 3437; x_wconf 89' lang='lat' dir='ltr'><strong>habent</strong></span> <span class='ocrx_word' id='word_1_684' title='bbox 3455 3383 3743 3454; x_wconf 88' lang='lat' dir='ltr'><strong>nuptialem</strong></span> <span class='ocrx_word' id='word_1_685' title='bbox 3763 3425 3779 3439; x_wconf 93' lang='lat'><strong>.</strong></span> 
     </span>
    </p>
   </div>
   <div class='ocr_carea' id='block_1_85' title="bbox 2203 3474 3786 3546">
    <p class='ocr_par' dir='ltr' id='par_1_85' title="bbox 2203 3474 3786 3546">
     <span class='ocr_line' id='line_1_85' title="bbox 2203 3474 3786 3546; baseline 0.001 -16"><span class='ocrx_word' id='word_1_686' title='bbox 2203 3474 2292 3532; x_wconf 88' lang='lat' dir='ltr'><strong>ubi</strong></span> <span class='ocrx_word' id='word_1_687' title='bbox 2347 3475 2526 3530; x_wconf 69' lang='lat' dir='ltr'><strong>multae</strong></span> <span class='ocrx_word' id='word_1_688' title='bbox 2553 3474 2761 3529; x_wconf 89' lang='lat' dir='ltr'><strong>Domini</strong></span> <span class='ocrx_word' id='word_1_689' title='bbox 2786 3488 2916 3544; x_wconf 87' lang='lat' dir='ltr'><strong>opes</strong></span> <span class='ocrx_word' id='word_1_690' title='bbox 2938 3515 2953 3539; x_wconf 92' lang='lat'><strong>,</strong></span> <span class='ocrx_word' id='word_1_691' title='bbox 3005 3481 3059 3529; x_wconf 85' lang='lat' dir='ltr'><strong>et</strong></span> <span class='ocrx_word' id='word_1_692' title='bbox 3088 3475 3444 3544; x_wconf 86' lang='lat' dir='ltr'><strong>promptuaria</strong></span> <span class='ocrx_word' id='word_1_693' title='bbox 3495 3476 3661 3546; x_wconf 88' lang='lat' dir='ltr'><strong>regia.</strong></span> <span class='ocrx_word' id='word_1_694' title='bbox 3691 3476 3786 3532; x_wconf 76' lang='lat' dir='ltr'><strong>Vi-</strong></span> 
     </span>
    </p>
   </div>
   <div class='ocr_carea' id='block_1_86' title="bbox 2203 3566 3783 3637">
    <p class='ocr_par' dir='ltr' id='par_1_86' title="bbox 2203 3566 3783 3637">
     <span class='ocr_line' id='line_1_86' title="bbox 2203 3566 3783 3637; baseline -0.002 -14"><span class='ocrx_word' id='word_1_695' title='bbox 2203 3568 2324 3623; x_wconf 83' lang='lat' dir='ltr'><strong>den’</strong></span> <span class='ocrx_word' id='word_1_696' title='bbox 2345 3576 2541 3636; x_wconf 90' lang='lat' dir='ltr'><strong>quanta</strong></span> <span class='ocrx_word' id='word_1_697' title='bbox 2566 3566 2804 3636; x_wconf 68' lang='lat' dir='ltr'><strong>praemia,</strong></span> <span class='ocrx_word' id='word_1_698' title='bbox 2835 3576 2890 3621; x_wconf 90' lang='lat' dir='ltr'><strong>et</strong></span> <span class='ocrx_word' id='word_1_699' title='bbox 2916 3572 3116 3636; x_wconf 87' lang='lat' dir='ltr'><strong>quanta</strong></span> <span class='ocrx_word' id='word_1_700' title='bbox 3148 3581 3250 3620; x_wconf 89' lang='lat' dir='ltr'><strong>una</strong></span> <span class='ocrx_word' id='word_1_701' title='bbox 3274 3580 3402 3621; x_wconf 85' lang='lat' dir='ltr'><strong>voce</strong></span> <span class='ocrx_word' id='word_1_702' title='bbox 3422 3566 3783 3637; x_wconf 89' lang='lat' dir='ltr'><strong>comprehen-</strong></span> 
     </span>
    </p>
   </div>
   <div class='ocr_carea' id='block_1_87' title="bbox 2202 3657 3783 3730">
    <p class='ocr_par' dir='ltr' id='par_1_87' title="bbox 2202 3657 3783 3730">
     <span class='ocr_line' id='line_1_87' title="bbox 2202 3657 3783 3730; baseline -0.001 -16"><span class='ocrx_word' id='word_1_703' title='bbox 2202 3659 2390 3716; x_wconf 80' lang='lat' dir='ltr'><strong>derit?</strong></span> <span class='ocrx_word' id='word_1_704' title='bbox 2427 3658 2499 3714; x_wconf 81' lang='lat' dir='ltr'><strong>Ita</strong></span> <span class='ocrx_word' id='word_1_705' title='bbox 2543 3659 2588 3714; x_wconf 87' lang='lat' dir='ltr'><strong>si</strong></span> <span class='ocrx_word' id='word_1_706' title='bbox 2635 3657 2870 3729; x_wconf 88' lang='lat' dir='ltr'><strong>singulas</strong></span> <span class='ocrx_word' id='word_1_707' title='bbox 2915 3658 3265 3730; x_wconf 78' lang='lat' dir='ltr'><strong>exploremus</strong></span> <span class='ocrx_word' id='word_1_708' title='bbox 3313 3673 3510 3724; x_wconf 80' lang='lat' dir='ltr'><strong>voces,</strong></span> <span class='ocrx_word' id='word_1_709' title='bbox 3561 3659 3783 3714; x_wconf 88' lang='lat' dir='ltr'><strong>multam</strong></span> 
     </span>
    </p>
   </div>
   <div class='ocr_carea' id='block_1_88' title="bbox 2202 3750 3780 3820">
    <p class='ocr_par' dir='ltr' id='par_1_88' title="bbox 2202 3750 3780 3820">
     <span class='ocr_line' id='line_1_88' title="bbox 2202 3750 3780 3820; baseline 0 -14"><span class='ocrx_word' id='word_1_710' title='bbox 2202 3751 2534 3807; x_wconf 86' lang='lat' dir='ltr'><strong>inveniemus</strong></span> <span class='ocrx_word' id='word_1_711' title='bbox 2584 3765 2763 3806; x_wconf 88' lang='lat' dir='ltr'><strong>rerum</strong></span> <span class='ocrx_word' id='word_1_712' title='bbox 2814 3750 3020 3820; x_wconf 91' lang='lat' dir='ltr'><strong>copiam</strong></span> <span class='ocrx_word' id='word_1_713' title='bbox 3075 3759 3128 3805; x_wconf 91' lang='lat' dir='ltr'><strong>et</strong></span> <span class='ocrx_word' id='word_1_714' title='bbox 3176 3750 3390 3820; x_wconf 86' lang='lat' dir='ltr'><strong>pelagus</strong></span> <span class='ocrx_word' id='word_1_715' title='bbox 3437 3753 3780 3806; x_wconf 86' lang='lat' dir='ltr'><strong>immensum.</strong></span> 
     </span>
    </p>
   </div>
   <div class='ocr_carea' id='block_1_89' title="bbox 2201 3839 3784 3912">
    <p class='ocr_par' dir='ltr' id='par_1_89' title="bbox 2201 3839 3784 3912">
     <span class='ocr_line' id='line_1_89' title="bbox 2201 3839 3784 3912; baseline 0.001 -16"><span class='ocrx_word' id='word_1_716' title='bbox 2201 3842 2335 3897; x_wconf 84' lang='lat' dir='ltr'><strong>Num</strong></span> <span class='ocrx_word' id='word_1_717' title='bbox 2363 3840 2536 3896; x_wconf 88' lang='lat' dir='ltr'><strong>adhuc</strong></span> <span class='ocrx_word' id='word_1_718' title='bbox 2561 3839 2946 3908; x_wconf 87' lang='lat' dir='ltr'><strong>cunctabimur,</strong></span> <span class='ocrx_word' id='word_1_719' title='bbox 2974 3856 3173 3910; x_wconf 65' lang='lat' dir='ltr'><strong>quaeso,</strong></span> <span class='ocrx_word' id='word_1_720' title='bbox 3203 3857 3302 3896; x_wconf 89' lang='lat' dir='ltr'><strong>nec</strong></span> <span class='ocrx_word' id='word_1_721' title='bbox 3329 3843 3559 3912; x_wconf 83' lang='lat' dir='ltr'><strong>prompti</strong></span> <span class='ocrx_word' id='word_1_722' title='bbox 3580 3843 3784 3898; x_wconf 85' lang='lat' dir='ltr'><strong>erimus</strong></span> 
     </span>
    </p>
   </div>
   <div class='ocr_carea' id='block_1_90' title="bbox 2201 3930 3783 3999">
    <p class='ocr_par' dir='ltr' id='par_1_90' title="bbox 2201 3930 3783 3999">
     <span class='ocr_line' id='line_1_90' title="bbox 2201 3930 3783 3999; baseline 0.001 -12"><span class='ocrx_word' id='word_1_723' title='bbox 2201 3933 2266 3988; x_wconf 91' lang='lat' dir='ltr'><strong>ad</strong></span> <span class='ocrx_word' id='word_1_724' title='bbox 2295 3931 2712 3988; x_wconf 87' lang='lat' dir='ltr'><strong>misericordiam</strong></span> <span class='ocrx_word' id='word_1_725' title='bbox 2741 3931 2859 3986; x_wconf 90' lang='lat' dir='ltr'><strong>aliis</strong></span> <span class='ocrx_word' id='word_1_726' title='bbox 2886 3930 3237 3986; x_wconf 88' lang='lat' dir='ltr'><strong>exhibendam</strong></span> <span class='ocrx_word' id='word_1_727' title='bbox 3262 3932 3286 3985; x_wconf 81' lang='lat'><strong>?</strong></span> <span class='ocrx_word' id='word_1_728' title='bbox 3321 3931 3538 3987; x_wconf 69' lang='lat' dir='ltr'><strong>Minime</strong></span> <span class='ocrx_word' id='word_1_729' title='bbox 3561 3973 3577 3999; x_wconf 89' lang='lat'><strong>,</strong></span> <span class='ocrx_word' id='word_1_730' title='bbox 3617 3933 3783 3989; x_wconf 82' lang='lat' dir='ltr'><strong>obse-</strong></span> 
     </span>
    </p>
   </div>
   <div class='ocr_carea' id='block_1_91' title="bbox 2201 4023 3785 4094">
    <p class='ocr_par' dir='ltr' id='par_1_91' title="bbox 2201 4023 3785 4094">
     <span class='ocr_line' id='line_1_91' title="bbox 2201 4023 3785 4094; baseline 0 -12"><span class='ocrx_word' id='word_1_731' title='bbox 2201 4041 2314 4082; x_wconf 89' lang='lat' dir='ltr'><strong>cro.</strong></span> <span class='ocrx_word' id='word_1_732' title='bbox 2339 4025 2445 4081; x_wconf 88' lang='lat' dir='ltr'><strong>Sed</strong></span> <span class='ocrx_word' id='word_1_733' title='bbox 2475 4024 2681 4080; x_wconf 89' lang='lat' dir='ltr'><strong>etiamsi</strong></span> <span class='ocrx_word' id='word_1_734' title='bbox 2721 4023 2898 4079; x_wconf 89' lang='lat' dir='ltr'><strong>omnia</strong></span> <span class='ocrx_word' id='word_1_735' title='bbox 2926 4023 3185 4094; x_wconf 86' lang='lat' dir='ltr'><strong>projicere</strong></span> <span class='ocrx_word' id='word_1_736' title='bbox 3207 4032 3262 4080; x_wconf 88' lang='lat' dir='ltr'><strong>et</strong></span> <span class='ocrx_word' id='word_1_737' title='bbox 3284 4024 3337 4079; x_wconf 89' lang='lat' dir='ltr'><strong>in</strong></span> <span class='ocrx_word' id='word_1_738' title='bbox 3365 4024 3537 4094; x_wconf 89' lang='lat' dir='ltr'><strong>ignem</strong></span> <span class='ocrx_word' id='word_1_739' title='bbox 3568 4025 3785 4082; x_wconf 76' lang='lat' dir='ltr'><strong>mittere</strong></span> 
     </span>
    </p>
   </div>
   <div class='ocr_carea' id='block_1_92' title="bbox 2204 4114 3784 4191">
    <p class='ocr_par' dir='ltr' id='par_1_92' title="bbox 2204 4114 3784 4191">
     <span class='ocr_line' id='line_1_92' title="bbox 2204 4114 3784 4191; baseline 0.001 -19"><span class='ocrx_word' id='word_1_740' title='bbox 2204 4125 2480 4191; x_wconf 88' lang='lat' dir='ltr'><strong>oporteat:</strong></span> <span class='ocrx_word' id='word_1_741' title='bbox 2514 4116 2560 4171; x_wconf 88' lang='lat' dir='ltr'><strong>si</strong></span> <span class='ocrx_word' id='word_1_742' title='bbox 2599 4116 2652 4171; x_wconf 90' lang='lat' dir='ltr'><strong>in</strong></span> <span class='ocrx_word' id='word_1_743' title='bbox 2697 4114 2901 4185; x_wconf 86' lang='lat' dir='ltr'><strong>gladios</strong></span> <span class='ocrx_word' id='word_1_744' title='bbox 2948 4114 3256 4171; x_wconf 87' lang='lat' dir='ltr'><strong>incumbere</strong></span> <span class='ocrx_word' id='word_1_745' title='bbox 3281 4155 3298 4181; x_wconf 91' lang='lat'><strong>,</strong></span> <span class='ocrx_word' id='word_1_746' title='bbox 3331 4115 3376 4170; x_wconf 92' lang='lat' dir='ltr'><strong>si</strong></span> <span class='ocrx_word' id='word_1_747' title='bbox 3402 4114 3469 4170; x_wconf 88' lang='lat' dir='ltr'><strong>ad</strong></span> <span class='ocrx_word' id='word_1_748' title='bbox 3492 4129 3784 4173; x_wconf 83' lang='lat' dir='ltr'><strong>mucrones</strong></span> 
     </span>
    </p>
   </div>
   <div class='ocr_carea' id='block_1_93' title="bbox 2205 4203 3784 4278">
    <p class='ocr_par' dir='ltr' id='par_1_93' title="bbox 2205 4203 3784 4278">
     <span class='ocr_line' id='line_1_93' title="bbox 2205 4203 3784 4278; baseline 0 -14"><span class='ocrx_word' id='word_1_749' title='bbox 2205 4209 2438 4274; x_wconf 88' lang='lat' dir='ltr'><strong>insilire,</strong></span> <span class='ocrx_word' id='word_1_750' title='bbox 2469 4208 2512 4263; x_wconf 89' lang='lat' dir='ltr'><strong>si</strong></span> <span class='ocrx_word' id='word_1_751' title='bbox 2543 4205 2750 4278; x_wconf 90' lang='lat' dir='ltr'><strong>quidvis</strong></span> <span class='ocrx_word' id='word_1_752' title='bbox 2776 4204 2920 4260; x_wconf 89' lang='lat' dir='ltr'><strong>aliud</strong></span> <span class='ocrx_word' id='word_1_753' title='bbox 2949 4203 3281 4261; x_wconf 87' lang='lat' dir='ltr'><strong>tolerandum</strong></span> <span class='ocrx_word' id='word_1_754' title='bbox 3307 4214 3572 4272; x_wconf 85' lang='lat' dir='ltr'><strong>occurrat,</strong></span> <span class='ocrx_word' id='word_1_755' title='bbox 3600 4208 3784 4264; x_wconf 85' lang='lat' dir='ltr'><strong>omnia</strong></span> 
     </span>
    </p>
   </div>
   <div class='ocr_carea' id='block_1_94' title="bbox 2205 4295 3785 4367">
    <p class='ocr_par' dir='ltr' id='par_1_94' title="bbox 2205 4295 3785 4367">
     <span class='ocr_line' id='line_1_94' title="bbox 2205 4295 3785 4367; baseline -0.001 -14"><span class='ocrx_word' id='word_1_756' title='bbox 2205 4298 2356 4354; x_wconf 84' lang='lat' dir='ltr'><strong>facile</strong></span> <span class='ocrx_word' id='word_1_757' title='bbox 2383 4297 2615 4352; x_wconf 89' lang='lat' dir='ltr'><strong>feramus</strong></span> <span class='ocrx_word' id='word_1_758' title='bbox 2635 4337 2650 4360; x_wconf 88' lang='lat'><strong>,</strong></span> <span class='ocrx_word' id='word_1_759' title='bbox 2678 4305 2734 4350; x_wconf 93' lang='lat' dir='ltr'><strong>ut</strong></span> <span class='ocrx_word' id='word_1_760' title='bbox 2759 4295 2909 4367; x_wconf 89' lang='lat' dir='ltr'><strong>regni</strong></span> <span class='ocrx_word' id='word_1_761' title='bbox 2933 4295 3184 4350; x_wconf 72' lang='lat' dir='ltr'><strong>caelorum</strong></span> <span class='ocrx_word' id='word_1_762' title='bbox 3213 4299 3485 4359; x_wconf 90' lang='lat' dir='ltr'><strong>amictum,</strong></span> <span class='ocrx_word' id='word_1_763' title='bbox 3515 4305 3570 4350; x_wconf 90' lang='lat' dir='ltr'><strong>et</strong></span> <span class='ocrx_word' id='word_1_764' title='bbox 3595 4296 3785 4353; x_wconf 78' lang='lat' dir='ltr'><strong>ineﬂ‘a-</strong></span> 
     </span>
    </p>
   </div>
   <div class='ocr_carea' id='block_1_95' title="bbox 2202 4373 3786 4457">
    <p class='ocr_par' dir='ltr' id='par_1_95' title="bbox 2202 4373 3786 4457">
     <span class='ocr_line' id='line_1_95' title="bbox 2202 4373 3786 4457; baseline -0.003 -12"><span class='ocrx_word' id='word_1_765' title='bbox 2202 4389 2363 4446; x_wconf 89' lang='lat' dir='ltr'><strong>bilem</strong></span> <span class='ocrx_word' id='word_1_766' title='bbox 2391 4373 2534 4443; x_wconf 86' lang='lat' dir='ltr'><strong>illam</strong></span> <span class='ocrx_word' id='word_1_767' title='bbox 2563 4387 2784 4457; x_wconf 89' lang='lat' dir='ltr'><strong>gloriam</strong></span> <span class='ocrx_word' id='word_1_768' title='bbox 2811 4399 3158 4455; x_wconf 87' lang='lat' dir='ltr'><strong>assequamur</strong></span> <span class='ocrx_word' id='word_1_769' title='bbox 3179 4399 3369 4454; x_wconf 87' lang='lat' dir='ltr'><strong>:quam</strong></span> <span class='ocrx_word' id='word_1_770' title='bbox 3399 4385 3601 4440; x_wconf 87' lang='lat' dir='ltr'><strong>utinam</strong></span> <span class='ocrx_word' id='word_1_771' title='bbox 3624 4386 3786 4442; x_wconf 83' lang='lat' dir='ltr'><strong>nobis</strong></span> 
     </span>
    </p>
   </div>
   <div class='ocr_carea' id='block_1_96' title="bbox 2204 4476 3786 4548">
    <p class='ocr_par' dir='ltr' id='par_1_96' title="bbox 2204 4476 3786 4548">
     <span class='ocr_line' id='line_1_96' title="bbox 2204 4476 3786 4548; baseline -0.003 -10"><span class='ocrx_word' id='word_1_772' title='bbox 2204 4481 2450 4538; x_wconf 86' lang='lat' dir='ltr'><strong>omnibus</strong></span> <span class='ocrx_word' id='word_1_773' title='bbox 2479 4479 2714 4536; x_wconf 89' lang='lat' dir='ltr'><strong>nancisci</strong></span> <span class='ocrx_word' id='word_1_774' title='bbox 2736 4478 3026 4548; x_wconf 90' lang='lat' dir='ltr'><strong>contingat,</strong></span> <span class='ocrx_word' id='word_1_775' title='bbox 3054 4477 3222 4548; x_wconf 87' lang='lat' dir='ltr'><strong>gratia</strong></span> <span class='ocrx_word' id='word_1_776' title='bbox 3243 4487 3297 4532; x_wconf 85' lang='lat' dir='ltr'><strong>et</strong></span> <span class='ocrx_word' id='word_1_777' title='bbox 3323 4476 3650 4548; x_wconf 87' lang='lat' dir='ltr'><strong>benignitate</strong></span> <span class='ocrx_word' id='word_1_778' title='bbox 3679 4477 3786 4533; x_wconf 91' lang='lat' dir='ltr'><strong>Do-</strong></span> 
     </span>
    </p>
   </div>
   <div class='ocr_carea' id='block_1_97' title="bbox 2203 4567 3785 4640">
    <p class='ocr_par' dir='ltr' id='par_1_97' title="bbox 2203 4567 3785 4640">
     <span class='ocr_line' id='line_1_97' title="bbox 2203 4567 3785 4640; baseline -0.003 -11"><span class='ocrx_word' id='word_1_779' title='bbox 2203 4573 2332 4629; x_wconf 90' lang='lat' dir='ltr'><strong>mini</strong></span> <span class='ocrx_word' id='word_1_780' title='bbox 2361 4573 2527 4629; x_wconf 86' lang='lat' dir='ltr'><strong>nostri</strong></span> <span class='ocrx_word' id='word_1_781' title='bbox 2573 4571 2700 4627; x_wconf 83' lang='lat' dir='ltr'><strong>Jesu</strong></span> <span class='ocrx_word' id='word_1_782' title='bbox 2743 4568 2974 4635; x_wconf 87' lang='lat' dir='ltr'><strong>Christi,</strong></span> <span class='ocrx_word' id='word_1_783' title='bbox 3003 4569 3089 4625; x_wconf 91' lang='lat' dir='ltr'><strong>cui</strong></span> <span class='ocrx_word' id='word_1_784' title='bbox 3115 4567 3281 4640; x_wconf 85' lang='lat' dir='ltr'><strong>gloria</strong></span> <span class='ocrx_word' id='word_1_785' title='bbox 3321 4575 3378 4624; x_wconf 90' lang='lat' dir='ltr'><strong>et</strong></span> <span class='ocrx_word' id='word_1_786' title='bbox 3419 4568 3700 4639; x_wconf 86' lang='lat' dir='ltr'><strong>imperium</strong></span> <span class='ocrx_word' id='word_1_787' title='bbox 3728 4570 3785 4626; x_wconf 88' lang='lat' dir='ltr'><strong>in</strong></span> 
     </span>
    </p>
   </div>
   <div class='ocr_carea' id='block_1_98' title="bbox 2203 4663 2980 4724">
    <p class='ocr_par' dir='ltr' id='par_1_98' title="bbox 2203 4663 2980 4724">
     <span class='ocr_line' id='line_1_98' title="bbox 2203 4663 2980 4724; baseline -0.009 0"><span class='ocrx_word' id='word_1_788' title='bbox 2203 4666 2396 4724; x_wconf 62' lang='lat' dir='ltr'><strong>saecula</strong></span> <span class='ocrx_word' id='word_1_789' title='bbox 2420 4665 2756 4722; x_wconf 65' lang='lat' dir='ltr'><strong>seculorum.</strong></span> <span class='ocrx_word' id='word_1_790' title='bbox 2788 4663 2980 4718; x_wconf 84' lang='lat' dir='ltr'><strong>Amen.</strong></span> 
     </span>
    </p>
   </div>
   <div class='ocr_carea' id='block_1_99' title="bbox 1753 4975 2592 5043">
    <p class='ocr_par' dir='ltr' id='par_1_99' title="bbox 1753 4975 2592 5043">
     <span class='ocr_line' id='line_1_99' title="bbox 1753 4975 2592 5043; baseline -0.001 -5"><span class='ocrx_word' id='word_1_791' title='bbox 1753 4975 2100 5042; x_wconf 79' lang='lat' dir='ltr'><strong>HOMILIA</strong></span> <span class='ocrx_word' id='word_1_792' title='bbox 2137 4981 2267 5043; x_wconf 83' lang='lat' dir='ltr'><strong>LV.</strong></span> <span class='ocrx_word' id='word_1_793' title='bbox 2305 4980 2391 5043; x_wconf 83' lang='lat' dir='ltr'><strong>al.</strong></span> <span class='ocrx_word' id='word_1_794' title='bbox 2433 4976 2592 5038; x_wconf 86' lang='lat' dir='ltr'><strong>LVI.</strong></span> 
     </span>
    </p>
   </div>
   <div class='ocr_carea' id='block_1_100' title="bbox 523 5109 2098 5195">
    <p class='ocr_par' dir='ltr' id='par_1_100' title="bbox 523 5109 2098 5195">
     <span class='ocr_line' id='line_1_100' title="bbox 523 5109 2098 5195; baseline 0.008 -30"><span class='ocrx_word' id='word_1_795' title='bbox 523 5109 652 5166; x_wconf 69' lang='grc' dir='ltr'><strong>(ΖΜ).</strong></span> <span class='ocrx_word' id='word_1_796' title='bbox 688 5111 774 5195; x_wconf 69' lang='lat' dir='ltr'><strong>l6.</strong></span> <span class='ocrx_word' id='word_1_797' title='bbox 807 5125 859 5164; x_wconf 69' lang='grc' dir='ltr'><strong>ν.</strong></span> <span class='ocrx_word' id='word_1_798' title='bbox 885 5109 975 5166; x_wconf 68' lang='grc' dir='ltr'><strong>ει.</strong></span> <span class='ocrx_word' id='word_1_799' title='bbox 1003 5109 1147 5166; x_wconf 82' lang='lat' dir='ltr'><strong>Tum:</strong></span> <span class='ocrx_word' id='word_1_800' title='bbox 1195 5113 1345 5169; x_wconf 83' lang='lat' dir='ltr'><strong>Jesus</strong></span> <span class='ocrx_word' id='word_1_801' title='bbox 1394 5117 1520 5172; x_wconf 63' lang='lat' dir='ltr'><strong>dixit</strong></span> <span class='ocrx_word' id='word_1_802' title='bbox 1553 5119 1812 5190; x_wconf 79' lang='lat' dir='ltr'><strong>discipulis</strong></span> <span class='ocrx_word' id='word_1_803' title='bbox 1839 5123 1943 5178; x_wconf 87' lang='lat' dir='ltr'><strong>suis</strong></span> <span class='ocrx_word' id='word_1_804' title='bbox 1977 5138 1994 5177; x_wconf 92' lang='lat'><strong><em>:</em></strong></span> <span class='ocrx_word' id='word_1_805' title='bbox 2034 5122 2098 5179; x_wconf 89' lang='lat' dir='ltr'><strong>Si</strong></span> 
     </span>
    </p>
   </div>
   <div class='ocr_carea' id='block_1_101' title="bbox 594 5201 2100 5283">
    <p class='ocr_par' dir='ltr' id='par_1_101' title="bbox 594 5201 2100 5283">
     <span class='ocr_line' id='line_1_101' title="bbox 594 5201 2100 5283; baseline 0.01 -30"><span class='ocrx_word' id='word_1_806' title='bbox 594 5201 704 5271; x_wconf 65' lang='lat' dir='ltr'><strong>quis</strong></span> <span class='ocrx_word' id='word_1_807' title='bbox 721 5201 830 5256; x_wconf 78' lang='lat' dir='ltr'><strong>vult</strong></span> <span class='ocrx_word' id='word_1_808' title='bbox 850 5211 960 5273; x_wconf 84' lang='lat' dir='ltr'><strong>post</strong></span> <span class='ocrx_word' id='word_1_809' title='bbox 983 5219 1063 5257; x_wconf 85' lang='lat' dir='ltr'><strong>me</strong></span> <span class='ocrx_word' id='word_1_810' title='bbox 1088 5205 1252 5258; x_wconf 76' lang='lat' dir='ltr'><strong>uenire</strong></span> <span class='ocrx_word' id='word_1_811' title='bbox 1269 5246 1284 5268; x_wconf 92' lang='lat'><strong>,</strong></span> <span class='ocrx_word' id='word_1_812' title='bbox 1315 5207 1517 5279; x_wconf 79' lang='lat' dir='ltr'><strong>abneget</strong></span> <span class='ocrx_word' id='word_1_813' title='bbox 1541 5211 1859 5283; x_wconf 76' lang='lat' dir='ltr'><strong>semetipsum</strong></span> <span class='ocrx_word' id='word_1_814' title='bbox 1889 5253 1904 5279; x_wconf 88' lang='lat'><strong>,</strong></span> <span class='ocrx_word' id='word_1_815' title='bbox 1929 5221 1979 5268; x_wconf 79' lang='lat' dir='ltr'><strong>et</strong></span> <span class='ocrx_word' id='word_1_816' title='bbox 2009 5215 2100 5268; x_wconf 85' lang='lat' dir='ltr'><strong>tol-</strong></span> 
     </span>
    </p>
   </div>
   <div class='ocr_carea' id='block_1_102' title="bbox 600 5294 1532 5366">
    <p class='ocr_par' dir='ltr' id='par_1_102' title="bbox 600 5294 1532 5366">
     <span class='ocr_line' id='line_1_102' title="bbox 600 5294 1532 5366; baseline 0.006 -20"><span class='ocrx_word' id='word_1_817' title='bbox 600 5294 670 5346; x_wconf 85' lang='lat' dir='ltr'><strong>lat</strong></span> <span class='ocrx_word' id='word_1_818' title='bbox 696 5310 892 5348; x_wconf 77' lang='lat' dir='ltr'><strong>crueem</strong></span> <span class='ocrx_word' id='word_1_819' title='bbox 919 5311 1083 5362; x_wconf 80' lang='lat' dir='ltr'><strong>suam,</strong></span> <span class='ocrx_word' id='word_1_820' title='bbox 1111 5306 1158 5351; x_wconf 85' lang='lat' dir='ltr'><strong>et</strong></span> <span class='ocrx_word' id='word_1_821' title='bbox 1179 5306 1413 5366; x_wconf 79' lang='lat' dir='ltr'><strong>sequatur</strong></span> <span class='ocrx_word' id='word_1_822' title='bbox 1436 5314 1532 5352; x_wconf 86' lang='lat' dir='ltr'><strong>me.</strong></span> 
     </span>
    </p>
   </div>
   <div class='ocr_carea' id='block_1_103' title="bbox 605 5387 2096 5463">
    <p class='ocr_par' dir='ltr' id='par_1_103' title="bbox 605 5387 2096 5463">
     <span class='ocr_line' id='line_1_103' title="bbox 605 5387 2096 5463; baseline 0.007 -24"><span class='ocrx_word' id='word_1_823' title='bbox 605 5387 658 5440; x_wconf 77' lang='lat' dir='ltr'><strong>l.</strong></span> <span class='ocrx_word' id='word_1_824' title='bbox 683 5387 762 5441; x_wconf 77' lang='lat' dir='ltr'><strong>Ad</strong></span> <span class='ocrx_word' id='word_1_825' title='bbox 802 5398 1008 5443; x_wconf 88' lang='lat' dir='ltr'><strong>mortem</strong></span> <span class='ocrx_word' id='word_1_826' title='bbox 1051 5391 1279 5460; x_wconf 65' lang='lat' dir='ltr'><strong>exemplo</strong></span> <span class='ocrx_word' id='word_1_827' title='bbox 1311 5390 1500 5447; x_wconf 77' lang='lat' dir='ltr'><strong>Christi</strong></span> <span class='ocrx_word' id='word_1_828' title='bbox 1528 5395 1694 5463; x_wconf 84' lang='lat' dir='ltr'><strong>parati</strong></span> <span class='ocrx_word' id='word_1_829' title='bbox 1714 5411 1819 5451; x_wconf 88' lang='lat' dir='ltr'><strong>esse</strong></span> <span class='ocrx_word' id='word_1_830' title='bbox 1842 5396 2096 5452; x_wconf 78' lang='lat' dir='ltr'><strong>debemus.</strong></span> 
     </span>
    </p>
   </div>
   <div class='ocr_carea' id='block_1_104' title="bbox 524 5467 2102 5558">
    <p class='ocr_par' dir='ltr' id='par_1_104' title="bbox 524 5467 2102 5558">
     <span class='ocr_line' id='line_1_104' title="bbox 524 5467 2102 5558; baseline 0.005 -25"><span class='ocrx_word' id='word_1_831' title='bbox 524 5476 753 5533; x_wconf 83' lang='lat' dir='ltr'><strong>Christus</strong></span> <span class='ocrx_word' id='word_1_832' title='bbox 779 5478 943 5548; x_wconf 79' lang='lat' dir='ltr'><strong>ipsum</strong></span> <span class='ocrx_word' id='word_1_833' title='bbox 970 5482 1107 5552; x_wconf 80' lang='lat' dir='ltr'><strong>sequi</strong></span> <span class='ocrx_word' id='word_1_834' title='bbox 1136 5467 1332 5550; x_wconf 69' lang='lat' dir='ltr'><strong>invitat,</strong></span> <span class='ocrx_word' id='word_1_835' title='bbox 1358 5500 1460 5539; x_wconf 85' lang='lat' dir='ltr'><strong>non</strong></span> <span class='ocrx_word' id='word_1_836' title='bbox 1497 5485 1671 5554; x_wconf 78' lang='lat' dir='ltr'><strong>cogit;</strong></span> <span class='ocrx_word' id='word_1_837' title='bbox 1703 5501 1812 5539; x_wconf 85' lang='lat' dir='ltr'><strong>eur.</strong></span> <span class='ocrx_word' id='word_1_838' title='bbox 1841 5486 2102 5558; x_wconf 80' lang='lat' dir='ltr'><strong>Abnegare</strong></span> 
     </span>
    </p>
   </div>
   <div class='ocr_carea' id='block_1_105' title="bbox 525 5567 2098 5648">
    <p class='ocr_par' dir='ltr' id='par_1_105' title="bbox 525 5567 2098 5648">
     <span class='ocr_line' id='line_1_105' title="bbox 525 5567 2098 5648; baseline 0.006 -25"><span class='ocrx_word' id='word_1_839' title='bbox 525 5571 846 5641; x_wconf 81' lang='lat' dir='ltr'><strong>semetipsum</strong></span> <span class='ocrx_word' id='word_1_840' title='bbox 868 5573 991 5641; x_wconf 78' lang='lat' dir='ltr'><strong>quid</strong></span> <span class='ocrx_word' id='word_1_841' title='bbox 1013 5575 1097 5628; x_wconf 90' lang='lat' dir='ltr'><strong>sit.</strong></span> <span class='ocrx_word' id='word_1_842' title='bbox 1121 5605 1194 5617; x_wconf 95' lang='lat'><strong>—</strong></span> <span class='ocrx_word' id='word_1_843' title='bbox 1219 5574 1384 5646; x_wconf 84' lang='lat' dir='ltr'><strong>Tune,</strong></span> <span class='ocrx_word' id='word_1_844' title='bbox 1417 5577 1752 5648; x_wconf 89' lang='lat' dir='ltr'><strong>quandonam</strong></span> <span class='ocrx_word' id='word_1_845' title='bbox 1769 5567 2098 5648; x_wconf 66' lang='lat' dir='ltr'><strong>fPostquam</strong></span> 
     </span>
    </p>
   </div>
   <div class='ocr_carea' id='block_1_106' title="bbox 535 5659 2101 5735">
    <p class='ocr_par' dir='ltr' id='par_1_106' title="bbox 535 5659 2101 5735">
     <span class='ocr_line' id='line_1_106' title="bbox 535 5659 2101 5735; baseline 0.008 -22"><span class='ocrx_word' id='word_1_846' title='bbox 535 5659 966 5725; x_wconf 74' lang='lat' dir='ltr'><strong>l’etrusdixerat,</strong></span> <span class='ocrx_word' id='word_1_847' title='bbox 995 5662 1248 5735; x_wconf 84' lang='lat' dir='ltr'><strong>Propitius</strong></span> <span class='ocrx_word' id='word_1_848' title='bbox 1289 5668 1376 5722; x_wconf 87' lang='lat' dir='ltr'><strong>tibi</strong></span> <span class='ocrx_word' id='word_1_849' title='bbox 1419 5670 1507 5733; x_wconf 88' lang='lat' dir='ltr'><strong>sis,</strong></span> <span class='ocrx_word' id='word_1_850' title='bbox 1537 5685 1637 5724; x_wconf 88' lang='lat' dir='ltr'><strong>non</strong></span> <span class='ocrx_word' id='word_1_851' title='bbox 1675 5671 1770 5724; x_wconf 85' lang='lat' dir='ltr'><strong>erit</strong></span> <span class='ocrx_word' id='word_1_852' title='bbox 1799 5669 1888 5723; x_wconf 84' lang='lat' dir='ltr'><strong>tibi</strong></span> <span class='ocrx_word' id='word_1_853' title='bbox 1912 5667 2024 5732; x_wconf 81' lang='lat' dir='ltr'><strong>hoc,</strong></span> <span class='ocrx_word' id='word_1_854' title='bbox 2047 5679 2101 5725; x_wconf 93' lang='lat' dir='ltr'><strong>et</strong></span> 
     </span>
    </p>
   </div>
   <div class='ocr_carea' id='block_1_107' title="bbox 536 5751 2096 5832">
    <p class='ocr_par' dir='ltr' id='par_1_107' title="bbox 536 5751 2096 5832">
     <span class='ocr_line' id='line_1_107' title="bbox 536 5751 2096 5832; baseline 0.007 -27"><span class='ocrx_word' id='word_1_855' title='bbox 536 5751 758 5817; x_wconf 81' lang='lat' dir='ltr'><strong>audivit,</strong></span> <span class='ocrx_word' id='word_1_856' title='bbox 785 5752 928 5809; x_wconf 80' lang='lat' dir='ltr'><strong>Vade</strong></span> <span class='ocrx_word' id='word_1_857' title='bbox 951 5766 1064 5825; x_wconf 85' lang='lat' dir='ltr'><strong>post</strong></span> <span class='ocrx_word' id='word_1_858' title='bbox 1096 5773 1192 5826; x_wconf 84' lang='lat' dir='ltr'><strong>me,</strong></span> <span class='ocrx_word' id='word_1_859' title='bbox 1220 5768 1416 5814; x_wconf 82' lang='lat' dir='ltr'><strong>satana.</strong></span> <span class='ocrx_word' id='word_1_860' title='bbox 1450 5759 1630 5832; x_wconf 82' lang='lat' dir='ltr'><strong>Neque</strong></span> <span class='ocrx_word' id='word_1_861' title='bbox 1668 5761 1809 5818; x_wconf 87' lang='lat' dir='ltr'><strong>enim</strong></span> <span class='ocrx_word' id='word_1_862' title='bbox 1840 5760 1970 5818; x_wconf 85' lang='lat' dir='ltr'><strong>satis</strong></span> <span class='ocrx_word' id='word_1_863' title='bbox 1998 5759 2096 5816; x_wconf 87' lang='lat' dir='ltr'><strong>ha-</strong></span> 
     </span>
    </p>
   </div>
   <div class='ocr_carea' id='block_1_108' title="bbox 2202 5111 3784 5188">
    <p class='ocr_par' dir='ltr' id='par_1_108' title="bbox 2202 5111 3784 5188">
     <span class='ocr_line' id='line_1_108' title="bbox 2202 5111 3784 5188; baseline -0.006 -9"><span class='ocrx_word' id='word_1_864' title='bbox 2202 5124 2311 5180; x_wconf 88' lang='lat' dir='ltr'><strong>buit</strong></span> <span class='ocrx_word' id='word_1_865' title='bbox 2351 5121 2500 5178; x_wconf 89' lang='lat' dir='ltr'><strong>illum</strong></span> <span class='ocrx_word' id='word_1_866' title='bbox 2531 5119 2854 5188; x_wconf 78' lang='lat' dir='ltr'><strong>increpasse.</strong></span> <span class='ocrx_word' id='word_1_867' title='bbox 2910 5114 3006 5171; x_wconf 87' lang='lat' dir='ltr'><strong>sed</strong></span> <span class='ocrx_word' id='word_1_868' title='bbox 3047 5129 3112 5171; x_wconf 89' lang='lat' dir='ltr'><strong>ex</strong></span> <span class='ocrx_word' id='word_1_869' title='bbox 3158 5113 3449 5169; x_wconf 88' lang='lat' dir='ltr'><strong>abundanti</strong></span> <span class='ocrx_word' id='word_1_870' title='bbox 3495 5111 3784 5174; x_wconf 83' lang='lat' dir='ltr'><strong>ostendere</strong></span> 
     </span>
    </p>
   </div>
   <div class='ocr_carea' id='block_1_109' title="bbox 2201 5204 3785 5272">
    <p class='ocr_par' dir='ltr' id='par_1_109' title="bbox 2201 5204 3785 5272">
     <span class='ocr_line' id='line_1_109' title="bbox 2201 5204 3785 5272; baseline -0.006 -3"><span class='ocrx_word' id='word_1_871' title='bbox 2201 5217 2385 5272; x_wconf 87' lang='lat' dir='ltr'><strong>volens</strong></span> <span class='ocrx_word' id='word_1_872' title='bbox 2415 5223 2470 5269; x_wconf 91' lang='lat' dir='ltr'><strong>et</strong></span> <span class='ocrx_word' id='word_1_873' title='bbox 2502 5210 2766 5267; x_wconf 90' lang='lat' dir='ltr'><strong>dictorum</strong></span> <span class='ocrx_word' id='word_1_874' title='bbox 2794 5206 2938 5263; x_wconf 84' lang='lat' dir='ltr'><strong>Petri</strong></span> <span class='ocrx_word' id='word_1_875' title='bbox 2977 5205 3394 5271; x_wconf 88' lang='lat' dir='ltr'><strong>absurditatem,</strong></span> <span class='ocrx_word' id='word_1_876' title='bbox 3424 5214 3478 5260; x_wconf 91' lang='lat' dir='ltr'><strong>et</strong></span> <span class='ocrx_word' id='word_1_877' title='bbox 3503 5204 3785 5260; x_wconf 87' lang='lat' dir='ltr'><strong>utilitatem</strong></span> 
     </span>
    </p>
   </div>
   <div class='ocr_carea' id='block_1_110' title="bbox 2203 5293 3786 5376">
    <p class='ocr_par' dir='ltr' id='par_1_110' title="bbox 2203 5293 3786 5376">
     <span class='ocr_line' id='line_1_110' title="bbox 2203 5293 3786 5376; baseline -0.009 -15"><span class='ocrx_word' id='word_1_878' title='bbox 2203 5321 2268 5361; x_wconf 88' lang='lat' dir='ltr'><strong>ex</strong></span> <span class='ocrx_word' id='word_1_879' title='bbox 2297 5305 2544 5376; x_wconf 86' lang='lat' dir='ltr'><strong>passione</strong></span> <span class='ocrx_word' id='word_1_880' title='bbox 2572 5300 2835 5361; x_wconf 87' lang='lat' dir='ltr'><strong>futuram,</strong></span> <span class='ocrx_word' id='word_1_881' title='bbox 2865 5298 2940 5352; x_wconf 89' lang='lat' dir='ltr'><strong>ait</strong></span> <span class='ocrx_word' id='word_1_882' title='bbox 2963 5337 2979 5362; x_wconf 88' lang='lat'><strong>,</strong></span> <span class='ocrx_word' id='word_1_883' title='bbox 3010 5296 3090 5352; x_wconf 91' lang='lat' dir='ltr'><strong>Tu</strong></span> <span class='ocrx_word' id='word_1_884' title='bbox 3141 5296 3270 5352; x_wconf 88' lang='lat' dir='ltr'><strong>mihi</strong></span> <span class='ocrx_word' id='word_1_885' title='bbox 3304 5294 3473 5360; x_wconf 87' lang='lat' dir='ltr'><strong>dicis,</strong></span> <span class='ocrx_word' id='word_1_886' title='bbox 3520 5293 3786 5364; x_wconf 83' lang='lat' dir='ltr'><strong>Propitius</strong></span> 
     </span>
    </p>
   </div>
   <div class='ocr_carea' id='block_1_111' title="bbox 2204 5383 3783 5462">
    <p class='ocr_par' dir='ltr' id='par_1_111' title="bbox 2204 5383 3783 5462">
     <span class='ocr_line' id='line_1_111' title="bbox 2204 5383 3783 5462; baseline -0.008 -12"><span class='ocrx_word' id='word_1_887' title='bbox 2204 5396 2293 5450; x_wconf 86' lang='lat' dir='ltr'><strong>tibi</strong></span> <span class='ocrx_word' id='word_1_888' title='bbox 2316 5406 2440 5462; x_wconf 85' lang='lat' dir='ltr'><strong>esto,</strong></span> <span class='ocrx_word' id='word_1_889' title='bbox 2476 5408 2580 5446; x_wconf 87' lang='lat' dir='ltr'><strong>non</strong></span> <span class='ocrx_word' id='word_1_890' title='bbox 2604 5392 2698 5444; x_wconf 89' lang='lat' dir='ltr'><strong>erit</strong></span> <span class='ocrx_word' id='word_1_891' title='bbox 2743 5389 2835 5443; x_wconf 86' lang='lat' dir='ltr'><strong>hoc</strong></span> <span class='ocrx_word' id='word_1_892' title='bbox 2870 5388 2956 5442; x_wconf 87' lang='lat' dir='ltr'><strong>tibi</strong></span> <span class='ocrx_word' id='word_1_893' title='bbox 3000 5401 3019 5442; x_wconf 92' lang='lat'><strong><em>:</em></strong></span> <span class='ocrx_word' id='word_1_894' title='bbox 3069 5400 3169 5457; x_wconf 86' lang='lat' dir='ltr'><strong>ego</strong></span> <span class='ocrx_word' id='word_1_895' title='bbox 3202 5401 3329 5440; x_wconf 89' lang='lat' dir='ltr'><strong>vero</strong></span> <span class='ocrx_word' id='word_1_896' title='bbox 3355 5383 3450 5439; x_wconf 91' lang='lat' dir='ltr'><strong>tibi</strong></span> <span class='ocrx_word' id='word_1_897' title='bbox 3489 5384 3646 5448; x_wconf 89' lang='lat' dir='ltr'><strong>dico,</strong></span> <span class='ocrx_word' id='word_1_898' title='bbox 3677 5399 3783 5438; x_wconf 90' lang='lat' dir='ltr'><strong>non</strong></span> 
     </span>
    </p>
   </div>
   <div class='ocr_carea' id='block_1_112' title="bbox 2203 5475 3784 5554">
    <p class='ocr_par' dir='ltr' id='par_1_112' title="bbox 2203 5475 3784 5554">
     <span class='ocr_line' id='line_1_112' title="bbox 2203 5475 3784 5554; baseline -0.008 -13"><span class='ocrx_word' id='word_1_899' title='bbox 2203 5484 2364 5541; x_wconf 92' lang='lat' dir='ltr'><strong>modo</strong></span> <span class='ocrx_word' id='word_1_900' title='bbox 2409 5481 2766 5554; x_wconf 84' lang='lat' dir='ltr'><strong>perniciosum</strong></span> <span class='ocrx_word' id='word_1_901' title='bbox 2793 5494 2913 5535; x_wconf 86' lang='lat' dir='ltr'><strong>esse</strong></span> <span class='ocrx_word' id='word_1_902' title='bbox 2954 5477 3087 5542; x_wconf 91' lang='lat' dir='ltr'><strong>tibi,</strong></span> <span class='ocrx_word' id='word_1_903' title='bbox 3134 5479 3180 5533; x_wconf 90' lang='lat' dir='ltr'><strong>si</strong></span> <span class='ocrx_word' id='word_1_904' title='bbox 3234 5492 3320 5531; x_wconf 90' lang='lat' dir='ltr'><strong>me</strong></span> <span class='ocrx_word' id='word_1_905' title='bbox 3346 5475 3626 5545; x_wconf 87' lang='lat' dir='ltr'><strong>impedias,</strong></span> <span class='ocrx_word' id='word_1_906' title='bbox 3657 5486 3713 5530; x_wconf 91' lang='lat' dir='ltr'><strong>et</strong></span> <span class='ocrx_word' id='word_1_907' title='bbox 3741 5490 3784 5530; x_wconf 89' lang='lat' dir='ltr'><strong>st</strong></span> 
     </span>
    </p>
   </div>
   <div class='ocr_carea' id='block_1_113' title="bbox 2204 5566 3788 5647">
    <p class='ocr_par' dir='ltr' id='par_1_113' title="bbox 2204 5566 3788 5647">
     <span class='ocr_line' id='line_1_113' title="bbox 2204 5566 3788 5647; baseline -0.004 -17"><span class='ocrx_word' id='word_1_908' title='bbox 2204 5577 2503 5647; x_wconf 85' lang='lat' dir='ltr'><strong>passionem</strong></span> <span class='ocrx_word' id='word_1_909' title='bbox 2541 5587 2712 5628; x_wconf 83' lang='lat' dir='ltr'><strong>meam</strong></span> <span class='ocrx_word' id='word_1_910' title='bbox 2738 5571 2964 5627; x_wconf 88' lang='lat' dir='ltr'><strong>moleste</strong></span> <span class='ocrx_word' id='word_1_911' title='bbox 2991 5567 3153 5636; x_wconf 87' lang='lat' dir='ltr'><strong>feras,</strong></span> <span class='ocrx_word' id='word_1_912' title='bbox 3185 5566 3280 5624; x_wconf 83' lang='lat' dir='ltr'><strong>sed</strong></span> <span class='ocrx_word' id='word_1_913' title='bbox 3305 5567 3466 5623; x_wconf 85' lang='lat' dir='ltr'><strong>etiam</strong></span> <span class='ocrx_word' id='word_1_914' title='bbox 3493 5582 3600 5622; x_wconf 91' lang='lat' dir='ltr'><strong>non</strong></span> <span class='ocrx_word' id='word_1_915' title='bbox 3632 5582 3788 5630; x_wconf 76' lang='lat' dir='ltr'><strong>posse</strong></span> 
     </span>
    </p>
   </div>
   <div class='ocr_carea' id='block_1_114' title="bbox 2204 5656 3789 5734">
    <p class='ocr_par' dir='ltr' id='par_1_114' title="bbox 2204 5656 3789 5734">
     <span class='ocr_line' id='line_1_114' title="bbox 2204 5656 3789 5734; baseline -0.006 -13"><span class='ocrx_word' id='word_1_916' title='bbox 2204 5677 2257 5723; x_wconf 91' lang='lat' dir='ltr'><strong>te</strong></span> <span class='ocrx_word' id='word_1_917' title='bbox 2278 5668 2506 5723; x_wconf 89' lang='lat' dir='ltr'><strong>salutem</strong></span> <span class='ocrx_word' id='word_1_918' title='bbox 2532 5662 2804 5734; x_wconf 85' lang='lat' dir='ltr'><strong>consequi,</strong></span> <span class='ocrx_word' id='word_1_919' title='bbox 2838 5661 2941 5717; x_wconf 90' lang='lat' dir='ltr'><strong>nisi</strong></span> <span class='ocrx_word' id='word_1_920' title='bbox 2975 5667 3030 5717; x_wconf 90' lang='lat' dir='ltr'><strong>et</strong></span> <span class='ocrx_word' id='word_1_921' title='bbox 3069 5661 3183 5731; x_wconf 86' lang='lat' dir='ltr'><strong>ipse</strong></span> <span class='ocrx_word' id='word_1_922' title='bbox 3205 5673 3419 5730; x_wconf 86' lang='lat' dir='ltr'><strong>semper</strong></span> <span class='ocrx_word' id='word_1_923' title='bbox 3437 5656 3505 5712; x_wconf 88' lang='lat' dir='ltr'><strong>ad</strong></span> <span class='ocrx_word' id='word_1_924' title='bbox 3546 5657 3789 5713; x_wconf 68' lang='lat' dir='ltr'><strong>morieno</strong></span> 
     </span>
    </p>
   </div>
   <div class='ocr_carea' id='block_1_115' title="bbox 2203 5751 3790 5824">
    <p class='ocr_par' dir='ltr' id='par_1_115' title="bbox 2203 5751 3790 5824">
     <span class='ocr_line' id='line_1_115' title="bbox 2203 5751 3790 5824; baseline -0.007 -9"><span class='ocrx_word' id='word_1_925' title='bbox 2203 5758 2327 5815; x_wconf 89' lang='lat' dir='ltr'><strong>dum</strong></span> <span class='ocrx_word' id='word_1_926' title='bbox 2355 5757 2428 5814; x_wconf 88' lang='lat' dir='ltr'><strong>sis</strong></span> <span class='ocrx_word' id='word_1_927' title='bbox 2454 5764 2683 5824; x_wconf 87' lang='lat' dir='ltr'><strong>paratus.</strong></span> <span class='ocrx_word' id='word_1_928' title='bbox 2711 5752 2790 5811; x_wconf 85' lang='lat' dir='ltr'><strong>Ne</strong></span> <span class='ocrx_word' id='word_1_929' title='bbox 2818 5752 2960 5810; x_wconf 88' lang='lat' dir='ltr'><strong>enim</strong></span> <span class='ocrx_word' id='word_1_930' title='bbox 2983 5751 3257 5824; x_wconf 85' lang='lat' dir='ltr'><strong>indignum</strong></span> <span class='ocrx_word' id='word_1_931' title='bbox 3283 5764 3344 5808; x_wconf 85' lang='lat' dir='ltr'><strong>se</strong></span> <span class='ocrx_word' id='word_1_932' title='bbox 3364 5762 3485 5806; x_wconf 85' lang='lat' dir='ltr'><strong>esse</strong></span> <span class='ocrx_word' id='word_1_933' title='bbox 3514 5755 3790 5822; x_wconf 84' lang='lat' dir='ltr'><strong>putarent,</strong></span> 
     </span>
    </p>
   </div>
  </div>
