  <div class='ocr_page' id='page_1' title='image "/cluster/home/n/w/nwhite01/storage/ocr_20150623/58/ien.35556001660851/086.png"; bbox 0 0 4046 6428; ppageno 0'>
   <div class='ocr_carea' id='block_1_1' title="bbox 260 384 2524 474">
    <p class='ocr_par' dir='ltr' id='par_1_1' title="bbox 260 384 2524 474">
     <span class='ocr_line' id='line_1_1' title="bbox 260 384 2524 474; baseline -0.015 -1"><span class='ocrx_word' id='word_1_1' title='bbox 260 419 356 474; x_wconf 70' lang='grc' dir='ltr'><strong>5η</strong></span> <span class='ocrx_word' id='word_1_2' title='bbox 762 407 772 415; x_wconf 84' lang='grc'><em>’</em></span> <span class='ocrx_word' id='word_1_3' title='bbox 1291 397 1356 453; x_wconf 83' lang='lat' dir='ltr'><strong>lN</strong></span> <span class='ocrx_word' id='word_1_4' title='bbox 1397 389 1804 450; x_wconf 68' lang='lat' dir='ltr'><strong>MATTIM‘ZUM</strong></span> <span class='ocrx_word' id='word_1_5' title='bbox 1845 386 2076 442; x_wconf 75' lang='lat' dir='ltr'><strong>HOMIL.</strong></span> <span class='ocrx_word' id='word_1_6' title='bbox 2123 384 2232 442; x_wconf 73' lang='lat' dir='ltr'><strong>LV.</strong></span> <span class='ocrx_word' id='word_1_7' title='bbox 2273 387 2346 440; x_wconf 85' lang='lat' dir='ltr'><strong>al.</strong></span> <span class='ocrx_word' id='word_1_8' title='bbox 2392 384 2524 440; x_wconf 76' lang='lat' dir='ltr'><strong>LVI.</strong></span> 
     </span>
    </p>
   </div>
   <div class='ocr_carea' id='block_1_2' title="bbox 257 503 1843 600">
    <p class='ocr_par' dir='ltr' id='par_1_2' title="bbox 257 503 1843 600">
     <span class='ocr_line' id='line_1_2' title="bbox 257 503 1843 600; baseline -0.019 -15"><span class='ocrx_word' id='word_1_9' title='bbox 257 529 400 600; x_wconf 86' lang='lat' dir='ltr'><strong>quod</strong></span> <span class='ocrx_word' id='word_1_10' title='bbox 433 527 556 583; x_wconf 80' lang='lat' dir='ltr'><strong>talia</strong></span> <span class='ocrx_word' id='word_1_11' title='bbox 582 530 886 593; x_wconf 87' lang='lat' dir='ltr'><strong>pateretur,</strong></span> <span class='ocrx_word' id='word_1_12' title='bbox 929 531 1035 572; x_wconf 88' lang='lat' dir='ltr'><strong>non</strong></span> <span class='ocrx_word' id='word_1_13' title='bbox 1066 511 1332 585; x_wconf 81' lang='lat' dir='ltr'><strong>prioribus</strong></span> <span class='ocrx_word' id='word_1_14' title='bbox 1365 519 1575 563; x_wconf 87' lang='lat' dir='ltr'><strong>tantum</strong></span> <span class='ocrx_word' id='word_1_15' title='bbox 1622 503 1801 600; x_wconf 81' lang='lat' dir='ltr'><strong>verbis</strong></span> <span class='ocrx_word' id='word_1_16' title='bbox 1829 543 1843 600; x_wconf 47' lang='grc' dir='ltr'><em>τ</em></span> 
     </span>
    </p>
   </div>
   <div class='ocr_carea' id='block_1_3' title="bbox 258 592 1844 683">
    <p class='ocr_par' dir='ltr' id='par_1_3' title="bbox 258 592 1844 683">
     <span class='ocr_line' id='line_1_3' title="bbox 258 592 1844 683; baseline -0.019 -6"><span class='ocrx_word' id='word_1_17' title='bbox 258 592 354 676; x_wconf 64' lang='lat' dir='ltr'><strong>sed</strong></span> <span class='ocrx_word' id='word_1_18' title='bbox 397 620 558 675; x_wconf 85' lang='lat' dir='ltr'><strong>etiam</strong></span> <span class='ocrx_word' id='word_1_19' title='bbox 586 592 946 683; x_wconf 15' lang='lat' dir='ltr'><strong>isequentibus</strong></span> <span class='ocrx_word' id='word_1_20' title='bbox 998 608 1077 661; x_wconf 91' lang='lat' dir='ltr'><strong>rei</strong></span> <span class='ocrx_word' id='word_1_21' title='bbox 1134 604 1416 659; x_wconf 81' lang='lat' dir='ltr'><strong>utilitatem</strong></span> <span class='ocrx_word' id='word_1_22' title='bbox 1462 600 1640 654; x_wconf 89' lang='lat' dir='ltr'><strong>docet.</strong></span> <span class='ocrx_word' id='word_1_23' title='bbox 1688 592 1844 665; x_wconf 80' lang='lat' dir='ltr'><strong>Apud</strong></span> 
     </span>
    </p>
   </div>
   <div class='ocr_carea' id='block_1_4' title="bbox 261 689 1841 775">
    <p class='ocr_par' dir='ltr' id='par_1_4' title="bbox 261 689 1841 775">
     <span class='ocr_line' id='line_1_4' title="bbox 261 689 1841 775; baseline -0.02 -7"><span class='ocrx_word' id='word_1_24' title='bbox 261 712 520 768; x_wconf 67' lang='lat' dir='ltr'><strong>Joannem</strong></span> <span class='ocrx_word' id='word_1_25' title='bbox 548 704 762 775; x_wconf 82' lang='lat' dir='ltr'><strong>quidem</strong></span> <span class='ocrx_word' id='word_1_26' title='bbox 792 700 925 756; x_wconf 91' lang='lat' dir='ltr'><strong>dicit</strong></span> <span class='ocrx_word' id='word_1_27' title='bbox 957 715 970 752; x_wconf 91' lang='lat'><strong>:</strong></span> <span class='ocrx_word' id='word_1_28' title='bbox 995 695 1110 751; x_wconf 71' lang='lat' dir='ltr'><strong>Nisi</strong></span> <span class='ocrx_word' id='word_1_29' title='bbox 1138 709 1350 767; x_wconf 80' lang='lat' dir='ltr'><strong>granum</strong></span> <span class='ocrx_word' id='word_1_30' title='bbox 1377 689 1622 763; x_wconf 76' lang='lat' dir='ltr'><strong>frumenti</strong></span> <span class='ocrx_word' id='word_1_31' title='bbox 1657 689 1841 739; x_wconf 80' lang='lat' dir='ltr'><strong>cadens</strong></span> 
     </span>
    </p>
   </div>
   <div class='ocr_carea' id='block_1_5' title="bbox 258 782 1844 864">
    <p class='ocr_par' dir='ltr' id='par_1_5' title="bbox 258 782 1844 864">
     <span class='ocr_line' id='line_1_5' title="bbox 258 782 1844 864; baseline -0.018 -6"><span class='ocrx_word' id='word_1_32' title='bbox 258 808 310 858; x_wconf 88' lang='lat' dir='ltr'><strong>in</strong></span> <span class='ocrx_word' id='word_1_33' title='bbox 333 815 524 856; x_wconf 76' lang='lat' dir='ltr'><strong>terram</strong></span> <span class='ocrx_word' id='word_1_34' title='bbox 545 808 796 853; x_wconf 76' lang='lat' dir='ltr'><strong>mortuum</strong></span> <span class='ocrx_word' id='word_1_35' title='bbox 821 794 993 864; x_wconf 81' lang='lat' dir='ltr'><strong>fuerit,</strong></span> <span class='ocrx_word' id='word_1_36' title='bbox 1035 792 1201 860; x_wconf 73' lang='lat' dir='ltr'><strong>ipsum</strong></span> <span class='ocrx_word' id='word_1_37' title='bbox 1226 788 1390 841; x_wconf 76' lang='lat' dir='ltr'><strong>solum</strong></span> <span class='ocrx_word' id='word_1_38' title='bbox 1417 793 1584 837; x_wconf 84' lang='lat' dir='ltr'><strong>manet</strong></span> <span class='ocrx_word' id='word_1_39' title='bbox 1608 798 1627 846; x_wconf 89' lang='lat'><strong>;</strong></span> <span class='ocrx_word' id='word_1_40' title='bbox 1651 782 1730 833; x_wconf 82' lang='lat' dir='ltr'><strong>sin</strong></span> <span class='ocrx_word' id='word_1_41' title='bbox 1756 793 1844 830; x_wconf 86' lang='lat' dir='ltr'><strong>au-</strong></span> 
     </span>
    </p>
   </div>
   <div class='ocr_carea' id='block_1_6' title="bbox 262 873 1843 962">
    <p class='ocr_par' dir='ltr' id='par_1_6' title="bbox 262 873 1843 962">
     <span class='ocr_line' id='line_1_6' title="bbox 262 873 1843 962; baseline -0.016 -10"><span class='ocrx_word' id='word_1_42' title='bbox 262 908 360 951; x_wconf 84' lang='lat' dir='ltr'><strong>tem</strong></span> <span class='ocrx_word' id='word_1_43' title='bbox 388 905 645 950; x_wconf 76' lang='lat' dir='ltr'><strong>mortuum</strong></span> <span class='ocrx_word' id='word_1_44' title='bbox 668 891 852 962; x_wconf 82' lang='lat' dir='ltr'><strong>fuerit,</strong></span> <span class='ocrx_word' id='word_1_45' title='bbox 883 887 1095 941; x_wconf 82' lang='lat' dir='ltr'><strong>multum</strong></span> <span class='ocrx_word' id='word_1_46' title='bbox 1123 888 1343 956; x_wconf 76' lang='lat' dir='ltr'><strong>fructum</strong></span> <span class='ocrx_word' id='word_1_47' title='bbox 1370 877 1520 946; x_wconf 71' lang='lat' dir='ltr'><strong>a/j&#39;ert</strong></span> <span class='ocrx_word' id='word_1_48' title='bbox 1547 875 1725 948; x_wconf 78' lang='lat' dir='ltr'><strong>(Joan.</strong></span> <span class='ocrx_word' id='word_1_49' title='bbox 1755 873 1843 927; x_wconf 75' lang='grc'><strong>12.</strong></span> 
     </span>
    </p>
   </div>
   <div class='ocr_carea' id='block_1_7' title="bbox 263 965 1848 1059">
    <p class='ocr_par' dir='ltr' id='par_1_7' title="bbox 263 965 1848 1059">
     <span class='ocr_line' id='line_1_7' title="bbox 263 965 1848 1059; baseline -0.017 -17"><span class='ocrx_word' id='word_1_50' title='bbox 263 988 351 1043; x_wconf 65' lang='grc'><strong>24.</strong></span> <span class='ocrx_word' id='word_1_51' title='bbox 385 985 512 1059; x_wconf 72' lang='lat'><strong>25);</strong></span> <span class='ocrx_word' id='word_1_52' title='bbox 547 986 634 1040; x_wconf 87' lang='lat' dir='ltr'><strong>hic</strong></span> <span class='ocrx_word' id='word_1_53' title='bbox 660 999 788 1039; x_wconf 87' lang='lat' dir='ltr'><strong>vero</strong></span> <span class='ocrx_word' id='word_1_54' title='bbox 813 980 1079 1050; x_wconf 84' lang='lat' dir='ltr'><strong>copiosius</strong></span> <span class='ocrx_word' id='word_1_55' title='bbox 1119 990 1230 1030; x_wconf 86' lang='lat' dir='ltr'><strong>rem</strong></span> <span class='ocrx_word' id='word_1_56' title='bbox 1258 980 1496 1027; x_wconf 87' lang='lat' dir='ltr'><strong>tractans</strong></span> <span class='ocrx_word' id='word_1_57' title='bbox 1518 1009 1532 1030; x_wconf 89' lang='lat'><strong>,</strong></span> <span class='ocrx_word' id='word_1_58' title='bbox 1561 983 1666 1021; x_wconf 91' lang='lat' dir='ltr'><strong>non</strong></span> <span class='ocrx_word' id='word_1_59' title='bbox 1694 965 1760 1020; x_wconf 88' lang='lat' dir='ltr'><strong>de</strong></span> <span class='ocrx_word' id='word_1_60' title='bbox 1789 978 1848 1059; x_wconf 75' lang='lat' dir='ltr'><strong>se</strong></span> 
     </span>
    </p>
   </div>
   <div class='ocr_carea' id='block_1_8' title="bbox 262 1054 1846 1138">
    <p class='ocr_par' dir='ltr' id='par_1_8' title="bbox 262 1054 1846 1138">
     <span class='ocr_line' id='line_1_8' title="bbox 262 1054 1846 1138; baseline -0.018 -3"><span class='ocrx_word' id='word_1_61' title='bbox 262 1084 438 1137; x_wconf 85' lang='lat' dir='ltr'><strong>solum</strong></span> <span class='ocrx_word' id='word_1_62' title='bbox 459 1054 635 1134; x_wconf 81' lang='lat' dir='ltr'><strong>morte</strong></span> <span class='ocrx_word' id='word_1_63' title='bbox 651 1070 1073 1132; x_wconf 89' lang='lat' dir='ltr'><strong>consummando</strong></span> <span class='ocrx_word' id='word_1_64' title='bbox 1099 1068 1354 1138; x_wconf 92' lang='lat' dir='ltr'><strong>loquitur,</strong></span> <span class='ocrx_word' id='word_1_65' title='bbox 1384 1062 1478 1116; x_wconf 91' lang='lat' dir='ltr'><strong>sed</strong></span> <span class='ocrx_word' id='word_1_66' title='bbox 1508 1059 1558 1115; x_wconf 93' lang='lat' dir='ltr'><strong>id</strong></span> <span class='ocrx_word' id='word_1_67' title='bbox 1593 1059 1750 1113; x_wconf 91' lang='lat' dir='ltr'><strong>etiam</strong></span> <span class='ocrx_word' id='word_1_68' title='bbox 1780 1054 1846 1108; x_wconf 86' lang='lat' dir='ltr'><strong>ad</strong></span> 
     </span>
    </p>
   </div>
   <div class='ocr_carea' id='block_1_9' title="bbox 262 1151 1851 1241">
    <p class='ocr_par' dir='ltr' id='par_1_9' title="bbox 262 1151 1851 1241">
     <span class='ocr_line' id='line_1_9' title="bbox 262 1151 1851 1241; baseline -0.017 -15"><span class='ocrx_word' id='word_1_69' title='bbox 262 1171 551 1241; x_wconf 86' lang='lat' dir='ltr'><strong>discipulos</strong></span> <span class='ocrx_word' id='word_1_70' title='bbox 580 1166 845 1224; x_wconf 88' lang='lat' dir='ltr'><strong>extendit.</strong></span> <span class='ocrx_word' id='word_1_71' title='bbox 877 1163 1105 1219; x_wconf 82' lang='lat' dir='ltr'><strong>Tantum</strong></span> <span class='ocrx_word' id='word_1_72' title='bbox 1149 1166 1229 1213; x_wconf 89' lang='lat' dir='ltr'><strong>est</strong></span> <span class='ocrx_word' id='word_1_73' title='bbox 1259 1155 1400 1211; x_wconf 90' lang='lat' dir='ltr'><strong>enim</strong></span> <span class='ocrx_word' id='word_1_74' title='bbox 1425 1152 1501 1207; x_wconf 87' lang='lat' dir='ltr'><strong>rei</strong></span> <span class='ocrx_word' id='word_1_75' title='bbox 1534 1151 1768 1241; x_wconf 82' lang='lat' dir='ltr'><strong>lucrum,</strong></span> <span class='ocrx_word' id='word_1_76' title='bbox 1793 1153 1851 1200; x_wconf 88' lang='lat' dir='ltr'><strong>ut</strong></span> 
     </span>
    </p>
   </div>
   <div class='ocr_carea' id='block_1_10' title="bbox 263 1239 1846 1329">
    <p class='ocr_par' dir='ltr' id='par_1_10' title="bbox 263 1239 1846 1329">
     <span class='ocr_line' id='line_1_10' title="bbox 263 1239 1846 1329; baseline -0.014 -15"><span class='ocrx_word' id='word_1_77' title='bbox 263 1239 418 1314; x_wconf 83' lang='lat' dir='ltr'><strong>vobis</strong></span> <span class='ocrx_word' id='word_1_78' title='bbox 447 1260 596 1329; x_wconf 85' lang='lat' dir='ltr'><strong>ipsis,</strong></span> <span class='ocrx_word' id='word_1_79' title='bbox 644 1257 687 1313; x_wconf 90' lang='lat' dir='ltr'><strong>si</strong></span> <span class='ocrx_word' id='word_1_80' title='bbox 721 1256 855 1318; x_wconf 88' lang='lat' dir='ltr'><strong>mori</strong></span> <span class='ocrx_word' id='word_1_81' title='bbox 883 1254 1082 1314; x_wconf 89' lang='lat' dir='ltr'><strong>nolitis,</strong></span> <span class='ocrx_word' id='word_1_82' title='bbox 1124 1249 1177 1304; x_wconf 91' lang='lat' dir='ltr'><strong>id</strong></span> <span class='ocrx_word' id='word_1_83' title='bbox 1199 1249 1518 1303; x_wconf 85' lang='lat' dir='ltr'><strong>damnosum</strong></span> <span class='ocrx_word' id='word_1_84' title='bbox 1542 1243 1697 1296; x_wconf 85' lang='lat' dir='ltr'><strong>vobis</strong></span> <span class='ocrx_word' id='word_1_85' title='bbox 1727 1239 1798 1294; x_wconf 87' lang='lat' dir='ltr'><strong>sit</strong></span> <span class='ocrx_word' id='word_1_86' title='bbox 1830 1255 1846 1292; x_wconf 89' lang='lat'><strong>:</strong></span> 
     </span>
    </p>
   </div>
   <div class='ocr_carea' id='block_1_11' title="bbox 264 1331 1848 1417">
    <p class='ocr_par' dir='ltr' id='par_1_11' title="bbox 264 1331 1848 1417">
     <span class='ocr_line' id='line_1_11' title="bbox 264 1331 1848 1417; baseline -0.013 -12"><span class='ocrx_word' id='word_1_87' title='bbox 264 1361 450 1406; x_wconf 86' lang='lat' dir='ltr'><strong>contra</strong></span> <span class='ocrx_word' id='word_1_88' title='bbox 490 1365 639 1417; x_wconf 85' lang='lat' dir='ltr'><strong>vero,</strong></span> <span class='ocrx_word' id='word_1_89' title='bbox 671 1349 715 1402; x_wconf 89' lang='lat' dir='ltr'><strong>si</strong></span> <span class='ocrx_word' id='word_1_90' title='bbox 746 1342 812 1401; x_wconf 83' lang='lat' dir='ltr'><strong>ad</strong></span> <span class='ocrx_word' id='word_1_91' title='bbox 855 1343 981 1399; x_wconf 90' lang='lat' dir='ltr'><strong>illud</strong></span> <span class='ocrx_word' id='word_1_92' title='bbox 1026 1342 1222 1396; x_wconf 89' lang='lat' dir='ltr'><strong>bonum</strong></span> <span class='ocrx_word' id='word_1_93' title='bbox 1254 1337 1423 1408; x_wconf 90' lang='lat' dir='ltr'><strong>parati</strong></span> <span class='ocrx_word' id='word_1_94' title='bbox 1449 1335 1588 1390; x_wconf 88' lang='lat' dir='ltr'><strong>sitis.</strong></span> <span class='ocrx_word' id='word_1_95' title='bbox 1617 1331 1722 1389; x_wconf 87' lang='lat' dir='ltr'><strong>Sed</strong></span> <span class='ocrx_word' id='word_1_96' title='bbox 1747 1332 1848 1385; x_wconf 93' lang='lat' dir='ltr'><strong>hoc</strong></span> 
     </span>
    </p>
   </div>
   <div class='ocr_carea' id='block_1_12' title="bbox 266 1429 1853 1513">
    <p class='ocr_par' dir='ltr' id='par_1_12' title="bbox 266 1429 1853 1513">
     <span class='ocr_line' id='line_1_12' title="bbox 266 1429 1853 1513; baseline -0.012 -14"><span class='ocrx_word' id='word_1_97' title='bbox 266 1445 320 1499; x_wconf 84' lang='lat' dir='ltr'><strong>in</strong></span> <span class='ocrx_word' id='word_1_98' title='bbox 352 1443 696 1513; x_wconf 82' lang='lat' dir='ltr'><strong>sequentibus</strong></span> <span class='ocrx_word' id='word_1_99' title='bbox 717 1437 970 1503; x_wconf 81' lang='lat' dir='ltr'><strong>ostendit,</strong></span> <span class='ocrx_word' id='word_1_100' title='bbox 1001 1435 1320 1502; x_wconf 84' lang='lat' dir='ltr'><strong>interimque</strong></span> <span class='ocrx_word' id='word_1_101' title='bbox 1337 1429 1464 1484; x_wconf 90' lang='lat' dir='ltr'><strong>illud</strong></span> <span class='ocrx_word' id='word_1_102' title='bbox 1490 1444 1590 1483; x_wconf 90' lang='lat' dir='ltr'><strong>una</strong></span> <span class='ocrx_word' id='word_1_103' title='bbox 1613 1443 1678 1483; x_wconf 89' lang='lat' dir='ltr'><strong>ex</strong></span> <span class='ocrx_word' id='word_1_104' title='bbox 1703 1435 1853 1496; x_wconf 88' lang='lat' dir='ltr'><strong>parte</strong></span> 
     </span>
    </p>
   </div>
   <div class='ocr_carea' id='block_1_13' title="bbox 267 1518 1846 1600">
    <p class='ocr_par' dir='ltr' id='par_1_13' title="bbox 267 1518 1846 1600">
     <span class='ocr_line' id='line_1_13' title="bbox 267 1518 1846 1600; baseline -0.014 -8"><span class='ocrx_word' id='word_1_105' title='bbox 267 1536 558 1592; x_wconf 76' lang='lat' dir='ltr'><strong>examinat.</strong></span> <span class='ocrx_word' id='word_1_106' title='bbox 589 1537 665 1587; x_wconf 84' lang='lat' dir='ltr'><strong>Ac</strong></span> <span class='ocrx_word' id='word_1_107' title='bbox 686 1532 804 1585; x_wconf 79' lang='lat' dir='ltr'><strong>vide</strong></span> <span class='ocrx_word' id='word_1_108' title='bbox 829 1527 1100 1600; x_wconf 90' lang='lat' dir='ltr'><strong>quomodo</strong></span> <span class='ocrx_word' id='word_1_109' title='bbox 1120 1525 1316 1580; x_wconf 88' lang='lat' dir='ltr'><strong>nullam</strong></span> <span class='ocrx_word' id='word_1_110' title='bbox 1350 1523 1588 1590; x_wconf 80' lang='lat' dir='ltr'><strong>imponat</strong></span> <span class='ocrx_word' id='word_1_111' title='bbox 1608 1518 1846 1574; x_wconf 86' lang='lat' dir='ltr'><strong>necessi-</strong></span> 
     </span>
    </p>
   </div>
   <div class='ocr_carea' id='block_1_14' title="bbox 269 1610 1855 1693">
    <p class='ocr_par' dir='ltr' id='par_1_14' title="bbox 269 1610 1855 1693">
     <span class='ocr_line' id='line_1_14' title="bbox 269 1610 1855 1693; baseline -0.011 -14"><span class='ocrx_word' id='word_1_112' title='bbox 269 1635 454 1680; x_wconf 86' lang='lat' dir='ltr'><strong>tatem.</strong></span> <span class='ocrx_word' id='word_1_113' title='bbox 486 1623 674 1693; x_wconf 82' lang='lat' dir='ltr'><strong>Neque</strong></span> <span class='ocrx_word' id='word_1_114' title='bbox 697 1622 839 1678; x_wconf 89' lang='lat' dir='ltr'><strong>enim</strong></span> <span class='ocrx_word' id='word_1_115' title='bbox 860 1621 1014 1684; x_wconf 90' lang='lat' dir='ltr'><strong>dixit,</strong></span> <span class='ocrx_word' id='word_1_116' title='bbox 1045 1617 1263 1678; x_wconf 76' lang='lat' dir='ltr'><strong>Velitis,</strong></span> <span class='ocrx_word' id='word_1_117' title='bbox 1294 1614 1495 1677; x_wconf 89' lang='lat' dir='ltr'><strong>nolitis,</strong></span> <span class='ocrx_word' id='word_1_118' title='bbox 1529 1611 1579 1665; x_wconf 88' lang='lat' dir='ltr'><strong>id</strong></span> <span class='ocrx_word' id='word_1_119' title='bbox 1621 1623 1716 1663; x_wconf 89' lang='lat' dir='ltr'><strong>vos</strong></span> <span class='ocrx_word' id='word_1_120' title='bbox 1749 1610 1855 1677; x_wconf 90' lang='lat' dir='ltr'><strong>pati</strong></span> 
     </span>
    </p>
   </div>
   <div class='ocr_carea' id='block_1_15' title="bbox 267 1699 1852 1785">
    <p class='ocr_par' dir='ltr' id='par_1_15' title="bbox 267 1699 1852 1785">
     <span class='ocr_line' id='line_1_15' title="bbox 267 1699 1852 1785; baseline -0.009 -19"><span class='ocrx_word' id='word_1_121' title='bbox 267 1723 481 1785; x_wconf 88' lang='lat' dir='ltr'><strong>oportet</strong></span> <span class='ocrx_word' id='word_1_122' title='bbox 513 1730 528 1768; x_wconf 91' lang='lat'><strong>:</strong></span> <span class='ocrx_word' id='word_1_123' title='bbox 577 1712 671 1768; x_wconf 86' lang='lat' dir='ltr'><strong>scd</strong></span> <span class='ocrx_word' id='word_1_124' title='bbox 711 1709 1023 1782; x_wconf 84' lang='lat' dir='ltr'><strong>quomodo?</strong></span> <span class='ocrx_word' id='word_1_125' title='bbox 1051 1708 1110 1764; x_wconf 87' lang='lat' dir='ltr'><strong>Si</strong></span> <span class='ocrx_word' id='word_1_126' title='bbox 1135 1706 1248 1775; x_wconf 80' lang='lat' dir='ltr'><strong>quis</strong></span> <span class='ocrx_word' id='word_1_127' title='bbox 1290 1704 1398 1758; x_wconf 78' lang='lat' dir='ltr'><strong>vult</strong></span> <span class='ocrx_word' id='word_1_128' title='bbox 1423 1711 1536 1772; x_wconf 79' lang='lat' dir='ltr'><strong>post</strong></span> <span class='ocrx_word' id='word_1_129' title='bbox 1563 1717 1640 1753; x_wconf 82' lang='lat' dir='ltr'><strong>me</strong></span> <span class='ocrx_word' id='word_1_130' title='bbox 1666 1699 1852 1751; x_wconf 79' lang='lat' dir='ltr'><strong>venire.</strong></span> 
     </span>
    </p>
   </div>
   <div class='ocr_carea' id='block_1_16' title="bbox 268 1789 1850 1867">
    <p class='ocr_par' dir='ltr' id='par_1_16' title="bbox 268 1789 1850 1867">
     <span class='ocr_line' id='line_1_16' title="bbox 268 1789 1850 1867; baseline -0.012 -7"><span class='ocrx_word' id='word_1_131' title='bbox 268 1805 384 1860; x_wconf 88' lang='lat' dir='ltr'><strong>Non</strong></span> <span class='ocrx_word' id='word_1_132' title='bbox 416 1806 521 1859; x_wconf 92' lang='lat' dir='ltr'><strong>vim</strong></span> <span class='ocrx_word' id='word_1_133' title='bbox 552 1802 742 1867; x_wconf 87' lang='lat' dir='ltr'><strong>infero,</strong></span> <span class='ocrx_word' id='word_1_134' title='bbox 768 1816 874 1856; x_wconf 91' lang='lat' dir='ltr'><strong>non</strong></span> <span class='ocrx_word' id='word_1_135' title='bbox 897 1799 1267 1854; x_wconf 75' lang='lat' dir='ltr'><strong>necessitatem</strong></span> <span class='ocrx_word' id='word_1_136' title='bbox 1286 1795 1524 1863; x_wconf 89' lang='lat' dir='ltr'><strong>impono,</strong></span> <span class='ocrx_word' id='word_1_137' title='bbox 1550 1791 1644 1846; x_wconf 89' lang='lat' dir='ltr'><strong>sed</strong></span> <span class='ocrx_word' id='word_1_138' title='bbox 1667 1789 1850 1843; x_wconf 87' lang='lat' dir='ltr'><strong>unius-</strong></span> 
     </span>
    </p>
   </div>
   <div class='ocr_carea' id='block_1_17' title="bbox 270 1881 1858 1965">
    <p class='ocr_par' dir='ltr' id='par_1_17' title="bbox 270 1881 1858 1965">
     <span class='ocr_line' id='line_1_17' title="bbox 270 1881 1858 1965; baseline -0.01 -14"><span class='ocrx_word' id='word_1_139' title='bbox 270 1897 533 1965; x_wconf 84' lang='lat' dir='ltr'><strong>cujusque</strong></span> <span class='ocrx_word' id='word_1_140' title='bbox 575 1895 798 1949; x_wconf 88' lang='lat' dir='ltr'><strong>arbitrio</strong></span> <span class='ocrx_word' id='word_1_141' title='bbox 852 1893 904 1947; x_wconf 91' lang='lat' dir='ltr'><strong>id</strong></span> <span class='ocrx_word' id='word_1_142' title='bbox 949 1891 1196 1959; x_wconf 88' lang='lat' dir='ltr'><strong>relinquo</strong></span> <span class='ocrx_word' id='word_1_143' title='bbox 1229 1905 1242 1941; x_wconf 91' lang='lat'>:</span> <span class='ocrx_word' id='word_1_144' title='bbox 1273 1887 1395 1942; x_wconf 88' lang='lat' dir='ltr'><strong>ideo</strong></span> <span class='ocrx_word' id='word_1_145' title='bbox 1445 1885 1566 1940; x_wconf 90' lang='lat' dir='ltr'><strong>dico</strong></span> <span class='ocrx_word' id='word_1_146' title='bbox 1592 1925 1606 1950; x_wconf 90' lang='lat'><strong>,</strong></span> <span class='ocrx_word' id='word_1_147' title='bbox 1642 1881 1703 1938; x_wconf 88' lang='lat' dir='ltr'><strong>Si</strong></span> <span class='ocrx_word' id='word_1_148' title='bbox 1745 1882 1858 1951; x_wconf 79' lang='lat' dir='ltr'><strong>quis</strong></span> 
     </span>
    </p>
   </div>
   <div class='ocr_carea' id='block_1_18' title="bbox 269 1973 1856 2050">
    <p class='ocr_par' dir='ltr' id='par_1_18' title="bbox 269 1973 1856 2050">
     <span class='ocr_line' id='line_1_18' title="bbox 269 1973 1856 2050; baseline -0.01 -8"><span class='ocrx_word' id='word_1_149' title='bbox 269 1989 398 2043; x_wconf 75' lang='lat' dir='ltr'><strong>vult.</strong></span> <span class='ocrx_word' id='word_1_150' title='bbox 435 1986 513 2042; x_wconf 87' lang='lat' dir='ltr'><strong>Ad</strong></span> <span class='ocrx_word' id='word_1_151' title='bbox 541 1986 675 2040; x_wconf 87' lang='lat' dir='ltr'><strong>bona</strong></span> <span class='ocrx_word' id='word_1_152' title='bbox 700 1999 860 2050; x_wconf 93' lang='lat' dir='ltr'><strong>voco;</strong></span> <span class='ocrx_word' id='word_1_153' title='bbox 893 1998 1000 2038; x_wconf 91' lang='lat' dir='ltr'><strong>non</strong></span> <span class='ocrx_word' id='word_1_154' title='bbox 1026 1981 1094 2036; x_wconf 88' lang='lat' dir='ltr'><strong>ad</strong></span> <span class='ocrx_word' id='word_1_155' title='bbox 1123 1980 1260 2034; x_wconf 89' lang='lat' dir='ltr'><strong>mala</strong></span> <span class='ocrx_word' id='word_1_156' title='bbox 1286 1988 1341 2033; x_wconf 91' lang='lat' dir='ltr'><strong>et</strong></span> <span class='ocrx_word' id='word_1_157' title='bbox 1364 1991 1616 2041; x_wconf 85' lang='lat' dir='ltr'><strong>onerosa,</strong></span> <span class='ocrx_word' id='word_1_158' title='bbox 1649 1989 1755 2028; x_wconf 91' lang='lat' dir='ltr'><strong>non</strong></span> <span class='ocrx_word' id='word_1_159' title='bbox 1787 1973 1856 2027; x_wconf 91' lang='lat' dir='ltr'><strong>ad</strong></span> 
     </span>
    </p>
   </div>
   <div class='ocr_carea' id='block_1_19' title="bbox 269 2067 1853 2148">
    <p class='ocr_par' dir='ltr' id='par_1_19' title="bbox 269 2067 1853 2148">
     <span class='ocr_line' id='line_1_19' title="bbox 269 2067 1853 2148; baseline -0.01 -14"><span class='ocrx_word' id='word_1_160' title='bbox 269 2077 588 2148; x_wconf 82' lang='lat' dir='ltr'><strong>supplicium</strong></span> <span class='ocrx_word' id='word_1_161' title='bbox 618 2085 672 2131; x_wconf 90' lang='lat' dir='ltr'><strong>et</strong></span> <span class='ocrx_word' id='word_1_162' title='bbox 709 2090 916 2146; x_wconf 69' lang='lat' dir='ltr'><strong>pinnas,</strong></span> <span class='ocrx_word' id='word_1_163' title='bbox 942 2084 1000 2127; x_wconf 90' lang='lat' dir='ltr'><strong>ut</strong></span> <span class='ocrx_word' id='word_1_164' title='bbox 1027 2087 1236 2143; x_wconf 86' lang='lat' dir='ltr'><strong>cogam.</strong></span> <span class='ocrx_word' id='word_1_165' title='bbox 1264 2070 1394 2124; x_wconf 80' lang='lat' dir='ltr'><strong>Nam</strong></span> <span class='ocrx_word' id='word_1_166' title='bbox 1425 2067 1538 2138; x_wconf 86' lang='lat' dir='ltr'><strong>ipsa</strong></span> <span class='ocrx_word' id='word_1_167' title='bbox 1566 2067 1640 2122; x_wconf 87' lang='lat' dir='ltr'><strong>rei</strong></span> <span class='ocrx_word' id='word_1_168' title='bbox 1666 2075 1853 2119; x_wconf 86' lang='lat' dir='ltr'><strong>natura</strong></span> 
     </span>
    </p>
   </div>
   <div class='ocr_carea' id='block_1_20' title="bbox 271 2158 1855 2242">
    <p class='ocr_par' dir='ltr' id='par_1_20' title="bbox 271 2158 1855 2242">
     <span class='ocr_line' id='line_1_20' title="bbox 271 2158 1855 2242; baseline -0.009 -17"><span class='ocrx_word' id='word_1_169' title='bbox 271 2181 448 2242; x_wconf 87' lang='lat' dir='ltr'><strong>potest</strong></span> <span class='ocrx_word' id='word_1_170' title='bbox 472 2170 538 2224; x_wconf 90' lang='lat' dir='ltr'><strong>ad</strong></span> <span class='ocrx_word' id='word_1_171' title='bbox 567 2168 618 2223; x_wconf 92' lang='lat' dir='ltr'><strong>id</strong></span> <span class='ocrx_word' id='word_1_172' title='bbox 657 2166 988 2238; x_wconf 83' lang='lat' dir='ltr'><strong>pertrahere.</strong></span> <span class='ocrx_word' id='word_1_173' title='bbox 1020 2166 1143 2219; x_wconf 63' lang='lat' dir='ltr'><strong>Huic</strong></span> <span class='ocrx_word' id='word_1_174' title='bbox 1172 2179 1334 2235; x_wconf 91' lang='lat' dir='ltr'><strong>porro</strong></span> <span class='ocrx_word' id='word_1_175' title='bbox 1361 2162 1546 2217; x_wconf 91' lang='lat' dir='ltr'><strong>dicens</strong></span> <span class='ocrx_word' id='word_1_176' title='bbox 1576 2159 1747 2228; x_wconf 82' lang='lat' dir='ltr'><strong>magis</strong></span> <span class='ocrx_word' id='word_1_177' title='bbox 1773 2158 1855 2212; x_wconf 87' lang='lat' dir='ltr'><strong>al-</strong></span> 
     </span>
    </p>
   </div>
   <div class='ocr_carea' id='block_1_21' title="bbox 273 2253 1858 2327">
    <p class='ocr_par' dir='ltr' id='par_1_21' title="bbox 273 2253 1858 2327">
     <span class='ocr_line' id='line_1_21' title="bbox 273 2253 1858 2327; baseline -0.008 -11"><span class='ocrx_word' id='word_1_178' title='bbox 273 2261 507 2316; x_wconf 87' lang='lat' dir='ltr'><strong>liciebat.</strong></span> <span class='ocrx_word' id='word_1_179' title='bbox 540 2259 671 2316; x_wconf 88' lang='lat' dir='ltr'><strong>Nam</strong></span> <span class='ocrx_word' id='word_1_180' title='bbox 703 2258 794 2327; x_wconf 90' lang='lat' dir='ltr'><strong>qui</strong></span> <span class='ocrx_word' id='word_1_181' title='bbox 820 2259 924 2312; x_wconf 85' lang='lat' dir='ltr'><strong>vim</strong></span> <span class='ocrx_word' id='word_1_182' title='bbox 952 2256 1135 2323; x_wconf 78' lang='lat' dir='ltr'><strong>infert,</strong></span> <span class='ocrx_word' id='word_1_183' title='bbox 1164 2270 1307 2325; x_wconf 68' lang='lat' dir='ltr'><strong>saepe</strong></span> <span class='ocrx_word' id='word_1_184' title='bbox 1342 2254 1575 2318; x_wconf 84' lang='lat' dir='ltr'><strong>avertit;</strong></span> <span class='ocrx_word' id='word_1_185' title='bbox 1609 2253 1696 2320; x_wconf 89' lang='lat' dir='ltr'><strong>qui</strong></span> <span class='ocrx_word' id='word_1_186' title='bbox 1729 2267 1858 2304; x_wconf 91' lang='lat' dir='ltr'><strong>vero</strong></span> 
     </span>
    </p>
   </div>
   <div class='ocr_carea' id='block_1_22' title="bbox 272 2345 1858 2417">
    <p class='ocr_par' dir='ltr' id='par_1_22' title="bbox 272 2345 1858 2417">
     <span class='ocr_line' id='line_1_22' title="bbox 272 2345 1858 2417; baseline -0.008 -9"><span class='ocrx_word' id='word_1_187' title='bbox 272 2369 386 2408; x_wconf 89' lang='lat' dir='ltr'><strong>rem</strong></span> <span class='ocrx_word' id='word_1_188' title='bbox 418 2350 674 2406; x_wconf 87' lang='lat' dir='ltr'><strong>auditoris</strong></span> <span class='ocrx_word' id='word_1_189' title='bbox 713 2348 934 2404; x_wconf 88' lang='lat' dir='ltr'><strong>arbitrio</strong></span> <span class='ocrx_word' id='word_1_190' title='bbox 962 2347 1249 2417; x_wconf 89' lang='lat' dir='ltr'><strong>relinquit,</strong></span> <span class='ocrx_word' id='word_1_191' title='bbox 1279 2347 1447 2416; x_wconf 85' lang='lat' dir='ltr'><strong>magis</strong></span> <span class='ocrx_word' id='word_1_192' title='bbox 1476 2345 1727 2408; x_wconf 80' lang='lat' dir='ltr'><strong>attrahit;</strong></span> <span class='ocrx_word' id='word_1_193' title='bbox 1761 2359 1858 2413; x_wconf 91' lang='lat' dir='ltr'><strong>po-</strong></span> 
     </span>
    </p>
   </div>
   <div class='ocr_carea' id='block_1_23' title="bbox 275 2436 1856 2512">
    <p class='ocr_par' dir='ltr' id='par_1_23' title="bbox 275 2436 1856 2512">
     <span class='ocr_line' id='line_1_23' title="bbox 275 2436 1856 2512; baseline -0.008 -14"><span class='ocrx_word' id='word_1_194' title='bbox 275 2445 473 2499; x_wconf 88' lang='lat' dir='ltr'><strong>tentior</strong></span> <span class='ocrx_word' id='word_1_195' title='bbox 493 2443 687 2512; x_wconf 90' lang='lat' dir='ltr'><strong>quippe</strong></span> <span class='ocrx_word' id='word_1_196' title='bbox 708 2452 790 2496; x_wconf 83' lang='lat' dir='ltr'><strong>est</strong></span> <span class='ocrx_word' id='word_1_197' title='bbox 813 2441 955 2494; x_wconf 90' lang='lat' dir='ltr'><strong>mitis</strong></span> <span class='ocrx_word' id='word_1_198' title='bbox 976 2439 1052 2493; x_wconf 88' lang='lat' dir='ltr'><strong>rei</strong></span> <span class='ocrx_word' id='word_1_199' title='bbox 1083 2439 1367 2507; x_wconf 85' lang='lat' dir='ltr'><strong>expositio,</strong></span> <span class='ocrx_word' id='word_1_200' title='bbox 1394 2452 1551 2504; x_wconf 83' lang='lat' dir='ltr'><strong>quam</strong></span> <span class='ocrx_word' id='word_1_201' title='bbox 1582 2436 1856 2489; x_wconf 80' lang='lat' dir='ltr'><strong>violentia.</strong></span> 
     </span>
    </p>
   </div>
   <div class='ocr_carea' id='block_1_24' title="bbox 271 2530 1855 2602">
    <p class='ocr_par' dir='ltr' id='par_1_24' title="bbox 271 2530 1855 2602">
     <span class='ocr_line' id='line_1_24' title="bbox 271 2530 1855 2602; baseline -0.008 -11"><span class='ocrx_word' id='word_1_202' title='bbox 271 2535 399 2591; x_wconf 80' lang='lat' dir='ltr'><strong>Ideo</strong></span> <span class='ocrx_word' id='word_1_203' title='bbox 423 2536 634 2590; x_wconf 85' lang='lat' dir='ltr'><strong>dicebat</strong></span> <span class='ocrx_word' id='word_1_204' title='bbox 676 2535 792 2599; x_wconf 89' lang='lat' dir='ltr'><strong>ille,</strong></span> <span class='ocrx_word' id='word_1_205' title='bbox 840 2533 1032 2602; x_wconf 78' lang='lat' dir='ltr'><strong>Siquis</strong></span> <span class='ocrx_word' id='word_1_206' title='bbox 1071 2531 1194 2585; x_wconf 78' lang='lat' dir='ltr'><strong>vult.</strong></span> <span class='ocrx_word' id='word_1_207' title='bbox 1240 2530 1422 2599; x_wconf 79' lang='lat' dir='ltr'><strong>Magna</strong></span> <span class='ocrx_word' id='word_1_208' title='bbox 1469 2531 1665 2598; x_wconf 88' lang='lat' dir='ltr'><strong>quippe</strong></span> <span class='ocrx_word' id='word_1_209' title='bbox 1710 2535 1855 2591; x_wconf 87' lang='lat' dir='ltr'><strong>sunt,</strong></span> 
     </span>
    </p>
   </div>
   <div class='ocr_carea' id='block_1_25' title="bbox 272 2619 1859 2697">
    <p class='ocr_par' dir='ltr' id='par_1_25' title="bbox 272 2619 1859 2697">
     <span class='ocr_line' id='line_1_25' title="bbox 272 2619 1859 2697; baseline -0.008 -15"><span class='ocrx_word' id='word_1_210' title='bbox 272 2628 462 2697; x_wconf 82' lang='lat' dir='ltr'><strong>inquit,</strong></span> <span class='ocrx_word' id='word_1_211' title='bbox 505 2642 625 2695; x_wconf 75' lang='lat' dir='ltr'><strong>qua:</strong></span> <span class='ocrx_word' id='word_1_212' title='bbox 671 2626 825 2679; x_wconf 87' lang='lat' dir='ltr'><strong>vobis</strong></span> <span class='ocrx_word' id='word_1_213' title='bbox 868 2623 1037 2678; x_wconf 77' lang='lat' dir='ltr'><strong>offero</strong></span> <span class='ocrx_word' id='word_1_214' title='bbox 1083 2624 1241 2682; x_wconf 89' lang='lat' dir='ltr'><strong>bona,</strong></span> <span class='ocrx_word' id='word_1_215' title='bbox 1271 2632 1326 2676; x_wconf 89' lang='lat' dir='ltr'><strong>et</strong></span> <span class='ocrx_word' id='word_1_216' title='bbox 1376 2621 1520 2682; x_wconf 85' lang='lat' dir='ltr'><strong>talia,</strong></span> <span class='ocrx_word' id='word_1_217' title='bbox 1571 2628 1628 2673; x_wconf 88' lang='lat' dir='ltr'><strong>ut</strong></span> <span class='ocrx_word' id='word_1_218' title='bbox 1676 2619 1742 2672; x_wconf 89' lang='lat' dir='ltr'><strong>ad</strong></span> <span class='ocrx_word' id='word_1_219' title='bbox 1796 2634 1859 2671; x_wconf 88' lang='lat' dir='ltr'><strong>ea</strong></span> 
     </span>
    </p>
   </div>
   <div class='ocr_carea' id='block_1_26' title="bbox 270 2710 1849 2788">
    <p class='ocr_par' dir='ltr' id='par_1_26' title="bbox 270 2710 1849 2788">
     <span class='ocr_line' id='line_1_26' title="bbox 270 2710 1849 2788; baseline -0.006 -15"><span class='ocrx_word' id='word_1_220' title='bbox 270 2728 463 2788; x_wconf 77' lang='lat' dir='ltr'><strong>sponte</strong></span> <span class='ocrx_word' id='word_1_221' title='bbox 502 2725 767 2772; x_wconf 84' lang='lat' dir='ltr'><strong>curratur.</strong></span> <span class='ocrx_word' id='word_1_222' title='bbox 811 2714 993 2783; x_wconf 83' lang='lat' dir='ltr'><strong>Neque</strong></span> <span class='ocrx_word' id='word_1_223' title='bbox 1036 2715 1177 2768; x_wconf 87' lang='lat' dir='ltr'><strong>enim</strong></span> <span class='ocrx_word' id='word_1_224' title='bbox 1208 2715 1251 2768; x_wconf 92' lang='lat' dir='ltr'><strong>si</strong></span> <span class='ocrx_word' id='word_1_225' title='bbox 1282 2714 1403 2783; x_wconf 88' lang='lat' dir='ltr'><strong>quis</strong></span> <span class='ocrx_word' id='word_1_226' title='bbox 1427 2726 1614 2765; x_wconf 86' lang='lat' dir='ltr'><strong>aurum</strong></span> <span class='ocrx_word' id='word_1_227' title='bbox 1647 2710 1849 2778; x_wconf 71' lang='lat' dir='ltr'><strong>prmbe-</strong></span> 
     </span>
    </p>
   </div>
   <div class='ocr_carea' id='block_1_27' title="bbox 269 2804 1856 2877">
    <p class='ocr_par' dir='ltr' id='par_1_27' title="bbox 269 2804 1856 2877">
     <span class='ocr_line' id='line_1_27' title="bbox 269 2804 1856 2877; baseline -0.009 -10"><span class='ocrx_word' id='word_1_228' title='bbox 269 2821 378 2875; x_wconf 80' lang='lat' dir='ltr'><strong>ret,</strong></span> <span class='ocrx_word' id='word_1_229' title='bbox 410 2819 464 2866; x_wconf 89' lang='lat' dir='ltr'><strong>et</strong></span> <span class='ocrx_word' id='word_1_230' title='bbox 494 2811 799 2865; x_wconf 85' lang='lat' dir='ltr'><strong>thesaurum</strong></span> <span class='ocrx_word' id='word_1_231' title='bbox 831 2815 1141 2877; x_wconf 87' lang='lat' dir='ltr'><strong>exponeret,</strong></span> <span class='ocrx_word' id='word_1_232' title='bbox 1171 2819 1294 2860; x_wconf 91' lang='lat' dir='ltr'><strong>cum</strong></span> <span class='ocrx_word' id='word_1_233' title='bbox 1323 2804 1572 2858; x_wconf 82' lang='lat' dir='ltr'><strong>violentia</strong></span> <span class='ocrx_word' id='word_1_234' title='bbox 1601 2811 1856 2866; x_wconf 87' lang='lat' dir='ltr'><strong>vocaret;</strong></span> 
     </span>
    </p>
   </div>
   <div class='ocr_carea' id='block_1_28' title="bbox 269 2896 1857 2964">
    <p class='ocr_par' dir='ltr' id='par_1_28' title="bbox 269 2896 1857 2964">
     <span class='ocr_line' id='line_1_28' title="bbox 269 2896 1857 2964; baseline -0.006 -6"><span class='ocrx_word' id='word_1_235' title='bbox 269 2903 318 2958; x_wconf 87' lang='lat' dir='ltr'><strong>si</strong></span> <span class='ocrx_word' id='word_1_236' title='bbox 357 2917 483 2957; x_wconf 89' lang='lat' dir='ltr'><strong>vero</strong></span> <span class='ocrx_word' id='word_1_237' title='bbox 512 2901 576 2955; x_wconf 89' lang='lat' dir='ltr'><strong>ad</strong></span> <span class='ocrx_word' id='word_1_238' title='bbox 624 2901 738 2955; x_wconf 79' lang='lat' dir='ltr'><strong>haec</strong></span> <span class='ocrx_word' id='word_1_239' title='bbox 768 2901 885 2955; x_wconf 88' lang='lat' dir='ltr'><strong>sine</strong></span> <span class='ocrx_word' id='word_1_240' title='bbox 915 2898 1163 2954; x_wconf 82' lang='lat' dir='ltr'><strong>violentia</strong></span> <span class='ocrx_word' id='word_1_241' title='bbox 1207 2897 1344 2960; x_wconf 88' lang='lat' dir='ltr'><strong>itur,</strong></span> <span class='ocrx_word' id='word_1_242' title='bbox 1375 2896 1545 2950; x_wconf 90' lang='lat' dir='ltr'><strong>multo</strong></span> <span class='ocrx_word' id='word_1_243' title='bbox 1573 2897 1740 2964; x_wconf 87' lang='lat' dir='ltr'><strong>magis</strong></span> <span class='ocrx_word' id='word_1_244' title='bbox 1790 2896 1857 2948; x_wconf 89' lang='lat' dir='ltr'><strong>ad</strong></span> 
     </span>
    </p>
   </div>
   <div class='ocr_carea' id='block_1_29' title="bbox 271 2989 1861 3059">
    <p class='ocr_par' dir='ltr' id='par_1_29' title="bbox 271 2989 1861 3059">
     <span class='ocr_line' id='line_1_29' title="bbox 271 2989 1861 3059; baseline -0.005 -11"><span class='ocrx_word' id='word_1_245' title='bbox 271 2994 508 3048; x_wconf 67' lang='lat' dir='ltr'><strong>crelestia</strong></span> <span class='ocrx_word' id='word_1_246' title='bbox 537 2994 696 3047; x_wconf 91' lang='lat' dir='ltr'><strong>bona.</strong></span> <span class='ocrx_word' id='word_1_247' title='bbox 725 2992 835 3047; x_wconf 88' lang='lat' dir='ltr'><strong>Nisi</strong></span> <span class='ocrx_word' id='word_1_248' title='bbox 875 2991 1016 3045; x_wconf 89' lang='lat' dir='ltr'><strong>enim</strong></span> <span class='ocrx_word' id='word_1_249' title='bbox 1045 2991 1158 3059; x_wconf 86' lang='lat' dir='ltr'><strong>ipsa</strong></span> <span class='ocrx_word' id='word_1_250' title='bbox 1187 2990 1263 3044; x_wconf 86' lang='lat' dir='ltr'><strong>rei</strong></span> <span class='ocrx_word' id='word_1_251' title='bbox 1301 2997 1486 3042; x_wconf 89' lang='lat' dir='ltr'><strong>natura</strong></span> <span class='ocrx_word' id='word_1_252' title='bbox 1517 2989 1608 3042; x_wconf 90' lang='lat' dir='ltr'><strong>tibi</strong></span> <span class='ocrx_word' id='word_1_253' title='bbox 1645 3002 1861 3056; x_wconf 89' lang='lat' dir='ltr'><strong>persua-</strong></span> 
     </span>
    </p>
   </div>
   <div class='ocr_carea' id='block_1_30' title="bbox 272 3080 1859 3153">
    <p class='ocr_par' dir='ltr' id='par_1_30' title="bbox 272 3080 1859 3153">
     <span class='ocr_line' id='line_1_30' title="bbox 272 3080 1859 3153; baseline -0.003 -14"><span class='ocrx_word' id='word_1_254' title='bbox 272 3084 401 3140; x_wconf 86' lang='lat' dir='ltr'><strong>deat</strong></span> <span class='ocrx_word' id='word_1_255' title='bbox 418 3092 476 3138; x_wconf 92' lang='lat' dir='ltr'><strong>ut</strong></span> <span class='ocrx_word' id='word_1_256' title='bbox 497 3099 767 3148; x_wconf 88' lang='lat' dir='ltr'><strong>accurras,</strong></span> <span class='ocrx_word' id='word_1_257' title='bbox 791 3083 901 3153; x_wconf 88' lang='lat' dir='ltr'><strong>jam</strong></span> <span class='ocrx_word' id='word_1_258' title='bbox 929 3082 1121 3151; x_wconf 86' lang='lat' dir='ltr'><strong>dignus</strong></span> <span class='ocrx_word' id='word_1_259' title='bbox 1142 3097 1244 3134; x_wconf 93' lang='lat' dir='ltr'><strong>non</strong></span> <span class='ocrx_word' id='word_1_260' title='bbox 1271 3095 1330 3134; x_wconf 91' lang='lat' dir='ltr'><strong>es</strong></span> <span class='ocrx_word' id='word_1_261' title='bbox 1355 3080 1446 3149; x_wconf 85' lang='lat' dir='ltr'><strong>qui</strong></span> <span class='ocrx_word' id='word_1_262' title='bbox 1472 3080 1735 3148; x_wconf 89' lang='lat' dir='ltr'><strong>accipias;</strong></span> <span class='ocrx_word' id='word_1_263' title='bbox 1762 3095 1859 3135; x_wconf 87' lang='lat' dir='ltr'><strong>ne-</strong></span> 
     </span>
    </p>
   </div>
   <div class='ocr_carea' id='block_1_31' title="bbox 273 3172 1856 3246">
    <p class='ocr_par' dir='ltr' id='par_1_31' title="bbox 273 3172 1856 3246">
     <span class='ocr_line' id='line_1_31' title="bbox 273 3172 1856 3246; baseline -0.004 -17"><span class='ocrx_word' id='word_1_264' title='bbox 273 3192 400 3246; x_wconf 92' lang='lat' dir='ltr'><strong>que,</strong></span> <span class='ocrx_word' id='word_1_265' title='bbox 443 3175 488 3231; x_wconf 90' lang='lat' dir='ltr'><strong>si</strong></span> <span class='ocrx_word' id='word_1_266' title='bbox 527 3175 820 3244; x_wconf 88' lang='lat' dir='ltr'><strong>acceperis,</strong></span> <span class='ocrx_word' id='word_1_267' title='bbox 872 3184 1016 3228; x_wconf 88' lang='lat' dir='ltr'><strong>recte</strong></span> <span class='ocrx_word' id='word_1_268' title='bbox 1061 3174 1198 3227; x_wconf 85' lang='lat' dir='ltr'><strong>scias</strong></span> <span class='ocrx_word' id='word_1_269' title='bbox 1223 3181 1455 3241; x_wconf 75' lang='lat' dir='ltr'><strong>accepta:</strong></span> <span class='ocrx_word' id='word_1_270' title='bbox 1504 3172 1577 3226; x_wconf 87' lang='lat' dir='ltr'><strong>rei</strong></span> <span class='ocrx_word' id='word_1_271' title='bbox 1610 3173 1856 3241; x_wconf 88' lang='lat' dir='ltr'><strong>pretium.</strong></span> 
     </span>
    </p>
   </div>
   <div class='ocr_carea' id='block_1_32' title="bbox 274 3265 1862 3340">
    <p class='ocr_par' dir='ltr' id='par_1_32' title="bbox 274 3265 1862 3340">
     <span class='ocr_line' id='line_1_32' title="bbox 274 3265 1862 3340; baseline -0.002 -17"><span class='ocrx_word' id='word_1_272' title='bbox 274 3270 402 3324; x_wconf 87' lang='lat' dir='ltr'><strong>Ideo</strong></span> <span class='ocrx_word' id='word_1_273' title='bbox 429 3285 534 3324; x_wconf 90' lang='lat' dir='ltr'><strong>non</strong></span> <span class='ocrx_word' id='word_1_274' title='bbox 561 3271 700 3340; x_wconf 86' lang='lat' dir='ltr'><strong>cogit</strong></span> <span class='ocrx_word' id='word_1_275' title='bbox 724 3267 988 3333; x_wconf 86' lang='lat' dir='ltr'><strong>Christus,</strong></span> <span class='ocrx_word' id='word_1_276' title='bbox 1018 3265 1111 3322; x_wconf 86' lang='lat' dir='ltr'><strong>sed</strong></span> <span class='ocrx_word' id='word_1_277' title='bbox 1144 3267 1382 3320; x_wconf 86' lang='lat' dir='ltr'><strong>hortatur</strong></span> <span class='ocrx_word' id='word_1_278' title='bbox 1399 3306 1415 3331; x_wconf 97' lang='lat'><strong>,</strong></span> <span class='ocrx_word' id='word_1_279' title='bbox 1458 3266 1737 3336; x_wconf 77' lang='lat' dir='ltr'><strong>indulgens</strong></span> <span class='ocrx_word' id='word_1_280' title='bbox 1764 3280 1862 3320; x_wconf 87' lang='lat' dir='ltr'><strong>no-</strong></span> 
     </span>
    </p>
   </div>
   <div class='ocr_carea' id='block_1_33' title="bbox 273 3357 1860 3428">
    <p class='ocr_par' dir='ltr' id='par_1_33' title="bbox 273 3357 1860 3428">
     <span class='ocr_line' id='line_1_33' title="bbox 273 3357 1860 3428; baseline -0.003 -13"><span class='ocrx_word' id='word_1_281' title='bbox 273 3361 379 3415; x_wconf 89' lang='lat' dir='ltr'><strong>bis.</strong></span> <span class='ocrx_word' id='word_1_282' title='bbox 403 3361 533 3428; x_wconf 87' lang='lat' dir='ltr'><strong>Quia</strong></span> <span class='ocrx_word' id='word_1_283' title='bbox 558 3365 700 3414; x_wconf 93' lang='lat' dir='ltr'><strong>enim</strong></span> <span class='ocrx_word' id='word_1_284' title='bbox 727 3361 891 3414; x_wconf 86' lang='lat' dir='ltr'><strong>multa</strong></span> <span class='ocrx_word' id='word_1_285' title='bbox 923 3357 1347 3419; x_wconf 89' lang='lat' dir='ltr'><strong>insusurrabant,</strong></span> <span class='ocrx_word' id='word_1_286' title='bbox 1374 3373 1440 3411; x_wconf 90' lang='lat' dir='ltr'><strong>ex</strong></span> <span class='ocrx_word' id='word_1_287' title='bbox 1459 3358 1550 3410; x_wconf 90' lang='lat' dir='ltr'><strong>illo</strong></span> <span class='ocrx_word' id='word_1_288' title='bbox 1575 3357 1716 3411; x_wconf 89' lang='lat' dir='ltr'><strong>dicto</strong></span> <span class='ocrx_word' id='word_1_289' title='bbox 1746 3367 1860 3410; x_wconf 90' lang='lat' dir='ltr'><strong>tur-</strong></span> 
     </span>
    </p>
   </div>
   <div class='ocr_carea' id='block_1_34' title="bbox 254 3439 1856 3518">
    <p class='ocr_par' dir='ltr' id='par_1_34' title="bbox 254 3439 1856 3518">
     <span class='ocr_line' id='line_1_34' title="bbox 254 3439 1856 3518; baseline -0.004 -12"><span class='ocrx_word' id='word_1_290' title='bbox 254 3439 406 3512; x_wconf 43' lang='lat' dir='ltr'><strong>‘bati,</strong></span> <span class='ocrx_word' id='word_1_291' title='bbox 435 3443 564 3506; x_wconf 85' lang='lat' dir='ltr'><strong>dicit</strong></span> <span class='ocrx_word' id='word_1_292' title='bbox 594 3453 698 3505; x_wconf 87' lang='lat' dir='ltr'><strong>illis</strong></span> <span class='ocrx_word' id='word_1_293' title='bbox 732 3473 744 3506; x_wconf 90' lang='lat'><strong>:</strong></span> <span class='ocrx_word' id='word_1_294' title='bbox 778 3450 892 3504; x_wconf 83' lang='lat' dir='ltr'><strong>Non</strong></span> <span class='ocrx_word' id='word_1_295' title='bbox 921 3459 1002 3504; x_wconf 92' lang='lat' dir='ltr'><strong>est</strong></span> <span class='ocrx_word' id='word_1_296' title='bbox 1045 3464 1180 3517; x_wconf 93' lang='lat' dir='ltr'><strong>opus</strong></span> <span class='ocrx_word' id='word_1_297' title='bbox 1210 3450 1510 3502; x_wconf 88' lang='lat' dir='ltr'><strong>turbatione</strong></span> <span class='ocrx_word' id='word_1_298' title='bbox 1531 3457 1586 3502; x_wconf 89' lang='lat' dir='ltr'><strong>et</strong></span> <span class='ocrx_word' id='word_1_299' title='bbox 1611 3448 1856 3518; x_wconf 87' lang='lat' dir='ltr'><strong>strepitu.</strong></span> 
     </span>
    </p>
   </div>
   <div class='ocr_carea' id='block_1_35' title="bbox 275 3542 1864 3613">
    <p class='ocr_par' dir='ltr' id='par_1_35' title="bbox 275 3542 1864 3613">
     <span class='ocr_line' id='line_1_35' title="bbox 275 3542 1864 3613; baseline -0.003 -14"><span class='ocrx_word' id='word_1_300' title='bbox 275 3543 335 3598; x_wconf 87' lang='lat' dir='ltr'><strong>Si</strong></span> <span class='ocrx_word' id='word_1_301' title='bbox 359 3559 465 3598; x_wconf 90' lang='lat' dir='ltr'><strong>non</strong></span> <span class='ocrx_word' id='word_1_302' title='bbox 516 3544 718 3613; x_wconf 88' lang='lat' dir='ltr'><strong>putatis</strong></span> <span class='ocrx_word' id='word_1_303' title='bbox 741 3542 793 3596; x_wconf 91' lang='lat' dir='ltr'><strong>id</strong></span> <span class='ocrx_word' id='word_1_304' title='bbox 825 3543 966 3611; x_wconf 89' lang='lat' dir='ltr'><strong>quod</strong></span> <span class='ocrx_word' id='word_1_305' title='bbox 994 3542 1144 3606; x_wconf 90' lang='lat' dir='ltr'><strong>dixi,</strong></span> <span class='ocrx_word' id='word_1_306' title='bbox 1175 3542 1222 3597; x_wconf 90' lang='lat' dir='ltr'><strong>si</strong></span> <span class='ocrx_word' id='word_1_307' title='bbox 1266 3543 1422 3597; x_wconf 89' lang='lat' dir='ltr'><strong>vobis</strong></span> <span class='ocrx_word' id='word_1_308' title='bbox 1471 3555 1689 3612; x_wconf 89' lang='lat' dir='ltr'><strong>quoque</strong></span> <span class='ocrx_word' id='word_1_309' title='bbox 1730 3555 1864 3596; x_wconf 91' lang='lat' dir='ltr'><strong>con-</strong></span> 
     </span>
    </p>
   </div>
   <div class='ocr_carea' id='block_1_36' title="bbox 275 3635 1862 3708">
    <p class='ocr_par' dir='ltr' id='par_1_36' title="bbox 275 3635 1862 3708">
     <span class='ocr_line' id='line_1_36' title="bbox 275 3635 1862 3708; baseline -0.004 -14"><span class='ocrx_word' id='word_1_310' title='bbox 275 3641 467 3708; x_wconf 79' lang='lat' dir='ltr'><strong>tingat,</strong></span> <span class='ocrx_word' id='word_1_311' title='bbox 497 3635 976 3692; x_wconf 87' lang='lat' dir='ltr'><strong>innumerabilium</strong></span> <span class='ocrx_word' id='word_1_312' title='bbox 1023 3636 1286 3690; x_wconf 90' lang='lat' dir='ltr'><strong>bonorum</strong></span> <span class='ocrx_word' id='word_1_313' title='bbox 1323 3650 1444 3691; x_wconf 83' lang='lat' dir='ltr'><strong>esse</strong></span> <span class='ocrx_word' id='word_1_314' title='bbox 1480 3650 1725 3700; x_wconf 83' lang='lat' dir='ltr'><strong>causam,</strong></span> <span class='ocrx_word' id='word_1_315' title='bbox 1754 3649 1862 3688; x_wconf 89' lang='lat' dir='ltr'><strong>non</strong></span> 
     </span>
    </p>
   </div>
   <div class='ocr_carea' id='block_1_37' title="bbox 269 3723 1859 3794">
    <p class='ocr_par' dir='ltr' id='par_1_37' title="bbox 269 3723 1859 3794">
     <span class='ocr_line' id='line_1_37' title="bbox 269 3723 1859 3794; baseline -0.002 -15"><span class='ocrx_word' id='word_1_316' title='bbox 269 3727 382 3779; x_wconf 85' lang='lat' dir='ltr'><strong>vim</strong></span> <span class='ocrx_word' id='word_1_317' title='bbox 416 3725 586 3779; x_wconf 88' lang='lat' dir='ltr'><strong>infero</strong></span> <span class='ocrx_word' id='word_1_318' title='bbox 607 3767 622 3790; x_wconf 95' lang='lat'><strong>,</strong></span> <span class='ocrx_word' id='word_1_319' title='bbox 653 3741 758 3780; x_wconf 92' lang='lat' dir='ltr'><strong>non</strong></span> <span class='ocrx_word' id='word_1_320' title='bbox 786 3739 919 3794; x_wconf 80' lang='lat' dir='ltr'><strong>cogo</strong></span> <span class='ocrx_word' id='word_1_321' title='bbox 943 3765 959 3792; x_wconf 89' lang='lat'><strong>,</strong></span> <span class='ocrx_word' id='word_1_322' title='bbox 986 3723 1079 3778; x_wconf 88' lang='lat' dir='ltr'><strong>sed</strong></span> <span class='ocrx_word' id='word_1_323' title='bbox 1109 3739 1232 3779; x_wconf 91' lang='lat' dir='ltr'><strong>eum</strong></span> <span class='ocrx_word' id='word_1_324' title='bbox 1258 3724 1347 3793; x_wconf 91' lang='lat' dir='ltr'><strong>qui</strong></span> <span class='ocrx_word' id='word_1_325' title='bbox 1376 3725 1526 3793; x_wconf 89' lang='lat' dir='ltr'><strong>sequi</strong></span> <span class='ocrx_word' id='word_1_326' title='bbox 1553 3724 1681 3777; x_wconf 86' lang='lat' dir='ltr'><strong>velit</strong></span> <span class='ocrx_word' id='word_1_327' title='bbox 1701 3737 1859 3776; x_wconf 87' lang='lat' dir='ltr'><strong>voco.</strong></span> 
     </span>
    </p>
   </div>
   <div class='ocr_carea' id='block_1_38' title="bbox 273 3815 1862 3890">
    <p class='ocr_par' dir='ltr' id='par_1_38' title="bbox 273 3815 1862 3890">
     <span class='ocr_line' id='line_1_38' title="bbox 273 3815 1862 3890; baseline -0.003 -17"><span class='ocrx_word' id='word_1_328' title='bbox 273 3817 355 3874; x_wconf 83' lang='lat' dir='ltr'><strong>Ne</strong></span> <span class='ocrx_word' id='word_1_329' title='bbox 384 3819 579 3890; x_wconf 89' lang='lat' dir='ltr'><strong>putetis</strong></span> <span class='ocrx_word' id='word_1_330' title='bbox 609 3829 786 3872; x_wconf 85' lang='lat' dir='ltr'><strong>autem</strong></span> <span class='ocrx_word' id='word_1_331' title='bbox 822 3817 971 3885; x_wconf 84' lang='lat' dir='ltr'><strong>sequi</strong></span> <span class='ocrx_word' id='word_1_332' title='bbox 1005 3831 1109 3879; x_wconf 88' lang='lat' dir='ltr'><strong>me,</strong></span> <span class='ocrx_word' id='word_1_333' title='bbox 1131 3815 1262 3870; x_wconf 90' lang='lat' dir='ltr'><strong>illud</strong></span> <span class='ocrx_word' id='word_1_334' title='bbox 1286 3831 1405 3869; x_wconf 88' lang='lat' dir='ltr'><strong>esse</strong></span> <span class='ocrx_word' id='word_1_335' title='bbox 1434 3815 1576 3884; x_wconf 91' lang='lat' dir='ltr'><strong>quod</strong></span> <span class='ocrx_word' id='word_1_336' title='bbox 1601 3830 1696 3868; x_wconf 88' lang='lat' dir='ltr'><strong>vos</strong></span> <span class='ocrx_word' id='word_1_337' title='bbox 1720 3830 1862 3869; x_wconf 89' lang='lat' dir='ltr'><strong>nunc</strong></span> 
     </span>
    </p>
   </div>
   <div class='ocr_carea' id='block_1_39' title="bbox 270 3906 1863 3977">
    <p class='ocr_par' dir='ltr' id='par_1_39' title="bbox 270 3906 1863 3977">
     <span class='ocr_line' id='line_1_39' title="bbox 270 3906 1863 3977; baseline -0.003 -13"><span class='ocrx_word' id='word_1_338' title='bbox 270 3911 469 3973; x_wconf 78' lang='lat' dir='ltr'><strong>facitis,</strong></span> <span class='ocrx_word' id='word_1_339' title='bbox 500 3925 620 3964; x_wconf 90' lang='lat' dir='ltr'><strong>cum</strong></span> <span class='ocrx_word' id='word_1_340' title='bbox 654 3925 738 3964; x_wconf 90' lang='lat' dir='ltr'><strong>me</strong></span> <span class='ocrx_word' id='word_1_341' title='bbox 769 3907 1069 3977; x_wconf 87' lang='lat' dir='ltr'><strong>sequimini.</strong></span> <span class='ocrx_word' id='word_1_342' title='bbox 1093 3906 1270 3961; x_wconf 84' lang='lat' dir='ltr'><strong>Multis</strong></span> <span class='ocrx_word' id='word_1_343' title='bbox 1298 3908 1401 3961; x_wconf 92' lang='lat' dir='ltr'><strong>erit</strong></span> <span class='ocrx_word' id='word_1_344' title='bbox 1441 3907 1597 3960; x_wconf 86' lang='lat' dir='ltr'><strong>vobis</strong></span> <span class='ocrx_word' id='word_1_345' title='bbox 1619 3921 1754 3975; x_wconf 91' lang='lat' dir='ltr'><strong>opus</strong></span> <span class='ocrx_word' id='word_1_346' title='bbox 1781 3907 1863 3959; x_wconf 84' lang='lat' dir='ltr'><strong>la-</strong></span> 
     </span>
    </p>
   </div>
   <div class='ocr_carea' id='block_1_40' title="bbox 276 3998 1859 4068">
    <p class='ocr_par' dir='ltr' id='par_1_40' title="bbox 276 3998 1859 4068">
     <span class='ocr_line' id='line_1_40' title="bbox 276 3998 1859 4068; baseline -0.003 -12"><span class='ocrx_word' id='word_1_347' title='bbox 276 4000 517 4066; x_wconf 86' lang='lat' dir='ltr'><strong>boribus,</strong></span> <span class='ocrx_word' id='word_1_348' title='bbox 567 4002 746 4055; x_wconf 86' lang='lat' dir='ltr'><strong>multis</strong></span> <span class='ocrx_word' id='word_1_349' title='bbox 790 4000 1042 4068; x_wconf 83' lang='lat' dir='ltr'><strong>periculis</strong></span> <span class='ocrx_word' id='word_1_350' title='bbox 1095 3998 1137 4052; x_wconf 90' lang='lat' dir='ltr'><strong>si</strong></span> <span class='ocrx_word' id='word_1_351' title='bbox 1187 4007 1309 4068; x_wconf 90' lang='lat' dir='ltr'><strong>post</strong></span> <span class='ocrx_word' id='word_1_352' title='bbox 1347 4013 1431 4052; x_wconf 89' lang='lat' dir='ltr'><strong>me</strong></span> <span class='ocrx_word' id='word_1_353' title='bbox 1480 3999 1690 4052; x_wconf 89' lang='lat' dir='ltr'><strong>venturi</strong></span> <span class='ocrx_word' id='word_1_354' title='bbox 1720 3999 1859 4052; x_wconf 89' lang='lat' dir='ltr'><strong>sitis.</strong></span> 
     </span>
    </p>
   </div>
   <div class='ocr_carea' id='block_1_41' title="bbox 275 4087 1861 4166">
    <p class='ocr_par' dir='ltr' id='par_1_41' title="bbox 275 4087 1861 4166">
     <span class='ocr_line' id='line_1_41' title="bbox 275 4087 1861 4166; baseline -0.002 -20"><span class='ocrx_word' id='word_1_355' title='bbox 275 4091 393 4146; x_wconf 87' lang='lat' dir='ltr'><strong>Non</strong></span> <span class='ocrx_word' id='word_1_356' title='bbox 425 4093 588 4154; x_wconf 89' lang='lat' dir='ltr'><strong>enim,</strong></span> <span class='ocrx_word' id='word_1_357' title='bbox 618 4107 650 4145; x_wconf 96' lang='lat' dir='ltr'><strong>o</strong></span> <span class='ocrx_word' id='word_1_358' title='bbox 678 4091 855 4166; x_wconf 82' lang='lat' dir='ltr'><strong>Petre,</strong></span> <span class='ocrx_word' id='word_1_359' title='bbox 879 4093 1000 4160; x_wconf 89' lang='lat' dir='ltr'><strong>quia</strong></span> <span class='ocrx_word' id='word_1_360' title='bbox 1028 4105 1170 4144; x_wconf 89' lang='lat' dir='ltr'><strong>nunc</strong></span> <span class='ocrx_word' id='word_1_361' title='bbox 1200 4105 1286 4143; x_wconf 91' lang='lat' dir='ltr'><strong>me</strong></span> <span class='ocrx_word' id='word_1_362' title='bbox 1311 4087 1505 4142; x_wconf 89' lang='lat' dir='ltr'><strong>Filium</strong></span> <span class='ocrx_word' id='word_1_363' title='bbox 1531 4090 1621 4144; x_wconf 92' lang='lat' dir='ltr'><strong>Dei</strong></span> <span class='ocrx_word' id='word_1_364' title='bbox 1652 4089 1861 4143; x_wconf 63' lang='lat' dir='ltr'><strong>confes</strong></span> 
     </span>
    </p>
   </div>
   <div class='ocr_carea' id='block_1_42' title="bbox 275 4179 1865 4250">
    <p class='ocr_par' dir='ltr' id='par_1_42' title="bbox 275 4179 1865 4250">
     <span class='ocr_line' id='line_1_42' title="bbox 275 4179 1865 4250; baseline -0.003 -12"><span class='ocrx_word' id='word_1_365' title='bbox 275 4197 371 4238; x_wconf 79' lang='lat' dir='ltr'><strong>sus</strong></span> <span class='ocrx_word' id='word_1_366' title='bbox 394 4199 471 4247; x_wconf 88' lang='lat' dir='ltr'><strong>es,</strong></span> <span class='ocrx_word' id='word_1_367' title='bbox 498 4182 617 4237; x_wconf 83' lang='lat' dir='ltr'><strong>ideo</strong></span> <span class='ocrx_word' id='word_1_368' title='bbox 641 4191 841 4236; x_wconf 90' lang='lat' dir='ltr'><strong>tantum</strong></span> <span class='ocrx_word' id='word_1_369' title='bbox 868 4182 1033 4236; x_wconf 89' lang='lat' dir='ltr'><strong>debes</strong></span> <span class='ocrx_word' id='word_1_370' title='bbox 1059 4196 1288 4236; x_wconf 87' lang='lat' dir='ltr'><strong>coronas</strong></span> <span class='ocrx_word' id='word_1_371' title='bbox 1309 4179 1652 4250; x_wconf 79' lang='lat' dir='ltr'><strong>exSpectare,</strong></span> <span class='ocrx_word' id='word_1_372' title='bbox 1683 4189 1738 4236; x_wconf 86' lang='lat' dir='ltr'><strong>et</strong></span> <span class='ocrx_word' id='word_1_373' title='bbox 1769 4198 1865 4250; x_wconf 87' lang='lat' dir='ltr'><strong>pn-</strong></span> 
     </span>
    </p>
   </div>
   <div class='ocr_carea' id='block_1_43' title="bbox 277 4272 1865 4349">
    <p class='ocr_par' dir='ltr' id='par_1_43' title="bbox 277 4272 1865 4349">
     <span class='ocr_line' id='line_1_43' title="bbox 277 4272 1865 4349; baseline -0.001 -20"><span class='ocrx_word' id='word_1_374' title='bbox 277 4285 392 4329; x_wconf 90' lang='lat' dir='ltr'><strong>tare</strong></span> <span class='ocrx_word' id='word_1_375' title='bbox 418 4275 467 4329; x_wconf 92' lang='lat' dir='ltr'><strong>id</strong></span> <span class='ocrx_word' id='word_1_376' title='bbox 516 4274 610 4329; x_wconf 88' lang='lat' dir='ltr'><strong>tibi</strong></span> <span class='ocrx_word' id='word_1_377' title='bbox 659 4288 779 4328; x_wconf 86' lang='lat' dir='ltr'><strong>esse</strong></span> <span class='ocrx_word' id='word_1_378' title='bbox 806 4272 871 4327; x_wconf 83' lang='lat' dir='ltr'><strong>ad</strong></span> <span class='ocrx_word' id='word_1_379' title='bbox 919 4274 1147 4327; x_wconf 88' lang='lat' dir='ltr'><strong>salutem</strong></span> <span class='ocrx_word' id='word_1_380' title='bbox 1175 4273 1339 4338; x_wconf 90' lang='lat' dir='ltr'><strong>satis,</strong></span> <span class='ocrx_word' id='word_1_381' title='bbox 1370 4282 1530 4342; x_wconf 86' lang='lat' dir='ltr'><strong>atque</strong></span> <span class='ocrx_word' id='word_1_382' title='bbox 1577 4273 1865 4349; x_wconf 63' lang='lat' dir='ltr'><strong>tranquille</strong></span> 
     </span>
    </p>
   </div>
   <div class='ocr_carea' id='block_1_44' title="bbox 276 4365 1862 4438">
    <p class='ocr_par' dir='ltr' id='par_1_44' title="bbox 276 4365 1862 4438">
     <span class='ocr_line' id='line_1_44' title="bbox 276 4365 1862 4438; baseline -0.001 -16"><span class='ocrx_word' id='word_1_383' title='bbox 276 4377 460 4438; x_wconf 87' lang='lat' dir='ltr'><strong>postea</strong></span> <span class='ocrx_word' id='word_1_384' title='bbox 490 4367 707 4436; x_wconf 87' lang='lat' dir='ltr'><strong>degere,</strong></span> <span class='ocrx_word' id='word_1_385' title='bbox 739 4381 801 4420; x_wconf 90' lang='lat' dir='ltr'><strong>ac</strong></span> <span class='ocrx_word' id='word_1_386' title='bbox 831 4366 873 4420; x_wconf 88' lang='lat' dir='ltr'><strong>si</strong></span> <span class='ocrx_word' id='word_1_387' title='bbox 905 4375 1070 4420; x_wconf 90' lang='lat' dir='ltr'><strong>totum</strong></span> <span class='ocrx_word' id='word_1_388' title='bbox 1101 4365 1408 4434; x_wconf 79' lang='lat' dir='ltr'><strong>perfeceris.</strong></span> <span class='ocrx_word' id='word_1_389' title='bbox 1439 4366 1659 4420; x_wconf 87' lang='lat' dir='ltr'><strong>Possum</strong></span> <span class='ocrx_word' id='word_1_390' title='bbox 1692 4366 1862 4432; x_wconf 89' lang='lat' dir='ltr'><strong>enim,</strong></span> 
     </span>
    </p>
   </div>
   <div class='ocr_carea' id='block_1_45' title="bbox 276 4459 1866 4530">
    <p class='ocr_par' dir='ltr' id='par_1_45' title="bbox 276 4459 1866 4530">
     <span class='ocr_line' id='line_1_45' title="bbox 276 4459 1866 4530; baseline -0.003 -15"><span class='ocrx_word' id='word_1_391' title='bbox 276 4470 460 4530; x_wconf 87' lang='lat' dir='ltr'><strong>utpote</strong></span> <span class='ocrx_word' id='word_1_392' title='bbox 495 4461 587 4514; x_wconf 89' lang='lat' dir='ltr'><strong>Dei</strong></span> <span class='ocrx_word' id='word_1_393' title='bbox 626 4459 811 4523; x_wconf 84' lang='lat' dir='ltr'><strong>Filius,</strong></span> <span class='ocrx_word' id='word_1_394' title='bbox 849 4469 898 4514; x_wconf 90' lang='lat' dir='ltr'><strong>te</strong></span> <span class='ocrx_word' id='word_1_395' title='bbox 945 4475 973 4512; x_wconf 91' lang='lat' dir='ltr'><strong>a</strong></span> <span class='ocrx_word' id='word_1_396' title='bbox 1023 4460 1286 4513; x_wconf 90' lang='lat' dir='ltr'><strong>malorum</strong></span> <span class='ocrx_word' id='word_1_397' title='bbox 1333 4459 1702 4530; x_wconf 84' lang='lat' dir='ltr'><strong>experimento</strong></span> <span class='ocrx_word' id='word_1_398' title='bbox 1750 4460 1866 4513; x_wconf 80' lang='lat' dir='ltr'><strong>exi-</strong></span> 
     </span>
    </p>
   </div>
   <div class='ocr_carea' id='block_1_46' title="bbox 277 4550 1867 4619">
    <p class='ocr_par' dir='ltr' id='par_1_46' title="bbox 277 4550 1867 4619">
     <span class='ocr_line' id='line_1_46' title="bbox 277 4550 1867 4619; baseline -0.001 -13"><span class='ocrx_word' id='word_1_399' title='bbox 277 4566 461 4616; x_wconf 88' lang='lat' dir='ltr'><strong>mere;</strong></span> <span class='ocrx_word' id='word_1_400' title='bbox 517 4551 642 4604; x_wconf 90' lang='lat' dir='ltr'><strong>nolo</strong></span> <span class='ocrx_word' id='word_1_401' title='bbox 670 4559 847 4605; x_wconf 90' lang='lat' dir='ltr'><strong>autem</strong></span> <span class='ocrx_word' id='word_1_402' title='bbox 893 4551 970 4604; x_wconf 93' lang='lat' dir='ltr'><strong>tui</strong></span> <span class='ocrx_word' id='word_1_403' title='bbox 1001 4551 1168 4619; x_wconf 89' lang='lat' dir='ltr'><strong>gratia</strong></span> <span class='ocrx_word' id='word_1_404' title='bbox 1198 4591 1213 4614; x_wconf 98' lang='lat'><strong>,</strong></span> <span class='ocrx_word' id='word_1_405' title='bbox 1258 4559 1312 4603; x_wconf 93' lang='lat' dir='ltr'><strong>ut</strong></span> <span class='ocrx_word' id='word_1_406' title='bbox 1334 4555 1390 4604; x_wconf 87' lang='lat' dir='ltr'><strong>et</strong></span> <span class='ocrx_word' id='word_1_407' title='bbox 1417 4550 1535 4617; x_wconf 86' lang='lat' dir='ltr'><strong>ipse</strong></span> <span class='ocrx_word' id='word_1_408' title='bbox 1574 4550 1772 4614; x_wconf 86' lang='lat' dir='ltr'><strong>aliquid</strong></span> <span class='ocrx_word' id='word_1_409' title='bbox 1799 4550 1867 4605; x_wconf 90' lang='lat' dir='ltr'><strong>de</strong></span> 
     </span>
    </p>
   </div>
   <div class='ocr_carea' id='block_1_47' title="bbox 279 4643 1868 4715">
    <p class='ocr_par' dir='ltr' id='par_1_47' title="bbox 279 4643 1868 4715">
     <span class='ocr_line' id='line_1_47' title="bbox 279 4643 1868 4715; baseline -0.001 -15"><span class='ocrx_word' id='word_1_410' title='bbox 279 4651 374 4700; x_wconf 85' lang='lat' dir='ltr'><strong>tuo</strong></span> <span class='ocrx_word' id='word_1_411' title='bbox 392 4643 659 4708; x_wconf 87' lang='lat' dir='ltr'><strong>conferas,</strong></span> <span class='ocrx_word' id='word_1_412' title='bbox 689 4659 751 4698; x_wconf 91' lang='lat' dir='ltr'><strong>ac</strong></span> <span class='ocrx_word' id='word_1_413' title='bbox 778 4643 1054 4715; x_wconf 86' lang='lat' dir='ltr'><strong>probatior</strong></span> <span class='ocrx_word' id='word_1_414' title='bbox 1097 4643 1312 4698; x_wconf 83' lang='lat' dir='ltr'><strong>evadas.</strong></span> <span class='ocrx_word' id='word_1_415' title='bbox 1357 4643 1540 4714; x_wconf 89' lang='lat' dir='ltr'><strong>Neque</strong></span> <span class='ocrx_word' id='word_1_416' title='bbox 1569 4644 1712 4698; x_wconf 90' lang='lat' dir='ltr'><strong>enim</strong></span> <span class='ocrx_word' id='word_1_417' title='bbox 1742 4660 1868 4714; x_wconf 90' lang='lat' dir='ltr'><strong>ago-</strong></span> 
     </span>
    </p>
   </div>
   <div class='ocr_carea' id='block_1_48' title="bbox 279 4735 1865 4806">
    <p class='ocr_par' dir='ltr' id='par_1_48' title="bbox 279 4735 1865 4806">
     <span class='ocr_line' id='line_1_48' title="bbox 279 4735 1865 4806; baseline 0.001 -17"><span class='ocrx_word' id='word_1_418' title='bbox 279 4736 498 4790; x_wconf 86' lang='lat' dir='ltr'><strong>notheta</strong></span> <span class='ocrx_word' id='word_1_419' title='bbox 518 4736 639 4805; x_wconf 87' lang='lat' dir='ltr'><strong>quis</strong></span> <span class='ocrx_word' id='word_1_420' title='bbox 663 4735 916 4788; x_wconf 90' lang='lat' dir='ltr'><strong>dilectum</strong></span> <span class='ocrx_word' id='word_1_421' title='bbox 940 4735 1145 4789; x_wconf 88' lang='lat' dir='ltr'><strong>habens</strong></span> <span class='ocrx_word' id='word_1_422' title='bbox 1163 4735 1440 4799; x_wconf 87' lang='lat' dir='ltr'><strong>athletam,</strong></span> <span class='ocrx_word' id='word_1_423' title='bbox 1463 4737 1594 4789; x_wconf 85' lang='lat' dir='ltr'><strong>velit</strong></span> <span class='ocrx_word' id='word_1_424' title='bbox 1613 4751 1865 4806; x_wconf 87' lang='lat' dir='ltr'><strong>umquam</strong></span> 
     </span>
    </p>
   </div>
   <div class='ocr_carea' id='block_1_49' title="bbox 278 4826 1868 4898">
    <p class='ocr_par' dir='ltr' id='par_1_49' title="bbox 278 4826 1868 4898">
     <span class='ocr_line' id='line_1_49' title="bbox 278 4826 1868 4898; baseline 0 -16"><span class='ocrx_word' id='word_1_425' title='bbox 278 4826 429 4882; x_wconf 88' lang='lat' dir='ltr'><strong>illum</strong></span> <span class='ocrx_word' id='word_1_426' title='bbox 461 4842 526 4881; x_wconf 89' lang='lat' dir='ltr'><strong>ex</strong></span> <span class='ocrx_word' id='word_1_427' title='bbox 571 4840 718 4880; x_wconf 90' lang='lat' dir='ltr'><strong>mera</strong></span> <span class='ocrx_word' id='word_1_428' title='bbox 759 4827 928 4896; x_wconf 86' lang='lat' dir='ltr'><strong>gratia</strong></span> <span class='ocrx_word' id='word_1_429' title='bbox 974 4841 1253 4884; x_wconf 89' lang='lat' dir='ltr'><strong>coronare.</strong></span> <span class='ocrx_word' id='word_1_430' title='bbox 1298 4826 1391 4880; x_wconf 90' lang='lat' dir='ltr'><strong>sed</strong></span> <span class='ocrx_word' id='word_1_431' title='bbox 1433 4841 1498 4881; x_wconf 88' lang='lat' dir='ltr'><strong>ex</strong></span> <span class='ocrx_word' id='word_1_432' title='bbox 1543 4828 1772 4898; x_wconf 87' lang='lat' dir='ltr'><strong>propriis</strong></span> <span class='ocrx_word' id='word_1_433' title='bbox 1815 4827 1868 4882; x_wconf 90' lang='lat' dir='ltr'><strong>id</strong></span> 
     </span>
    </p>
   </div>
   <div class='ocr_carea' id='block_1_50' title="bbox 283 4916 1867 4987">
    <p class='ocr_par' dir='ltr' id='par_1_50' title="bbox 283 4916 1867 4987">
     <span class='ocr_line' id='line_1_50' title="bbox 283 4916 1867 4987; baseline 0.001 -16"><span class='ocrx_word' id='word_1_434' title='bbox 283 4927 544 4986; x_wconf 66' lang='lat' dir='ltr'><strong>praestare</strong></span> <span class='ocrx_word' id='word_1_435' title='bbox 605 4916 753 4985; x_wconf 91' lang='lat' dir='ltr'><strong>cupit</strong></span> <span class='ocrx_word' id='word_1_436' title='bbox 801 4916 1074 4970; x_wconf 88' lang='lat' dir='ltr'><strong>laboribus</strong></span> <span class='ocrx_word' id='word_1_437' title='bbox 1102 4957 1116 4981; x_wconf 97' lang='lat'><strong>,</strong></span> <span class='ocrx_word' id='word_1_438' title='bbox 1161 4916 1390 4986; x_wconf 89' lang='lat' dir='ltr'><strong>ideoque</strong></span> <span class='ocrx_word' id='word_1_439' title='bbox 1434 4918 1698 4982; x_wconf 79' lang='lat' dir='ltr'><strong>maxime,</strong></span> <span class='ocrx_word' id='word_1_440' title='bbox 1745 4919 1867 4987; x_wconf 90' lang='lat' dir='ltr'><strong>quia</strong></span> 
     </span>
    </p>
   </div>
   <div class='ocr_carea' id='block_1_51' title="bbox 279 5007 1865 5079">
    <p class='ocr_par' dir='ltr' id='par_1_51' title="bbox 279 5007 1865 5079">
     <span class='ocr_line' id='line_1_51' title="bbox 279 5007 1865 5079; baseline 0.001 -16"><span class='ocrx_word' id='word_1_441' title='bbox 279 5009 455 5078; x_wconf 89' lang='lat' dir='ltr'><strong>ipsum</strong></span> <span class='ocrx_word' id='word_1_442' title='bbox 493 5007 666 5076; x_wconf 78' lang='lat' dir='ltr'><strong>diligit</strong></span> <span class='ocrx_word' id='word_1_443' title='bbox 722 5008 843 5062; x_wconf 92' lang='lat' dir='ltr'><strong>:sic</strong></span> <span class='ocrx_word' id='word_1_444' title='bbox 882 5015 937 5061; x_wconf 89' lang='lat' dir='ltr'><strong>et</strong></span> <span class='ocrx_word' id='word_1_445' title='bbox 980 5008 1225 5062; x_wconf 85' lang='lat' dir='ltr'><strong>Christus</strong></span> <span class='ocrx_word' id='word_1_446' title='bbox 1272 5023 1407 5079; x_wconf 90' lang='lat' dir='ltr'><strong>quos</strong></span> <span class='ocrx_word' id='word_1_447' title='bbox 1460 5011 1693 5065; x_wconf 87' lang='lat' dir='ltr'><strong>maxime</strong></span> <span class='ocrx_word' id='word_1_448' title='bbox 1741 5011 1865 5065; x_wconf 82' lang='lat' dir='ltr'><strong>dili-</strong></span> 
     </span>
    </p>
   </div>
   <div class='ocr_carea' id='block_1_52' title="bbox 281 5099 1868 5180">
    <p class='ocr_par' dir='ltr' id='par_1_52' title="bbox 281 5099 1868 5180">
     <span class='ocr_line' id='line_1_52' title="bbox 281 5099 1868 5180; baseline 0.003 -28"><span class='ocrx_word' id='word_1_449' title='bbox 281 5101 396 5168; x_wconf 83' lang='lat' dir='ltr'><strong>git,</strong></span> <span class='ocrx_word' id='word_1_450' title='bbox 442 5099 540 5154; x_wconf 89' lang='lat' dir='ltr'><strong>hos</strong></span> <span class='ocrx_word' id='word_1_451' title='bbox 579 5103 690 5153; x_wconf 88' lang='lat' dir='ltr'><strong>vult</strong></span> <span class='ocrx_word' id='word_1_452' title='bbox 732 5115 831 5154; x_wconf 92' lang='lat' dir='ltr'><strong>suo</strong></span> <span class='ocrx_word' id='word_1_453' title='bbox 877 5100 1070 5154; x_wconf 89' lang='lat' dir='ltr'><strong>merito</strong></span> <span class='ocrx_word' id='word_1_454' title='bbox 1116 5115 1236 5180; x_wconf 81' lang='lat' dir='ltr'><strong>esse</strong></span> <span class='ocrx_word' id='word_1_455' title='bbox 1288 5100 1610 5167; x_wconf 87' lang='lat' dir='ltr'><strong>conspicuos</strong></span> <span class='ocrx_word' id='word_1_456' title='bbox 1657 5103 1707 5168; x_wconf 78' lang='grc'><strong>⁸,</strong></span> <span class='ocrx_word' id='word_1_457' title='bbox 1763 5119 1868 5156; x_wconf 89' lang='lat' dir='ltr'><strong>non</strong></span> 
     </span>
    </p>
   </div>
   <div class='ocr_carea' id='block_1_53' title="bbox 279 5191 1871 5264">
    <p class='ocr_par' dir='ltr' id='par_1_53' title="bbox 279 5191 1871 5264">
     <span class='ocr_line' id='line_1_53' title="bbox 279 5191 1871 5264; baseline 0.003 -20"><span class='ocrx_word' id='word_1_458' title='bbox 279 5199 462 5246; x_wconf 89' lang='lat' dir='ltr'><strong>autem</strong></span> <span class='ocrx_word' id='word_1_459' title='bbox 487 5207 552 5245; x_wconf 89' lang='lat' dir='ltr'><strong>ex</strong></span> <span class='ocrx_word' id='word_1_460' title='bbox 579 5192 692 5245; x_wconf 91' lang='lat' dir='ltr'><strong>sola</strong></span> <span class='ocrx_word' id='word_1_461' title='bbox 724 5206 817 5245; x_wconf 90' lang='lat' dir='ltr'><strong>sua</strong></span> <span class='ocrx_word' id='word_1_462' title='bbox 842 5207 966 5260; x_wconf 91' lang='lat' dir='ltr'><strong>ope.</strong></span> <span class='ocrx_word' id='word_1_463' title='bbox 999 5191 1132 5247; x_wconf 81' lang='lat' dir='ltr'><strong>Vide</strong></span> <span class='ocrx_word' id='word_1_464' title='bbox 1158 5200 1340 5248; x_wconf 88' lang='lat' dir='ltr'><strong>autem</strong></span> <span class='ocrx_word' id='word_1_465' title='bbox 1372 5194 1643 5264; x_wconf 92' lang='lat' dir='ltr'><strong>quomodo</strong></span> <span class='ocrx_word' id='word_1_466' title='bbox 1669 5196 1871 5249; x_wconf 90' lang='lat' dir='ltr'><strong>oratio-</strong></span> 
     </span>
    </p>
   </div>
   <div class='ocr_carea' id='block_1_54' title="bbox 281 5282 1871 5354">
    <p class='ocr_par' dir='ltr' id='par_1_54' title="bbox 281 5282 1871 5354">
     <span class='ocr_line' id='line_1_54' title="bbox 281 5282 1871 5354; baseline 0.003 -18"><span class='ocrx_word' id='word_1_467' title='bbox 281 5297 406 5337; x_wconf 87' lang='lat' dir='ltr'><strong>nem</strong></span> <span class='ocrx_word' id='word_1_468' title='bbox 433 5297 537 5336; x_wconf 91' lang='lat' dir='ltr'><strong>non</strong></span> <span class='ocrx_word' id='word_1_469' title='bbox 566 5296 848 5336; x_wconf 88' lang='lat' dir='ltr'><strong>onerosam</strong></span> <span class='ocrx_word' id='word_1_470' title='bbox 874 5282 1130 5352; x_wconf 85' lang='lat' dir='ltr'><strong>proferat.</strong></span> <span class='ocrx_word' id='word_1_471' title='bbox 1170 5283 1351 5354; x_wconf 82' lang='lat' dir='ltr'><strong>Neque</strong></span> <span class='ocrx_word' id='word_1_472' title='bbox 1376 5288 1518 5340; x_wconf 89' lang='lat' dir='ltr'><strong>enim</strong></span> <span class='ocrx_word' id='word_1_473' title='bbox 1547 5286 1598 5340; x_wconf 94' lang='lat' dir='ltr'><strong>in</strong></span> <span class='ocrx_word' id='word_1_474' title='bbox 1622 5286 1726 5340; x_wconf 86' lang='lat' dir='ltr'><strong>illis</strong></span> <span class='ocrx_word' id='word_1_475' title='bbox 1757 5296 1871 5340; x_wconf 81' lang='lat' dir='ltr'><strong>tan-</strong></span> 
     </span>
    </p>
   </div>
   <div class='ocr_carea' id='block_1_55' title="bbox 281 5374 1869 5441">
    <p class='ocr_par' dir='ltr' id='par_1_55' title="bbox 281 5374 1869 5441">
     <span class='ocr_line' id='line_1_55' title="bbox 281 5374 1869 5441; baseline 0.005 -15"><span class='ocrx_word' id='word_1_476' title='bbox 281 5383 394 5428; x_wconf 91' lang='lat' dir='ltr'><strong>tum</strong></span> <span class='ocrx_word' id='word_1_477' title='bbox 432 5374 570 5430; x_wconf 89' lang='lat' dir='ltr'><strong>mala</strong></span> <span class='ocrx_word' id='word_1_478' title='bbox 614 5376 1037 5441; x_wconf 88' lang='lat' dir='ltr'><strong>circumscribit,</strong></span> <span class='ocrx_word' id='word_1_479' title='bbox 1070 5376 1163 5432; x_wconf 89' lang='lat' dir='ltr'><strong>sed</strong></span> <span class='ocrx_word' id='word_1_480' title='bbox 1190 5387 1244 5432; x_wconf 91' lang='lat' dir='ltr'><strong>et</strong></span> <span class='ocrx_word' id='word_1_481' title='bbox 1290 5393 1577 5434; x_wconf 90' lang='lat' dir='ltr'><strong>commune</strong></span> <span class='ocrx_word' id='word_1_482' title='bbox 1625 5381 1720 5433; x_wconf 92' lang='lat' dir='ltr'><strong>toti</strong></span> <span class='ocrx_word' id='word_1_483' title='bbox 1753 5379 1869 5434; x_wconf 91' lang='lat' dir='ltr'><strong>orbi</strong></span> 
     </span>
    </p>
   </div>
   <div class='ocr_carea' id='block_1_56' title="bbox 281 5464 1872 5539">
    <p class='ocr_par' dir='ltr' id='par_1_56' title="bbox 281 5464 1872 5539">
     <span class='ocr_line' id='line_1_56' title="bbox 281 5464 1872 5539; baseline 0.005 -21"><span class='ocrx_word' id='word_1_484' title='bbox 281 5464 475 5533; x_wconf 85' lang='lat' dir='ltr'><strong>dogma</strong></span> <span class='ocrx_word' id='word_1_485' title='bbox 499 5464 719 5521; x_wconf 88' lang='lat' dir='ltr'><strong>exhibet</strong></span> <span class='ocrx_word' id='word_1_486' title='bbox 747 5466 933 5521; x_wconf 90' lang='lat' dir='ltr'><strong>dicens</strong></span> <span class='ocrx_word' id='word_1_487' title='bbox 965 5485 978 5520; x_wconf 88' lang='lat'><strong>:</strong></span> <span class='ocrx_word' id='word_1_488' title='bbox 1004 5466 1198 5539; x_wconf 80' lang='lat' dir='ltr'><strong>Siquis</strong></span> <span class='ocrx_word' id='word_1_489' title='bbox 1223 5467 1346 5536; x_wconf 80' lang='lat' dir='ltr'><strong>uult,</strong></span> <span class='ocrx_word' id='word_1_490' title='bbox 1371 5470 1484 5524; x_wconf 90' lang='lat' dir='ltr'><strong>sive</strong></span> <span class='ocrx_word' id='word_1_491' title='bbox 1516 5471 1728 5536; x_wconf 87' lang='lat' dir='ltr'><strong>mulier,</strong></span> <span class='ocrx_word' id='word_1_492' title='bbox 1760 5474 1872 5526; x_wconf 85' lang='lat' dir='ltr'><strong>sive</strong></span> 
     </span>
    </p>
   </div>
   <div class='ocr_carea' id='block_1_57' title="bbox 281 5556 1872 5633">
    <p class='ocr_par' dir='ltr' id='par_1_57' title="bbox 281 5556 1872 5633">
     <span class='ocr_line' id='line_1_57' title="bbox 281 5556 1872 5633; baseline 0.006 -25"><span class='ocrx_word' id='word_1_493' title='bbox 281 5556 386 5620; x_wconf 87' lang='lat' dir='ltr'><strong>vir,</strong></span> <span class='ocrx_word' id='word_1_494' title='bbox 419 5556 531 5610; x_wconf 87' lang='lat' dir='ltr'><strong>sive</strong></span> <span class='ocrx_word' id='word_1_495' title='bbox 577 5557 850 5627; x_wconf 88' lang='lat' dir='ltr'><strong>princeps,</strong></span> <span class='ocrx_word' id='word_1_496' title='bbox 901 5558 1012 5613; x_wconf 89' lang='lat' dir='ltr'><strong>sive</strong></span> <span class='ocrx_word' id='word_1_497' title='bbox 1043 5559 1321 5628; x_wconf 90' lang='lat' dir='ltr'><strong>subditus,</strong></span> <span class='ocrx_word' id='word_1_498' title='bbox 1362 5560 1502 5616; x_wconf 90' lang='lat' dir='ltr'><strong>hanc</strong></span> <span class='ocrx_word' id='word_1_499' title='bbox 1544 5562 1872 5633; x_wconf 78' lang='lat' dir='ltr'><strong>ingrediatur</strong></span> 
     </span>
    </p>
   </div>
   <div class='ocr_carea' id='block_1_58' title="bbox 281 5645 1874 5727">
    <p class='ocr_par' dir='ltr' id='par_1_58' title="bbox 281 5645 1874 5727">
     <span class='ocr_line' id='line_1_58' title="bbox 281 5645 1874 5727; baseline 0.008 -27"><span class='ocrx_word' id='word_1_500' title='bbox 281 5646 446 5700; x_wconf 79' lang='lat' dir='ltr'><strong>viam.</strong></span> <span class='ocrx_word' id='word_1_501' title='bbox 472 5645 802 5717; x_wconf 76' lang='lat' dir='ltr'><strong>Videlurqtte</strong></span> <span class='ocrx_word' id='word_1_502' title='bbox 833 5665 993 5703; x_wconf 90' lang='lat' dir='ltr'><strong>unum</strong></span> <span class='ocrx_word' id='word_1_503' title='bbox 1019 5659 1221 5705; x_wconf 88' lang='lat' dir='ltr'><strong>tantum</strong></span> <span class='ocrx_word' id='word_1_504' title='bbox 1250 5653 1472 5719; x_wconf 85' lang='lat' dir='ltr'><strong>dixisse,</strong></span> <span class='ocrx_word' id='word_1_505' title='bbox 1503 5655 1598 5710; x_wconf 89' lang='lat' dir='ltr'><strong>sed</strong></span> <span class='ocrx_word' id='word_1_506' title='bbox 1625 5657 1722 5710; x_wconf 89' lang='lat' dir='ltr'><strong>tria</strong></span> <span class='ocrx_word' id='word_1_507' title='bbox 1749 5673 1874 5727; x_wconf 87' lang='lat' dir='ltr'><strong>pro-</strong></span> 
     </span>
    </p>
   </div>
   <div class='ocr_carea' id='block_1_59' title="bbox 284 5740 1869 5819">
    <p class='ocr_par' dir='ltr' id='par_1_59' title="bbox 284 5740 1869 5819">
     <span class='ocr_line' id='line_1_59' title="bbox 284 5740 1869 5819; baseline 0.011 -28"><span class='ocrx_word' id='word_1_508' title='bbox 284 5740 436 5811; x_wconf 87' lang='lat' dir='ltr'><strong>ponit</strong></span> <span class='ocrx_word' id='word_1_509' title='bbox 465 5757 478 5792; x_wconf 91' lang='lat'><strong>:</strong></span> <span class='ocrx_word' id='word_1_510' title='bbox 505 5741 776 5813; x_wconf 84' lang='lat' dir='ltr'><strong>abnegare</strong></span> <span class='ocrx_word' id='word_1_511' title='bbox 803 5745 1151 5816; x_wconf 87' lang='lat' dir='ltr'><strong>semetipsum</strong></span> <span class='ocrx_word' id='word_1_512' title='bbox 1173 5786 1188 5814; x_wconf 91' lang='lat'><strong>,</strong></span> <span class='ocrx_word' id='word_1_513' title='bbox 1221 5746 1414 5803; x_wconf 88' lang='lat' dir='ltr'><strong>tollere</strong></span> <span class='ocrx_word' id='word_1_514' title='bbox 1444 5763 1665 5805; x_wconf 89' lang='lat' dir='ltr'><strong>crucem</strong></span> <span class='ocrx_word' id='word_1_515' title='bbox 1692 5766 1869 5819; x_wconf 87' lang='lat' dir='ltr'><strong>suam,</strong></span> 
     </span>
    </p>
   </div>
   <div class='ocr_carea' id='block_1_60' title="bbox 350 5834 832 5897">
    <p class='ocr_par' dir='ltr' id='par_1_60' title="bbox 350 5834 832 5897">
     <span class='ocr_line' id='line_1_60' title="bbox 350 5834 832 5897; baseline 0.002 -12"><span class='ocrx_word' id='word_1_516' title='bbox 350 5835 368 5868; x_wconf 80' lang='grc'>⁸</span> <span class='ocrx_word' id='word_1_517' title='bbox 405 5834 513 5897; x_wconf 73' lang='lat' dir='ltr'><strong>alii,</strong></span> <span class='ocrx_word' id='word_1_518' title='bbox 534 5848 637 5888; x_wconf 77' lang='lat' dir='ltr'><strong>esse</strong></span> <span class='ocrx_word' id='word_1_519' title='bbox 660 5836 832 5889; x_wconf 76' lang='lat' dir='ltr'><strong>beatos.</strong></span> 
     </span>
    </p>
   </div>
   <div class='ocr_carea' id='block_1_61' title="bbox 3448 381 3554 439">
    <p class='ocr_par' dir='ltr' id='par_1_61' title="bbox 3448 381 3554 439">
     <span class='ocr_line' id='line_1_61' title="bbox 3448 381 3554 439; baseline 0 0"><span class='ocrx_word' id='word_1_520' title='bbox 3448 381 3554 439; x_wconf 63' lang='grc' dir='ltr'><strong>5ιῖ</strong></span> 
     </span>
    </p>
   </div>
   <div class='ocr_carea' id='block_1_62' title="bbox 1955 498 3552 570">
    <p class='ocr_par' dir='ltr' id='par_1_62' title="bbox 1955 498 3552 570">
     <span class='ocr_line' id='line_1_62' title="bbox 1955 498 3552 570; baseline 0.001 -18"><span class='ocrx_word' id='word_1_521' title='bbox 1955 513 2010 553; x_wconf 89' lang='lat' dir='ltr'><strong>et</strong></span> <span class='ocrx_word' id='word_1_522' title='bbox 2071 500 2246 568; x_wconf 88' lang='lat' dir='ltr'><strong>ipsum</strong></span> <span class='ocrx_word' id='word_1_523' title='bbox 2274 500 2463 570; x_wconf 83' lang='lat' dir='ltr'><strong>sequi;</strong></span> <span class='ocrx_word' id='word_1_524' title='bbox 2491 498 2600 555; x_wconf 91' lang='lat' dir='ltr'><strong>duo</strong></span> <span class='ocrx_word' id='word_1_525' title='bbox 2624 507 2804 555; x_wconf 88' lang='lat' dir='ltr'><strong>autem</strong></span> <span class='ocrx_word' id='word_1_526' title='bbox 2831 499 3119 570; x_wconf 86' lang='lat' dir='ltr'><strong>conjuncta</strong></span> <span class='ocrx_word' id='word_1_527' title='bbox 3145 509 3306 565; x_wconf 89' lang='lat' dir='ltr'><strong>sunt,</strong></span> <span class='ocrx_word' id='word_1_528' title='bbox 3340 502 3552 556; x_wconf 85' lang='lat' dir='ltr'><strong>tertium</strong></span> 
     </span>
    </p>
   </div>
   <div class='ocr_carea' id='block_1_63' title="bbox 1953 590 3557 662">
    <p class='ocr_par' dir='ltr' id='par_1_63' title="bbox 1953 590 3557 662">
     <span class='ocr_line' id='line_1_63' title="bbox 1953 590 3557 662; baseline 0.001 -19"><span class='ocrx_word' id='word_1_529' title='bbox 1953 590 2128 644; x_wconf 88' lang='lat' dir='ltr'><strong>solum</strong></span> <span class='ocrx_word' id='word_1_530' title='bbox 2161 593 2501 660; x_wconf 85' lang='lat' dir='ltr'><strong>proponitur.</strong></span> <span class='ocrx_word' id='word_1_531' title='bbox 2548 591 2656 647; x_wconf 90' lang='lat' dir='ltr'><strong>Sed</strong></span> <span class='ocrx_word' id='word_1_532' title='bbox 2689 591 2864 662; x_wconf 92' lang='lat' dir='ltr'><strong>primo</strong></span> <span class='ocrx_word' id='word_1_533' title='bbox 2894 592 3170 646; x_wconf 87' lang='lat' dir='ltr'><strong>videamus</strong></span> <span class='ocrx_word' id='word_1_534' title='bbox 3205 591 3333 660; x_wconf 90' lang='lat' dir='ltr'><strong>quid</strong></span> <span class='ocrx_word' id='word_1_535' title='bbox 3362 592 3433 646; x_wconf 88' lang='lat' dir='ltr'><strong>sit</strong></span> <span class='ocrx_word' id='word_1_536' title='bbox 3460 592 3557 645; x_wconf 79' lang='lat' dir='ltr'><strong>ab-</strong></span> 
     </span>
    </p>
   </div>
   <div class='ocr_carea' id='block_1_64' title="bbox 1955 683 3553 755">
    <p class='ocr_par' dir='ltr' id='par_1_64' title="bbox 1955 683 3553 755">
     <span class='ocr_line' id='line_1_64' title="bbox 1955 683 3553 755; baseline 0.003 -20"><span class='ocrx_word' id='word_1_537' title='bbox 1955 696 2152 751; x_wconf 83' lang='lat' dir='ltr'><strong>negare</strong></span> <span class='ocrx_word' id='word_1_538' title='bbox 2167 684 2536 752; x_wconf 86' lang='lat' dir='ltr'><strong>semetipsum.</strong></span> <span class='ocrx_word' id='word_1_539' title='bbox 2559 684 2716 738; x_wconf 85' lang='lat' dir='ltr'><strong>Prius</strong></span> <span class='ocrx_word' id='word_1_540' title='bbox 2738 683 3010 738; x_wconf 88' lang='lat' dir='ltr'><strong>discamus</strong></span> <span class='ocrx_word' id='word_1_541' title='bbox 3031 683 3156 750; x_wconf 90' lang='lat' dir='ltr'><strong>quid</strong></span> <span class='ocrx_word' id='word_1_542' title='bbox 3188 686 3258 737; x_wconf 89' lang='lat' dir='ltr'><strong>sit</strong></span> <span class='ocrx_word' id='word_1_543' title='bbox 3282 684 3553 755; x_wconf 84' lang='lat' dir='ltr'><strong>abnegare</strong></span> 
     </span>
    </p>
   </div>
   <div class='ocr_carea' id='block_1_65' title="bbox 1955 773 3556 845">
    <p class='ocr_par' dir='ltr' id='par_1_65' title="bbox 1955 773 3556 845">
     <span class='ocr_line' id='line_1_65' title="bbox 1955 773 3556 845; baseline 0.001 -18"><span class='ocrx_word' id='word_1_544' title='bbox 1955 775 2202 835; x_wconf 87' lang='lat' dir='ltr'><strong>alterum,</strong></span> <span class='ocrx_word' id='word_1_545' title='bbox 2229 781 2286 828; x_wconf 89' lang='lat' dir='ltr'><strong>et</strong></span> <span class='ocrx_word' id='word_1_546' title='bbox 2333 784 2459 828; x_wconf 89' lang='lat' dir='ltr'><strong>tunc</strong></span> <span class='ocrx_word' id='word_1_547' title='bbox 2503 775 2738 829; x_wconf 88' lang='lat' dir='ltr'><strong>sciemus</strong></span> <span class='ocrx_word' id='word_1_548' title='bbox 2767 774 2897 845; x_wconf 90' lang='lat' dir='ltr'><strong>quid</strong></span> <span class='ocrx_word' id='word_1_549' title='bbox 2927 773 2997 827; x_wconf 90' lang='lat' dir='ltr'><strong>sit</strong></span> <span class='ocrx_word' id='word_1_550' title='bbox 3042 774 3309 844; x_wconf 80' lang='lat' dir='ltr'><strong>abnegare</strong></span> <span class='ocrx_word' id='word_1_551' title='bbox 3355 784 3556 830; x_wconf 83' lang='lat' dir='ltr'><strong>semet-</strong></span> 
     </span>
    </p>
   </div>
   <div class='ocr_carea' id='block_1_66' title="bbox 1957 864 3553 937">
    <p class='ocr_par' dir='ltr' id='par_1_66' title="bbox 1957 864 3553 937">
     <span class='ocr_line' id='line_1_66' title="bbox 1957 864 3553 937; baseline 0.001 -18"><span class='ocrx_word' id='word_1_552' title='bbox 1957 867 2154 934; x_wconf 87' lang='lat' dir='ltr'><strong>ipsum.</strong></span> <span class='ocrx_word' id='word_1_553' title='bbox 2195 865 2295 932; x_wconf 87' lang='lat' dir='ltr'><strong>Qui</strong></span> <span class='ocrx_word' id='word_1_554' title='bbox 2340 866 2569 937; x_wconf 87' lang='lat' dir='ltr'><strong>abnegat</strong></span> <span class='ocrx_word' id='word_1_555' title='bbox 2607 866 2857 931; x_wconf 89' lang='lat' dir='ltr'><strong>alterum,</strong></span> <span class='ocrx_word' id='word_1_556' title='bbox 2883 868 2998 922; x_wconf 86' lang='lat' dir='ltr'><strong>sive</strong></span> <span class='ocrx_word' id='word_1_557' title='bbox 3029 864 3265 921; x_wconf 81' lang='lat' dir='ltr'><strong>fratrem.</strong></span> <span class='ocrx_word' id='word_1_558' title='bbox 3298 866 3409 919; x_wconf 88' lang='lat' dir='ltr'><strong>sive</strong></span> <span class='ocrx_word' id='word_1_559' title='bbox 3436 882 3553 920; x_wconf 86' lang='lat' dir='ltr'><strong>ser-</strong></span> 
     </span>
    </p>
   </div>
   <div class='ocr_carea' id='block_1_67' title="bbox 1959 960 3553 1032">
    <p class='ocr_par' dir='ltr' id='par_1_67' title="bbox 1959 960 3553 1032">
     <span class='ocr_line' id='line_1_67' title="bbox 1959 960 3553 1032; baseline 0.003 -20"><span class='ocrx_word' id='word_1_560' title='bbox 1959 974 2106 1026; x_wconf 86' lang='lat' dir='ltr'><strong>vum,</strong></span> <span class='ocrx_word' id='word_1_561' title='bbox 2142 962 2257 1015; x_wconf 89' lang='lat' dir='ltr'><strong>sive</strong></span> <span class='ocrx_word' id='word_1_562' title='bbox 2286 960 2450 1015; x_wconf 91' lang='lat' dir='ltr'><strong>alium</strong></span> <span class='ocrx_word' id='word_1_563' title='bbox 2497 964 2824 1031; x_wconf 82' lang='lat' dir='ltr'><strong>quempiam,</strong></span> <span class='ocrx_word' id='word_1_564' title='bbox 2853 964 2952 1016; x_wconf 92' lang='lat' dir='ltr'><strong>etsi</strong></span> <span class='ocrx_word' id='word_1_565' title='bbox 2979 963 3300 1032; x_wconf 81' lang='lat' dir='ltr'><strong>ﬂagellatum</strong></span> <span class='ocrx_word' id='word_1_566' title='bbox 3342 962 3553 1028; x_wconf 90' lang='lat' dir='ltr'><strong>viderit,</strong></span> 
     </span>
    </p>
   </div>
   <div class='ocr_carea' id='block_1_68' title="bbox 1959 1054 3557 1122">
    <p class='ocr_par' dir='ltr' id='par_1_68' title="bbox 1959 1054 3557 1122">
     <span class='ocr_line' id='line_1_68' title="bbox 1959 1054 3557 1122; baseline 0.002 -16"><span class='ocrx_word' id='word_1_567' title='bbox 1959 1054 2058 1106; x_wconf 91' lang='lat' dir='ltr'><strong>etsi</strong></span> <span class='ocrx_word' id='word_1_568' title='bbox 2086 1054 2324 1108; x_wconf 89' lang='lat' dir='ltr'><strong>vinctum</strong></span> <span class='ocrx_word' id='word_1_569' title='bbox 2349 1093 2364 1119; x_wconf 89' lang='lat'><strong>,</strong></span> <span class='ocrx_word' id='word_1_570' title='bbox 2394 1054 2498 1108; x_wconf 90' lang='lat' dir='ltr'><strong>etsi</strong></span> <span class='ocrx_word' id='word_1_571' title='bbox 2540 1054 2606 1108; x_wconf 88' lang='lat' dir='ltr'><strong>ad</strong></span> <span class='ocrx_word' id='word_1_572' title='bbox 2634 1063 2861 1108; x_wconf 90' lang='lat' dir='ltr'><strong>mortem</strong></span> <span class='ocrx_word' id='word_1_573' title='bbox 2884 1055 3197 1119; x_wconf 88' lang='lat' dir='ltr'><strong>abductum,</strong></span> <span class='ocrx_word' id='word_1_574' title='bbox 3231 1056 3329 1108; x_wconf 86' lang='lat' dir='ltr'><strong>etsi</strong></span> <span class='ocrx_word' id='word_1_575' title='bbox 3349 1056 3557 1122; x_wconf 84' lang='lat' dir='ltr'><strong>quidvis</strong></span> 
     </span>
    </p>
   </div>
   <div class='ocr_carea' id='block_1_69' title="bbox 1957 1145 3558 1216">
    <p class='ocr_par' dir='ltr' id='par_1_69' title="bbox 1957 1145 3558 1216">
     <span class='ocr_line' id='line_1_69' title="bbox 1957 1145 3558 1216; baseline 0.002 -17"><span class='ocrx_word' id='word_1_576' title='bbox 1957 1145 2100 1200; x_wconf 86' lang='lat' dir='ltr'><strong>aliud</strong></span> <span class='ocrx_word' id='word_1_577' title='bbox 2127 1147 2439 1216; x_wconf 89' lang='lat' dir='ltr'><strong>patientem,</strong></span> <span class='ocrx_word' id='word_1_578' title='bbox 2462 1161 2568 1201; x_wconf 91' lang='lat' dir='ltr'><strong>non</strong></span> <span class='ocrx_word' id='word_1_579' title='bbox 2590 1146 2760 1211; x_wconf 88' lang='lat' dir='ltr'><strong>adest,</strong></span> <span class='ocrx_word' id='word_1_580' title='bbox 2787 1163 2892 1200; x_wconf 87' lang='lat' dir='ltr'><strong>non</strong></span> <span class='ocrx_word' id='word_1_581' title='bbox 2915 1146 3220 1211; x_wconf 87' lang='lat' dir='ltr'><strong>auxiliatur,</strong></span> <span class='ocrx_word' id='word_1_582' title='bbox 3243 1161 3347 1200; x_wconf 84' lang='lat' dir='ltr'><strong>non</strong></span> <span class='ocrx_word' id='word_1_583' title='bbox 3375 1149 3558 1202; x_wconf 87' lang='lat' dir='ltr'><strong>animo</strong></span> 
     </span>
    </p>
   </div>
   <div class='ocr_carea' id='block_1_70' title="bbox 1960 1236 3559 1309">
    <p class='ocr_par' dir='ltr' id='par_1_70' title="bbox 1960 1236 3559 1309">
     <span class='ocr_line' id='line_1_70' title="bbox 1960 1236 3559 1309; baseline 0.002 -18"><span class='ocrx_word' id='word_1_584' title='bbox 1960 1236 2223 1308; x_wconf 78' lang='lat' dir='ltr'><strong>frangitur</strong></span> <span class='ocrx_word' id='word_1_585' title='bbox 2247 1277 2266 1302; x_wconf 87' lang='lat'><strong>,</strong></span> <span class='ocrx_word' id='word_1_586' title='bbox 2295 1252 2402 1292; x_wconf 92' lang='lat' dir='ltr'><strong>non</strong></span> <span class='ocrx_word' id='word_1_587' title='bbox 2455 1238 2571 1306; x_wconf 87' lang='lat' dir='ltr'><strong>ejus</strong></span> <span class='ocrx_word' id='word_1_588' title='bbox 2601 1252 2762 1292; x_wconf 88' lang='lat' dir='ltr'><strong>causa</strong></span> <span class='ocrx_word' id='word_1_589' title='bbox 2791 1239 3023 1309; x_wconf 89' lang='lat' dir='ltr'><strong>patitur,</strong></span> <span class='ocrx_word' id='word_1_590' title='bbox 3053 1249 3236 1307; x_wconf 79' lang='lat' dir='ltr'><strong>utpote</strong></span> <span class='ocrx_word' id='word_1_591' title='bbox 3262 1240 3350 1302; x_wconf 88' lang='lat' dir='ltr'><strong>qui</strong></span> <span class='ocrx_word' id='word_1_592' title='bbox 3397 1242 3466 1292; x_wconf 86' lang='lat' dir='ltr'><strong>ah</strong></span> <span class='ocrx_word' id='word_1_593' title='bbox 3491 1255 3559 1294; x_wconf 92' lang='lat' dir='ltr'><strong>eo</strong></span> 
     </span>
    </p>
   </div>
   <div class='ocr_carea' id='block_1_71' title="bbox 1960 1327 3558 1398">
    <p class='ocr_par' dir='ltr' id='par_1_71' title="bbox 1960 1327 3558 1398">
     <span class='ocr_line' id='line_1_71' title="bbox 1960 1327 3558 1398; baseline 0.001 -16"><span class='ocrx_word' id='word_1_594' title='bbox 1960 1327 2293 1383; x_wconf 83' lang='lat' dir='ltr'><strong>abalienatus</strong></span> <span class='ocrx_word' id='word_1_595' title='bbox 2311 1327 2400 1382; x_wconf 90' lang='lat' dir='ltr'><strong>sit.</strong></span> <span class='ocrx_word' id='word_1_596' title='bbox 2429 1328 2518 1382; x_wconf 90' lang='lat' dir='ltr'><strong>Sic</strong></span> <span class='ocrx_word' id='word_1_597' title='bbox 2539 1328 2718 1397; x_wconf 85' lang='lat' dir='ltr'><strong>itaque</strong></span> <span class='ocrx_word' id='word_1_598' title='bbox 2736 1329 2850 1382; x_wconf 87' lang='lat' dir='ltr'><strong>vult</strong></span> <span class='ocrx_word' id='word_1_599' title='bbox 2880 1344 2978 1383; x_wconf 91' lang='lat' dir='ltr'><strong>nos</strong></span> <span class='ocrx_word' id='word_1_600' title='bbox 3004 1329 3152 1382; x_wconf 92' lang='lat' dir='ltr'><strong>nullo</strong></span> <span class='ocrx_word' id='word_1_601' title='bbox 3165 1328 3327 1383; x_wconf 91' lang='lat' dir='ltr'><strong>modo</strong></span> <span class='ocrx_word' id='word_1_602' title='bbox 3343 1331 3558 1398; x_wconf 90' lang='lat' dir='ltr'><strong>corpori</strong></span> 
     </span>
    </p>
   </div>
   <div class='ocr_carea' id='block_1_72' title="bbox 1959 1417 3554 1489">
    <p class='ocr_par' dir='ltr' id='par_1_72' title="bbox 1959 1417 3554 1489">
     <span class='ocr_line' id='line_1_72' title="bbox 1959 1417 3554 1489; baseline 0 -17"><span class='ocrx_word' id='word_1_603' title='bbox 1959 1433 2200 1488; x_wconf 87' lang='lat' dir='ltr'><strong>parcere,</strong></span> <span class='ocrx_word' id='word_1_604' title='bbox 2231 1427 2289 1472; x_wconf 91' lang='lat' dir='ltr'><strong>ut</strong></span> <span class='ocrx_word' id='word_1_605' title='bbox 2315 1420 2430 1473; x_wconf 85' lang='lat' dir='ltr'><strong>sive</strong></span> <span class='ocrx_word' id='word_1_606' title='bbox 2476 1417 2785 1487; x_wconf 84' lang='lat' dir='ltr'><strong>ﬂagellent,</strong></span> <span class='ocrx_word' id='word_1_607' title='bbox 2811 1419 2928 1473; x_wconf 89' lang='lat' dir='ltr'><strong>sive</strong></span> <span class='ocrx_word' id='word_1_608' title='bbox 2957 1419 3180 1489; x_wconf 89' lang='lat' dir='ltr'><strong>pellant.</strong></span> <span class='ocrx_word' id='word_1_609' title='bbox 3228 1421 3344 1473; x_wconf 85' lang='lat' dir='ltr'><strong>sive</strong></span> <span class='ocrx_word' id='word_1_610' title='bbox 3375 1430 3554 1485; x_wconf 88' lang='lat' dir='ltr'><strong>urant,</strong></span> 
     </span>
    </p>
   </div>
   <div class='ocr_carea' id='block_1_73' title="bbox 1959 1507 3552 1581">
    <p class='ocr_par' dir='ltr' id='par_1_73' title="bbox 1959 1507 3552 1581">
     <span class='ocr_line' id='line_1_73' title="bbox 1959 1507 3552 1581; baseline -0.001 -17"><span class='ocrx_word' id='word_1_611' title='bbox 1959 1511 2072 1565; x_wconf 88' lang='lat' dir='ltr'><strong>sive</strong></span> <span class='ocrx_word' id='word_1_612' title='bbox 2098 1509 2241 1564; x_wconf 92' lang='lat' dir='ltr'><strong>aliud</strong></span> <span class='ocrx_word' id='word_1_613' title='bbox 2270 1509 2482 1580; x_wconf 90' lang='lat' dir='ltr'><strong>quidvis</strong></span> <span class='ocrx_word' id='word_1_614' title='bbox 2511 1507 2730 1574; x_wconf 82' lang='lat' dir='ltr'><strong>faciant,</strong></span> <span class='ocrx_word' id='word_1_615' title='bbox 2759 1524 2866 1564; x_wconf 92' lang='lat' dir='ltr'><strong>non</strong></span> <span class='ocrx_word' id='word_1_616' title='bbox 2891 1509 3048 1563; x_wconf 90' lang='lat' dir='ltr'><strong>nobis</strong></span> <span class='ocrx_word' id='word_1_617' title='bbox 3081 1524 3385 1581; x_wconf 82' lang='lat' dir='ltr'><strong>parcamus.</strong></span> <span class='ocrx_word' id='word_1_618' title='bbox 3417 1508 3552 1564; x_wconf 90' lang='lat' dir='ltr'><strong>Illud</strong></span> 
     </span>
    </p>
   </div>
   <div class='ocr_carea' id='block_1_74' title="bbox 1960 1597 3560 1670">
    <p class='ocr_par' dir='ltr' id='par_1_74' title="bbox 1960 1597 3560 1670">
     <span class='ocr_line' id='line_1_74' title="bbox 1960 1597 3560 1670; baseline 0.001 -16"><span class='ocrx_word' id='word_1_619' title='bbox 1960 1601 2103 1654; x_wconf 88' lang='lat' dir='ltr'><strong>enim</strong></span> <span class='ocrx_word' id='word_1_620' title='bbox 2131 1610 2214 1656; x_wconf 91' lang='lat' dir='ltr'><strong>est</strong></span> <span class='ocrx_word' id='word_1_621' title='bbox 2239 1615 2480 1670; x_wconf 86' lang='lat' dir='ltr'><strong>parcere.</strong></span> <span class='ocrx_word' id='word_1_622' title='bbox 2502 1597 2635 1654; x_wconf 86' lang='lat' dir='ltr'><strong>Nam</strong></span> <span class='ocrx_word' id='word_1_623' title='bbox 2657 1600 2816 1654; x_wconf 89' lang='lat' dir='ltr'><strong>etiam</strong></span> <span class='ocrx_word' id='word_1_624' title='bbox 2831 1611 3011 1669; x_wconf 80' lang='lat' dir='ltr'><strong>patres</strong></span> <span class='ocrx_word' id='word_1_625' title='bbox 3040 1600 3164 1654; x_wconf 82' lang='lat' dir='ltr'><strong>filiis</strong></span> <span class='ocrx_word' id='word_1_626' title='bbox 3181 1608 3304 1655; x_wconf 93' lang='lat' dir='ltr'><strong>tunc</strong></span> <span class='ocrx_word' id='word_1_627' title='bbox 3327 1601 3560 1656; x_wconf 86' lang='lat' dir='ltr'><strong>maxime</strong></span> 
     </span>
    </p>
   </div>
   <div class='ocr_carea' id='block_1_75' title="bbox 1960 1692 3560 1762">
    <p class='ocr_par' dir='ltr' id='par_1_75' title="bbox 1960 1692 3560 1762">
     <span class='ocr_line' id='line_1_75' title="bbox 1960 1692 3560 1762; baseline 0.003 -19"><span class='ocrx_word' id='word_1_628' title='bbox 1960 1700 2208 1760; x_wconf 84' lang='lat' dir='ltr'><strong>parcunt,</strong></span> <span class='ocrx_word' id='word_1_629' title='bbox 2237 1706 2359 1746; x_wconf 91' lang='lat' dir='ltr'><strong>cum</strong></span> <span class='ocrx_word' id='word_1_630' title='bbox 2401 1692 2672 1760; x_wconf 85' lang='lat' dir='ltr'><strong>magistris</strong></span> <span class='ocrx_word' id='word_1_631' title='bbox 2701 1693 3000 1758; x_wconf 87' lang='lat' dir='ltr'><strong>tradentes,</strong></span> <span class='ocrx_word' id='word_1_632' title='bbox 3032 1692 3290 1747; x_wconf 88' lang='lat' dir='ltr'><strong>mandant</strong></span> <span class='ocrx_word' id='word_1_633' title='bbox 3337 1709 3404 1749; x_wconf 91' lang='lat' dir='ltr'><strong>ne</strong></span> <span class='ocrx_word' id='word_1_634' title='bbox 3437 1709 3560 1762; x_wconf 72' lang='lat' dir='ltr'><strong>par~</strong></span> 
     </span>
    </p>
   </div>
   <div class='ocr_carea' id='block_1_76' title="bbox 1962 1782 3560 1855">
    <p class='ocr_par' dir='ltr' id='par_1_76' title="bbox 1962 1782 3560 1855">
     <span class='ocr_line' id='line_1_76' title="bbox 1962 1782 3560 1855; baseline 0.001 -17"><span class='ocrx_word' id='word_1_635' title='bbox 1962 1792 2086 1838; x_wconf 86' lang='lat' dir='ltr'><strong>cant</strong></span> <span class='ocrx_word' id='word_1_636' title='bbox 2115 1785 2213 1839; x_wconf 88' lang='lat' dir='ltr'><strong>eis.</strong></span> <span class='ocrx_word' id='word_1_637' title='bbox 2246 1782 2321 1837; x_wconf 90' lang='lat' dir='ltr'><strong>Ita</strong></span> <span class='ocrx_word' id='word_1_638' title='bbox 2372 1795 2426 1838; x_wconf 91' lang='lat' dir='ltr'><strong>et</strong></span> <span class='ocrx_word' id='word_1_639' title='bbox 2455 1782 2704 1837; x_wconf 88' lang='lat' dir='ltr'><strong>Christus</strong></span> <span class='ocrx_word' id='word_1_640' title='bbox 2741 1800 2757 1838; x_wconf 91' lang='lat'>:</span> <span class='ocrx_word' id='word_1_641' title='bbox 2790 1799 2896 1837; x_wconf 90' lang='lat' dir='ltr'><strong>non</strong></span> <span class='ocrx_word' id='word_1_642' title='bbox 2946 1783 3175 1838; x_wconf 76' lang='lat' dir='ltr'><strong>dixitne</strong></span> <span class='ocrx_word' id='word_1_643' title='bbox 3207 1794 3390 1855; x_wconf 89' lang='lat' dir='ltr'><strong>parcat</strong></span> <span class='ocrx_word' id='word_1_644' title='bbox 3434 1786 3560 1851; x_wconf 89' lang='lat' dir='ltr'><strong>sibi,</strong></span> 
     </span>
    </p>
   </div>
   <div class='ocr_carea' id='block_1_77' title="bbox 1963 1875 3560 1946">
    <p class='ocr_par' dir='ltr' id='par_1_77' title="bbox 1963 1875 3560 1946">
     <span class='ocr_line' id='line_1_77' title="bbox 1963 1875 3560 1946; baseline 0.003 -18"><span class='ocrx_word' id='word_1_645' title='bbox 1963 1875 2056 1929; x_wconf 90' lang='lat' dir='ltr'><strong>scd</strong></span> <span class='ocrx_word' id='word_1_646' title='bbox 2099 1875 2238 1945; x_wconf 91' lang='lat' dir='ltr'><strong>quod</strong></span> <span class='ocrx_word' id='word_1_647' title='bbox 2280 1876 2493 1945; x_wconf 87' lang='lat' dir='ltr'><strong>gravius</strong></span> <span class='ocrx_word' id='word_1_648' title='bbox 2541 1883 2643 1940; x_wconf 88' lang='lat' dir='ltr'><strong>est,</strong></span> <span class='ocrx_word' id='word_1_649' title='bbox 2681 1875 2904 1946; x_wconf 71' lang='lat' dir='ltr'><strong>Abneget</strong></span> <span class='ocrx_word' id='word_1_650' title='bbox 2941 1876 3266 1944; x_wconf 76' lang='lat' dir='ltr'><strong>semetipsum</strong></span> <span class='ocrx_word' id='word_1_651' title='bbox 3307 1877 3410 1932; x_wconf 89' lang='lat' dir='ltr'><strong>:id</strong></span> <span class='ocrx_word' id='word_1_652' title='bbox 3455 1888 3560 1946; x_wconf 89' lang='lat' dir='ltr'><strong>est,</strong></span> 
     </span>
    </p>
   </div>
   <div class='ocr_carea' id='block_1_78' title="bbox 1961 1967 3563 2038">
    <p class='ocr_par' dir='ltr' id='par_1_78' title="bbox 1961 1967 3563 2038">
     <span class='ocr_line' id='line_1_78' title="bbox 1961 1967 3563 2038; baseline 0.002 -16"><span class='ocrx_word' id='word_1_653' title='bbox 1961 1968 2100 2022; x_wconf 83' lang='lat' dir='ltr'><strong>Nihil</strong></span> <span class='ocrx_word' id='word_1_654' title='bbox 2132 1984 2252 2023; x_wconf 90' lang='lat' dir='ltr'><strong>cum</strong></span> <span class='ocrx_word' id='word_1_655' title='bbox 2302 1969 2482 2038; x_wconf 88' lang='lat' dir='ltr'><strong>seipso</strong></span> <span class='ocrx_word' id='word_1_656' title='bbox 2531 1982 2820 2023; x_wconf 88' lang='lat' dir='ltr'><strong>commune</strong></span> <span class='ocrx_word' id='word_1_657' title='bbox 2850 1967 3068 2033; x_wconf 88' lang='lat' dir='ltr'><strong>habeat,</strong></span> <span class='ocrx_word' id='word_1_658' title='bbox 3097 1968 3192 2022; x_wconf 81' lang='lat' dir='ltr'><strong>sed</strong></span> <span class='ocrx_word' id='word_1_659' title='bbox 3225 1969 3476 2037; x_wconf 85' lang='lat' dir='ltr'><strong>periculis</strong></span> <span class='ocrx_word' id='word_1_660' title='bbox 3503 1985 3563 2026; x_wconf 86' lang='lat' dir='ltr'><strong>se</strong></span> 
     </span>
    </p>
   </div>
   <div class='ocr_carea' id='block_1_79' title="bbox 1961 2058 3561 2130">
    <p class='ocr_par' dir='ltr' id='par_1_79' title="bbox 1961 2058 3561 2130">
     <span class='ocr_line' id='line_1_79' title="bbox 1961 2058 3561 2130; baseline 0.001 -16"><span class='ocrx_word' id='word_1_661' title='bbox 1961 2060 2122 2114; x_wconf 83' lang='lat' dir='ltr'><strong>dedat</strong></span> <span class='ocrx_word' id='word_1_662' title='bbox 2165 2069 2220 2115; x_wconf 90' lang='lat' dir='ltr'><strong>et</strong></span> <span class='ocrx_word' id='word_1_663' title='bbox 2261 2059 2668 2128; x_wconf 88' lang='lat' dir='ltr'><strong>certaminibus,</strong></span> <span class='ocrx_word' id='word_1_664' title='bbox 2714 2069 2873 2128; x_wconf 87' lang='lat' dir='ltr'><strong>atque</strong></span> <span class='ocrx_word' id='word_1_665' title='bbox 2917 2058 2988 2112; x_wconf 87' lang='lat' dir='ltr'><strong>ita</strong></span> <span class='ocrx_word' id='word_1_666' title='bbox 3033 2059 3106 2114; x_wconf 89' lang='lat' dir='ltr'><strong>sit</strong></span> <span class='ocrx_word' id='word_1_667' title='bbox 3133 2059 3378 2123; x_wconf 74' lang='lat' dir='ltr'><strong>affectus,</strong></span> <span class='ocrx_word' id='word_1_668' title='bbox 3414 2071 3470 2130; x_wconf 85' lang='lat' dir='ltr'><strong>ut</strong></span> <span class='ocrx_word' id='word_1_669' title='bbox 3513 2061 3561 2116; x_wconf 89' lang='lat' dir='ltr'><strong>si</strong></span> 
     </span>
    </p>
   </div>
   <div class='ocr_carea' id='block_1_80' title="bbox 1960 2147 3561 2220">
    <p class='ocr_par' dir='ltr' id='par_1_80' title="bbox 1960 2147 3561 2220">
     <span class='ocr_line' id='line_1_80' title="bbox 1960 2147 3561 2220; baseline -0.001 -15"><span class='ocrx_word' id='word_1_670' title='bbox 1960 2151 2098 2205; x_wconf 91' lang='lat' dir='ltr'><strong>alius</strong></span> <span class='ocrx_word' id='word_1_671' title='bbox 2128 2150 2178 2204; x_wconf 92' lang='lat' dir='ltr'><strong>id</strong></span> <span class='ocrx_word' id='word_1_672' title='bbox 2213 2158 2501 2219; x_wconf 88' lang='lat' dir='ltr'><strong>pateretur.</strong></span> <span class='ocrx_word' id='word_1_673' title='bbox 2554 2148 2663 2204; x_wconf 85' lang='lat' dir='ltr'><strong>Nec</strong></span> <span class='ocrx_word' id='word_1_674' title='bbox 2703 2148 2857 2215; x_wconf 87' lang='lat' dir='ltr'><strong>dixit,</strong></span> <span class='ocrx_word' id='word_1_675' title='bbox 2897 2147 3065 2219; x_wconf 84' lang='lat' dir='ltr'><strong>Neget</strong></span> <span class='ocrx_word' id='word_1_676' title='bbox 3087 2188 3106 2213; x_wconf 89' lang='lat'><strong>,</strong></span> <span class='ocrx_word' id='word_1_677' title='bbox 3141 2149 3235 2204; x_wconf 78' lang='lat' dir='ltr'><strong>sed</strong></span> <span class='ocrx_word' id='word_1_678' title='bbox 3259 2192 3273 2215; x_wconf 98' lang='lat'><strong>,</strong></span> <span class='ocrx_word' id='word_1_679' title='bbox 3301 2150 3561 2220; x_wconf 76' lang='lat' dir='ltr'><strong>Abneget;</strong></span> 
     </span>
    </p>
   </div>
   <div class='ocr_carea' id='block_1_81' title="bbox 1963 2241 3554 2312">
    <p class='ocr_par' dir='ltr' id='par_1_81' title="bbox 1963 2241 3554 2312">
     <span class='ocr_line' id='line_1_81' title="bbox 1963 2241 3554 2312; baseline 0.001 -15"><span class='ocrx_word' id='word_1_680' title='bbox 1963 2244 2063 2297; x_wconf 92' lang='lat' dir='ltr'><strong>hoc</strong></span> <span class='ocrx_word' id='word_1_681' title='bbox 2095 2259 2258 2312; x_wconf 91' lang='lat' dir='ltr'><strong>parvo</strong></span> <span class='ocrx_word' id='word_1_682' title='bbox 2285 2242 2651 2298; x_wconf 80' lang='lat' dir='ltr'><strong>additamenta</strong></span> <span class='ocrx_word' id='word_1_683' title='bbox 2679 2241 2785 2295; x_wconf 89' lang='lat' dir='ltr'><strong>vim</strong></span> <span class='ocrx_word' id='word_1_684' title='bbox 2834 2256 3078 2311; x_wconf 81' lang='lat' dir='ltr'><strong>magnam</strong></span> <span class='ocrx_word' id='word_1_685' title='bbox 3109 2242 3334 2296; x_wconf 86' lang='lat' dir='ltr'><strong>dictioni</strong></span> <span class='ocrx_word' id='word_1_686' title='bbox 3376 2241 3554 2298; x_wconf 72' lang='lat' dir='ltr'><strong>aﬂ‘ert.</strong></span> 
     </span>
    </p>
   </div>
   <div class='ocr_carea' id='block_1_82' title="bbox 1964 2333 3272 2403">
    <p class='ocr_par' dir='ltr' id='par_1_82' title="bbox 1964 2333 3272 2403">
     <span class='ocr_line' id='line_1_82' title="bbox 1964 2333 3272 2403; baseline -0.002 -14"><span class='ocrx_word' id='word_1_687' title='bbox 1964 2335 2094 2389; x_wconf 80' lang='lat' dir='ltr'><strong>Nam</strong></span> <span class='ocrx_word' id='word_1_688' title='bbox 2127 2333 2396 2403; x_wconf 88' lang='lat' dir='ltr'><strong>abnegare</strong></span> <span class='ocrx_word' id='word_1_689' title='bbox 2421 2333 2590 2388; x_wconf 90' lang='lat' dir='ltr'><strong>multo</strong></span> <span class='ocrx_word' id='word_1_690' title='bbox 2622 2333 2740 2402; x_wconf 90' lang='lat' dir='ltr'><strong>plus</strong></span> <span class='ocrx_word' id='word_1_691' title='bbox 2763 2341 2846 2386; x_wconf 90' lang='lat' dir='ltr'><strong>est</strong></span> <span class='ocrx_word' id='word_1_692' title='bbox 2873 2348 3032 2401; x_wconf 89' lang='lat' dir='ltr'><strong>quam</strong></span> <span class='ocrx_word' id='word_1_693' title='bbox 3055 2347 3272 2403; x_wconf 85' lang='lat' dir='ltr'><strong>negare.</strong></span> 
     </span>
    </p>
   </div>
   <div class='ocr_carea' id='block_1_83' title="bbox 2032 2423 3561 2495">
    <p class='ocr_par' dir='ltr' id='par_1_83' title="bbox 2032 2423 3561 2495">
     <span class='ocr_line' id='line_1_83' title="bbox 2032 2423 3561 2495; baseline 0 -15"><span class='ocrx_word' id='word_1_694' title='bbox 2032 2427 2086 2480; x_wconf 72' lang='grc'><strong>2.</strong></span> <span class='ocrx_word' id='word_1_695' title='bbox 2122 2424 2190 2479; x_wconf 86' lang='lat' dir='ltr'><strong>Et</strong></span> <span class='ocrx_word' id='word_1_696' title='bbox 2238 2426 2385 2478; x_wconf 81' lang='lat' dir='ltr'><strong>tollat</strong></span> <span class='ocrx_word' id='word_1_697' title='bbox 2438 2441 2636 2479; x_wconf 85' lang='lat' dir='ltr'><strong>crucem</strong></span> <span class='ocrx_word' id='word_1_698' title='bbox 2675 2441 2842 2477; x_wconf 73' lang='lat' dir='ltr'><strong>suam.</strong></span> <span class='ocrx_word' id='word_1_699' title='bbox 2889 2423 3003 2478; x_wconf 89' lang='lat' dir='ltr'><strong>lloc</strong></span> <span class='ocrx_word' id='word_1_700' title='bbox 3043 2439 3115 2480; x_wconf 90' lang='lat' dir='ltr'><strong>ex</strong></span> <span class='ocrx_word' id='word_1_701' title='bbox 3157 2424 3249 2478; x_wconf 91' lang='lat' dir='ltr'><strong>illo</strong></span> <span class='ocrx_word' id='word_1_702' title='bbox 3297 2425 3561 2495; x_wconf 87' lang='lat' dir='ltr'><strong>sequitur.</strong></span> 
     </span>
    </p>
   </div>
   <div class='ocr_carea' id='block_1_84' title="bbox 1963 2517 3550 2588">
    <p class='ocr_par' dir='ltr' id='par_1_84' title="bbox 1963 2517 3550 2588">
     <span class='ocr_line' id='line_1_84' title="bbox 1963 2517 3550 2588; baseline -0.002 -14"><span class='ocrx_word' id='word_1_703' title='bbox 1963 2519 2041 2575; x_wconf 84' lang='lat' dir='ltr'><strong>Ne</strong></span> <span class='ocrx_word' id='word_1_704' title='bbox 2087 2529 2240 2588; x_wconf 91' lang='lat' dir='ltr'><strong>putes</strong></span> <span class='ocrx_word' id='word_1_705' title='bbox 2266 2519 2407 2572; x_wconf 91' lang='lat' dir='ltr'><strong>enim</strong></span> <span class='ocrx_word' id='word_1_706' title='bbox 2435 2559 2448 2583; x_wconf 94' lang='lat'><strong>,</strong></span> <span class='ocrx_word' id='word_1_707' title='bbox 2477 2517 2542 2572; x_wconf 89' lang='lat' dir='ltr'><strong>ad</strong></span> <span class='ocrx_word' id='word_1_708' title='bbox 2573 2518 2733 2572; x_wconf 90' lang='lat' dir='ltr'><strong>verba</strong></span> <span class='ocrx_word' id='word_1_709' title='bbox 2763 2531 2930 2586; x_wconf 79' lang='lat' dir='ltr'><strong>usque</strong></span> <span class='ocrx_word' id='word_1_710' title='bbox 2957 2525 3162 2570; x_wconf 89' lang='lat' dir='ltr'><strong>tantum</strong></span> <span class='ocrx_word' id='word_1_711' title='bbox 3193 2526 3248 2570; x_wconf 91' lang='lat' dir='ltr'><strong>et</strong></span> <span class='ocrx_word' id='word_1_712' title='bbox 3274 2529 3550 2572; x_wconf 81' lang='lat' dir='ltr'><strong>contume-</strong></span> 
     </span>
    </p>
   </div>
   <div class='ocr_carea' id='block_1_85' title="bbox 1962 2609 3570 2685">
    <p class='ocr_par' dir='ltr' id='par_1_85' title="bbox 1962 2609 3570 2685">
     <span class='ocr_line' id='line_1_85' title="bbox 1962 2609 3570 2685; baseline -0.001 -17"><span class='ocrx_word' id='word_1_713' title='bbox 1962 2614 2062 2668; x_wconf 89' lang='lat' dir='ltr'><strong>lias</strong></span> <span class='ocrx_word' id='word_1_714' title='bbox 2101 2623 2159 2685; x_wconf 86' lang='lat' dir='ltr'><strong>et</strong></span> <span class='ocrx_word' id='word_1_715' title='bbox 2207 2612 2494 2682; x_wconf 89' lang='lat' dir='ltr'><strong>opprobria</strong></span> <span class='ocrx_word' id='word_1_716' title='bbox 2545 2610 2810 2680; x_wconf 85' lang='lat' dir='ltr'><strong>abnegare</strong></span> <span class='ocrx_word' id='word_1_717' title='bbox 2840 2610 3075 2679; x_wconf 86' lang='lat' dir='ltr'><strong>seipsum</strong></span> <span class='ocrx_word' id='word_1_718' title='bbox 3116 2620 3366 2679; x_wconf 87' lang='lat' dir='ltr'><strong>oportere</strong></span> <span class='ocrx_word' id='word_1_719' title='bbox 3393 2625 3411 2665; x_wconf 88' lang='lat'><strong>:</strong></span> <span class='ocrx_word' id='word_1_720' title='bbox 3437 2609 3570 2667; x_wconf 72' lang='lat' dir='ltr'><strong>dicit</strong></span> 
     </span>
    </p>
   </div>
   <div class='ocr_carea' id='block_1_86' title="bbox 1961 2704 3555 2776">
    <p class='ocr_par' dir='ltr' id='par_1_86' title="bbox 1961 2704 3555 2776">
     <span class='ocr_line' id='line_1_86' title="bbox 1961 2704 3555 2776; baseline -0.003 -16"><span class='ocrx_word' id='word_1_721' title='bbox 1961 2720 2237 2776; x_wconf 90' lang='lat' dir='ltr'><strong>quousque</strong></span> <span class='ocrx_word' id='word_1_722' title='bbox 2278 2705 2546 2774; x_wconf 87' lang='lat' dir='ltr'><strong>abnegare</strong></span> <span class='ocrx_word' id='word_1_723' title='bbox 2598 2704 2947 2773; x_wconf 81' lang='lat' dir='ltr'><strong>semetipsum</strong></span> <span class='ocrx_word' id='word_1_724' title='bbox 3003 2712 3284 2773; x_wconf 87' lang='lat' dir='ltr'><strong>oporteat;</strong></span> <span class='ocrx_word' id='word_1_725' title='bbox 3347 2704 3398 2757; x_wconf 84' lang='lat' dir='ltr'><strong>id</strong></span> <span class='ocrx_word' id='word_1_726' title='bbox 3452 2713 3555 2770; x_wconf 83' lang='lat' dir='ltr'><strong>est,</strong></span> 
     </span>
    </p>
   </div>
   <div class='ocr_carea' id='block_1_87' title="bbox 1961 2795 3564 2867">
    <p class='ocr_par' dir='ltr' id='par_1_87' title="bbox 1961 2795 3564 2867">
     <span class='ocr_line' id='line_1_87' title="bbox 1961 2795 3564 2867; baseline -0.001 -17"><span class='ocrx_word' id='word_1_727' title='bbox 1961 2811 2130 2867; x_wconf 88' lang='lat' dir='ltr'><strong>usque</strong></span> <span class='ocrx_word' id='word_1_728' title='bbox 2169 2797 2236 2851; x_wconf 88' lang='lat' dir='ltr'><strong>ad</strong></span> <span class='ocrx_word' id='word_1_729' title='bbox 2291 2805 2557 2861; x_wconf 89' lang='lat' dir='ltr'><strong>mortem,</strong></span> <span class='ocrx_word' id='word_1_730' title='bbox 2586 2803 2642 2850; x_wconf 92' lang='lat' dir='ltr'><strong>et</strong></span> <span class='ocrx_word' id='word_1_731' title='bbox 2682 2804 2910 2849; x_wconf 83' lang='lat' dir='ltr'><strong>mortem</strong></span> <span class='ocrx_word' id='word_1_732' title='bbox 2945 2795 3326 2865; x_wconf 59' lang='lat' dir='ltr'><strong>turpi52intam.</strong></span> <span class='ocrx_word' id='word_1_733' title='bbox 3364 2795 3564 2850; x_wconf 89' lang='lat' dir='ltr'><strong>Idcirco</strong></span> 
     </span>
    </p>
   </div>
   <div class='ocr_carea' id='block_1_88' title="bbox 1962 2886 3562 2957">
    <p class='ocr_par' dir='ltr' id='par_1_88' title="bbox 1962 2886 3562 2957">
     <span class='ocr_line' id='line_1_88' title="bbox 1962 2886 3562 2957; baseline -0.001 -15"><span class='ocrx_word' id='word_1_734' title='bbox 1962 2903 2069 2942; x_wconf 89' lang='lat' dir='ltr'><strong>non</strong></span> <span class='ocrx_word' id='word_1_735' title='bbox 2099 2888 2251 2952; x_wconf 83' lang='lat' dir='ltr'><strong>dixit,</strong></span> <span class='ocrx_word' id='word_1_736' title='bbox 2295 2888 2538 2957; x_wconf 80' lang='lat' dir='ltr'><strong>Abneget</strong></span> <span class='ocrx_word' id='word_1_737' title='bbox 2584 2886 2937 2956; x_wconf 87' lang='lat' dir='ltr'><strong>semetipsum</strong></span> <span class='ocrx_word' id='word_1_738' title='bbox 2963 2902 3134 2956; x_wconf 89' lang='lat' dir='ltr'><strong>usque</strong></span> <span class='ocrx_word' id='word_1_739' title='bbox 3189 2886 3255 2941; x_wconf 88' lang='lat' dir='ltr'><strong>ad</strong></span> <span class='ocrx_word' id='word_1_740' title='bbox 3313 2898 3562 2950; x_wconf 83' lang='lat' dir='ltr'><strong>mortem,</strong></span> 
     </span>
    </p>
   </div>
   <div class='ocr_carea' id='block_1_89' title="bbox 1961 2979 3564 3048">
    <p class='ocr_par' dir='ltr' id='par_1_89' title="bbox 1961 2979 3564 3048">
     <span class='ocr_line' id='line_1_89' title="bbox 1961 2979 3564 3048; baseline 0 -14"><span class='ocrx_word' id='word_1_741' title='bbox 1961 2979 2076 3044; x_wconf 80' lang='lat' dir='ltr'><strong>sed,</strong></span> <span class='ocrx_word' id='word_1_742' title='bbox 2108 2979 2277 3033; x_wconf 83' lang='lat' dir='ltr'><strong>Tollat</strong></span> <span class='ocrx_word' id='word_1_743' title='bbox 2301 2995 2500 3032; x_wconf 83' lang='lat' dir='ltr'><strong>crucem</strong></span> <span class='ocrx_word' id='word_1_744' title='bbox 2525 2995 2692 3043; x_wconf 77' lang='lat' dir='ltr'><strong>suam,</strong></span> <span class='ocrx_word' id='word_1_745' title='bbox 2721 2979 3086 3048; x_wconf 86' lang='lat' dir='ltr'><strong>turpissimam</strong></span> <span class='ocrx_word' id='word_1_746' title='bbox 3120 2992 3347 3033; x_wconf 87' lang='lat' dir='ltr'><strong>mortem</strong></span> <span class='ocrx_word' id='word_1_747' title='bbox 3378 2980 3564 3034; x_wconf 82' lang='lat' dir='ltr'><strong>decla-</strong></span> 
     </span>
    </p>
   </div>
   <div class='ocr_carea' id='block_1_90' title="bbox 1961 3070 3563 3142">
    <p class='ocr_par' dir='ltr' id='par_1_90' title="bbox 1961 3070 3563 3142">
     <span class='ocr_line' id='line_1_90' title="bbox 1961 3070 3563 3142; baseline 0.001 -15"><span class='ocrx_word' id='word_1_748' title='bbox 1961 3087 2121 3137; x_wconf 88' lang='lat' dir='ltr'><strong>rans;</strong></span> <span class='ocrx_word' id='word_1_749' title='bbox 2150 3081 2204 3126; x_wconf 88' lang='lat' dir='ltr'><strong>et</strong></span> <span class='ocrx_word' id='word_1_750' title='bbox 2246 3073 2389 3142; x_wconf 91' lang='lat' dir='ltr'><strong>quod</strong></span> <span class='ocrx_word' id='word_1_751' title='bbox 2418 3087 2522 3126; x_wconf 91' lang='lat' dir='ltr'><strong>non</strong></span> <span class='ocrx_word' id='word_1_752' title='bbox 2549 3071 2740 3132; x_wconf 89' lang='lat' dir='ltr'><strong>semel,</strong></span> <span class='ocrx_word' id='word_1_753' title='bbox 2774 3081 2865 3124; x_wconf 88' lang='lat' dir='ltr'><strong>aut</strong></span> <span class='ocrx_word' id='word_1_754' title='bbox 2893 3070 3010 3133; x_wconf 88' lang='lat' dir='ltr'><strong>bis,</strong></span> <span class='ocrx_word' id='word_1_755' title='bbox 3041 3071 3134 3125; x_wconf 91' lang='lat' dir='ltr'><strong>sed</strong></span> <span class='ocrx_word' id='word_1_756' title='bbox 3168 3085 3262 3140; x_wconf 91' lang='lat' dir='ltr'><strong>per</strong></span> <span class='ocrx_word' id='word_1_757' title='bbox 3289 3081 3453 3126; x_wconf 87' lang='lat' dir='ltr'><strong>totam</strong></span> <span class='ocrx_word' id='word_1_758' title='bbox 3485 3073 3563 3128; x_wconf 78' lang='lat' dir='ltr'><strong>\i-</strong></span> 
     </span>
    </p>
   </div>
   <div class='ocr_carea' id='block_1_91' title="bbox 1964 3162 3563 3233">
    <p class='ocr_par' dir='ltr' id='par_1_91' title="bbox 1964 3162 3563 3233">
     <span class='ocr_line' id='line_1_91' title="bbox 1964 3162 3563 3233; baseline 0 -13"><span class='ocrx_word' id='word_1_759' title='bbox 1964 3175 2070 3220; x_wconf 85' lang='lat' dir='ltr'><strong>tam</strong></span> <span class='ocrx_word' id='word_1_760' title='bbox 2099 3165 2150 3219; x_wconf 90' lang='lat' dir='ltr'><strong>id</strong></span> <span class='ocrx_word' id='word_1_761' title='bbox 2178 3163 2481 3219; x_wconf 83' lang='lat' dir='ltr'><strong>faciendum</strong></span> <span class='ocrx_word' id='word_1_762' title='bbox 2508 3164 2594 3217; x_wconf 90' lang='lat' dir='ltr'><strong>sit.</strong></span> <span class='ocrx_word' id='word_1_763' title='bbox 2628 3162 2915 3232; x_wconf 84' lang='lat' dir='ltr'><strong>Perpetuo,</strong></span> <span class='ocrx_word' id='word_1_764' title='bbox 2942 3162 3134 3233; x_wconf 86' lang='lat' dir='ltr'><strong>inquit,</strong></span> <span class='ocrx_word' id='word_1_765' title='bbox 3162 3164 3297 3218; x_wconf 84' lang='lat' dir='ltr'><strong>hanc</strong></span> <span class='ocrx_word' id='word_1_766' title='bbox 3333 3179 3563 3220; x_wconf 85' lang='lat' dir='ltr'><strong>mortem</strong></span> 
     </span>
    </p>
   </div>
   <div class='ocr_carea' id='block_1_92' title="bbox 1961 3255 3562 3326">
    <p class='ocr_par' dir='ltr' id='par_1_92' title="bbox 1961 3255 3562 3326">
     <span class='ocr_line' id='line_1_92' title="bbox 1961 3255 3562 3326; baseline 0.001 -13"><span class='ocrx_word' id='word_1_767' title='bbox 1961 3257 2330 3322; x_wconf 77' lang='lat' dir='ltr'><strong>circumferas,</strong></span> <span class='ocrx_word' id='word_1_768' title='bbox 2378 3266 2432 3311; x_wconf 91' lang='lat' dir='ltr'><strong>et</strong></span> <span class='ocrx_word' id='word_1_769' title='bbox 2457 3255 2696 3326; x_wconf 87' lang='lat' dir='ltr'><strong>quotidie</strong></span> <span class='ocrx_word' id='word_1_770' title='bbox 2724 3255 2789 3308; x_wconf 90' lang='lat' dir='ltr'><strong>ad</strong></span> <span class='ocrx_word' id='word_1_771' title='bbox 2820 3271 3007 3310; x_wconf 87' lang='lat' dir='ltr'><strong>necem</strong></span> <span class='ocrx_word' id='word_1_772' title='bbox 3039 3267 3256 3325; x_wconf 90' lang='lat' dir='ltr'><strong>paratus</strong></span> <span class='ocrx_word' id='word_1_773' title='bbox 3300 3258 3399 3313; x_wconf 86' lang='lat' dir='ltr'><strong>sis.</strong></span> <span class='ocrx_word' id='word_1_774' title='bbox 3431 3258 3562 3323; x_wconf 86' lang='lat' dir='ltr'><strong>Quia</strong></span> 
     </span>
    </p>
   </div>
   <div class='ocr_carea' id='block_1_93' title="bbox 1962 3349 3565 3422">
    <p class='ocr_par' dir='ltr' id='par_1_93' title="bbox 1962 3349 3565 3422">
     <span class='ocr_line' id='line_1_93' title="bbox 1962 3349 3565 3422; baseline -0.001 -16"><span class='ocrx_word' id='word_1_775' title='bbox 1962 3352 2104 3406; x_wconf 88' lang='lat' dir='ltr'><strong>enim</strong></span> <span class='ocrx_word' id='word_1_776' title='bbox 2136 3349 2290 3404; x_wconf 88' lang='lat' dir='ltr'><strong>multi</strong></span> <span class='ocrx_word' id='word_1_777' title='bbox 2322 3363 2452 3418; x_wconf 91' lang='lat' dir='ltr'><strong>opes</strong></span> <span class='ocrx_word' id='word_1_778' title='bbox 2473 3356 2916 3417; x_wconf 87' lang='lat' dir='ltr'><strong>contempserunt</strong></span> <span class='ocrx_word' id='word_1_779' title='bbox 2938 3355 2994 3402; x_wconf 91' lang='lat' dir='ltr'><strong>et</strong></span> <span class='ocrx_word' id='word_1_780' title='bbox 3014 3349 3343 3417; x_wconf 84' lang='lat' dir='ltr'><strong>voluptatem</strong></span> <span class='ocrx_word' id='word_1_781' title='bbox 3366 3360 3418 3404; x_wconf 88' lang='lat' dir='ltr'><strong>et</strong></span> <span class='ocrx_word' id='word_1_782' title='bbox 3444 3354 3565 3422; x_wconf 77' lang='lat' dir='ltr'><strong>glo-</strong></span> 
     </span>
    </p>
   </div>
   <div class='ocr_carea' id='block_1_94' title="bbox 1962 3442 3563 3513">
    <p class='ocr_par' dir='ltr' id='par_1_94' title="bbox 1962 3442 3563 3513">
     <span class='ocr_line' id='line_1_94' title="bbox 1962 3442 3563 3513; baseline 0.001 -16"><span class='ocrx_word' id='word_1_783' title='bbox 1962 3444 2119 3505; x_wconf 85' lang='lat' dir='ltr'><strong>riam,</strong></span> <span class='ocrx_word' id='word_1_784' title='bbox 2143 3451 2372 3496; x_wconf 90' lang='lat' dir='ltr'><strong>mortem</strong></span> <span class='ocrx_word' id='word_1_785' title='bbox 2398 3455 2529 3495; x_wconf 89' lang='lat' dir='ltr'><strong>vero</strong></span> <span class='ocrx_word' id='word_1_786' title='bbox 2551 3455 2656 3494; x_wconf 89' lang='lat' dir='ltr'><strong>non</strong></span> <span class='ocrx_word' id='word_1_787' title='bbox 2689 3448 3038 3509; x_wconf 88' lang='lat' dir='ltr'><strong>spreverunt,</strong></span> <span class='ocrx_word' id='word_1_788' title='bbox 3065 3451 3120 3493; x_wconf 90' lang='lat' dir='ltr'><strong>at</strong></span> <span class='ocrx_word' id='word_1_789' title='bbox 3142 3442 3437 3497; x_wconf 89' lang='lat' dir='ltr'><strong>timuerunt</strong></span> <span class='ocrx_word' id='word_1_790' title='bbox 3467 3460 3563 3513; x_wconf 87' lang='lat' dir='ltr'><strong>pc-</strong></span> 
     </span>
    </p>
   </div>
   <div class='ocr_carea' id='block_1_95' title="bbox 1962 3533 3564 3606">
    <p class='ocr_par' dir='ltr' id='par_1_95' title="bbox 1962 3533 3564 3606">
     <span class='ocr_line' id='line_1_95' title="bbox 1962 3533 3564 3606; baseline 0.002 -16"><span class='ocrx_word' id='word_1_791' title='bbox 1962 3536 2130 3590; x_wconf 91' lang='lat' dir='ltr'><strong>ricula</strong></span> <span class='ocrx_word' id='word_1_792' title='bbox 2163 3554 2176 3590; x_wconf 91' lang='lat'><strong>:</strong></span> <span class='ocrx_word' id='word_1_793' title='bbox 2208 3551 2327 3606; x_wconf 83' lang='lat' dir='ltr'><strong>ego,</strong></span> <span class='ocrx_word' id='word_1_794' title='bbox 2360 3535 2550 3606; x_wconf 90' lang='lat' dir='ltr'><strong>inquit,</strong></span> <span class='ocrx_word' id='word_1_795' title='bbox 2572 3533 2829 3588; x_wconf 84' lang='lat' dir='ltr'><strong>athletam</strong></span> <span class='ocrx_word' id='word_1_796' title='bbox 2862 3549 3041 3588; x_wconf 87' lang='lat' dir='ltr'><strong>meum</strong></span> <span class='ocrx_word' id='word_1_797' title='bbox 3081 3535 3204 3588; x_wconf 91' lang='lat' dir='ltr'><strong>volo</strong></span> <span class='ocrx_word' id='word_1_798' title='bbox 3234 3535 3301 3589; x_wconf 85' lang='lat' dir='ltr'><strong>ad</strong></span> <span class='ocrx_word' id='word_1_799' title='bbox 3335 3546 3564 3594; x_wconf 88' lang='lat' dir='ltr'><strong>mortem</strong></span> 
     </span>
    </p>
   </div>
   <div class='ocr_carea' id='block_1_96' title="bbox 1964 3624 3566 3698">
    <p class='ocr_par' dir='ltr' id='par_1_96' title="bbox 1964 3624 3566 3698">
     <span class='ocr_line' id='line_1_96' title="bbox 1964 3624 3566 3698; baseline 0.002 -17"><span class='ocrx_word' id='word_1_800' title='bbox 1964 3643 2134 3696; x_wconf 88' lang='lat' dir='ltr'><strong>usque</strong></span> <span class='ocrx_word' id='word_1_801' title='bbox 2176 3642 2412 3697; x_wconf 88' lang='lat' dir='ltr'><strong>pugnare</strong></span> <span class='ocrx_word' id='word_1_802' title='bbox 2440 3667 2455 3692; x_wconf 95' lang='lat'><strong>,</strong></span> <span class='ocrx_word' id='word_1_803' title='bbox 2484 3633 2540 3680; x_wconf 86' lang='lat' dir='ltr'><strong>et</strong></span> <span class='ocrx_word' id='word_1_804' title='bbox 2563 3625 2859 3680; x_wconf 87' lang='lat' dir='ltr'><strong>certamina</strong></span> <span class='ocrx_word' id='word_1_805' title='bbox 2907 3624 2973 3678; x_wconf 92' lang='lat' dir='ltr'><strong>ad</strong></span> <span class='ocrx_word' id='word_1_806' title='bbox 3025 3627 3343 3695; x_wconf 86' lang='lat' dir='ltr'><strong>sanguinem</strong></span> <span class='ocrx_word' id='word_1_807' title='bbox 3397 3644 3566 3698; x_wconf 81' lang='lat' dir='ltr'><strong>usque</strong></span> 
     </span>
    </p>
   </div>
   <div class='ocr_carea' id='block_1_97' title="bbox 1965 3717 3564 3790">
    <p class='ocr_par' dir='ltr' id='par_1_97' title="bbox 1965 3717 3564 3790">
     <span class='ocr_line' id='line_1_97' title="bbox 1965 3717 3564 3790; baseline 0.001 -17"><span class='ocrx_word' id='word_1_808' title='bbox 1965 3721 2170 3790; x_wconf 84' lang='lat' dir='ltr'><strong>peragi.</strong></span> <span class='ocrx_word' id='word_1_809' title='bbox 2207 3719 2393 3789; x_wconf 86' lang='lat' dir='ltr'><strong>Itaque</strong></span> <span class='ocrx_word' id='word_1_810' title='bbox 2421 3719 2465 3772; x_wconf 89' lang='lat' dir='ltr'><strong>si</strong></span> <span class='ocrx_word' id='word_1_811' title='bbox 2497 3727 2724 3772; x_wconf 88' lang='lat' dir='ltr'><strong>mortem</strong></span> <span class='ocrx_word' id='word_1_812' title='bbox 2761 3717 2912 3772; x_wconf 90' lang='lat' dir='ltr'><strong>obire</strong></span> <span class='ocrx_word' id='word_1_813' title='bbox 2959 3728 3227 3786; x_wconf 87' lang='lat' dir='ltr'><strong>oporteat,</strong></span> <span class='ocrx_word' id='word_1_814' title='bbox 3256 3731 3309 3775; x_wconf 90' lang='lat' dir='ltr'><strong>et</strong></span> <span class='ocrx_word' id='word_1_815' title='bbox 3335 3731 3564 3775; x_wconf 88' lang='lat' dir='ltr'><strong>mortem</strong></span> 
     </span>
    </p>
   </div>
   <div class='ocr_carea' id='block_1_98' title="bbox 1967 3811 3566 3882">
    <p class='ocr_par' dir='ltr' id='par_1_98' title="bbox 1967 3811 3566 3882">
     <span class='ocr_line' id='line_1_98' title="bbox 1967 3811 3566 3882; baseline 0.001 -14"><span class='ocrx_word' id='word_1_816' title='bbox 1967 3814 2328 3882; x_wconf 86' lang='lat' dir='ltr'><strong>turpissimam</strong></span> <span class='ocrx_word' id='word_1_817' title='bbox 2348 3854 2360 3874; x_wconf 56' lang='grc' dir='ltr'>ς</span> <span class='ocrx_word' id='word_1_818' title='bbox 2398 3821 2731 3879; x_wconf 90' lang='lat' dir='ltr'><strong>mortemque</strong></span> <span class='ocrx_word' id='word_1_819' title='bbox 2759 3811 3170 3879; x_wconf 81' lang='lat' dir='ltr'><strong>exsecrandam,</strong></span> <span class='ocrx_word' id='word_1_820' title='bbox 3201 3813 3432 3880; x_wconf 88' lang='lat' dir='ltr'><strong>etiamsi,</strong></span> <span class='ocrx_word' id='word_1_821' title='bbox 3470 3830 3566 3882; x_wconf 90' lang='lat' dir='ltr'><strong>pro</strong></span> 
     </span>
    </p>
   </div>
   <div class='ocr_carea' id='block_1_99' title="bbox 1966 3902 3563 3977">
    <p class='ocr_par' dir='ltr' id='par_1_99' title="bbox 1966 3902 3563 3977">
     <span class='ocr_line' id='line_1_99' title="bbox 1966 3902 3563 3977; baseline 0.003 -19"><span class='ocrx_word' id='word_1_822' title='bbox 1966 3920 2126 3975; x_wconf 90' lang='lat' dir='ltr'><strong>prava</strong></span> <span class='ocrx_word' id='word_1_823' title='bbox 2148 3904 2376 3974; x_wconf 84' lang='lat' dir='ltr'><strong>quadam</strong></span> <span class='ocrx_word' id='word_1_824' title='bbox 2401 3902 2725 3970; x_wconf 85' lang='lat' dir='ltr'><strong>suspicione,</strong></span> <span class='ocrx_word' id='word_1_825' title='bbox 2743 3902 2922 3956; x_wconf 90' lang='lat' dir='ltr'><strong>omnia</strong></span> <span class='ocrx_word' id='word_1_826' title='bbox 2944 3912 3156 3972; x_wconf 90' lang='lat' dir='ltr'><strong>oportet</strong></span> <span class='ocrx_word' id='word_1_827' title='bbox 3178 3904 3386 3960; x_wconf 86' lang='lat' dir='ltr'><strong>fortiter</strong></span> <span class='ocrx_word' id='word_1_828' title='bbox 3400 3905 3563 3977; x_wconf 87' lang='lat' dir='ltr'><strong>ferre,</strong></span> 
     </span>
    </p>
   </div>
   <div class='ocr_carea' id='block_1_100' title="bbox 1967 3992 3565 4064">
    <p class='ocr_par' dir='ltr' id='par_1_100' title="bbox 1967 3992 3565 4064">
     <span class='ocr_line' id='line_1_100' title="bbox 1967 3992 3565 4064; baseline 0.001 -13"><span class='ocrx_word' id='word_1_829' title='bbox 1967 4006 2019 4051; x_wconf 88' lang='lat' dir='ltr'><strong>et</strong></span> <span class='ocrx_word' id='word_1_830' title='bbox 2052 3996 2170 4051; x_wconf 91' lang='lat' dir='ltr'><strong>ideo</strong></span> <span class='ocrx_word' id='word_1_831' title='bbox 2199 3996 2428 4050; x_wconf 90' lang='lat' dir='ltr'><strong>maxime</strong></span> <span class='ocrx_word' id='word_1_832' title='bbox 2453 3995 2743 4049; x_wconf 84' lang='lat' dir='ltr'><strong>exsultare.</strong></span> <span class='ocrx_word' id='word_1_833' title='bbox 2777 3992 2845 4046; x_wconf 83' lang='lat' dir='ltr'><strong>Et</strong></span> <span class='ocrx_word' id='word_1_834' title='bbox 2869 4004 3107 4064; x_wconf 77' lang='lat' dir='ltr'><strong>sequatur</strong></span> <span class='ocrx_word' id='word_1_835' title='bbox 3132 4012 3238 4050; x_wconf 71' lang='lat' dir='ltr'><strong>me;</strong></span> <span class='ocrx_word' id='word_1_836' title='bbox 3260 3997 3392 4064; x_wconf 85' lang='lat' dir='ltr'><strong>Quia</strong></span> <span class='ocrx_word' id='word_1_837' title='bbox 3422 4001 3565 4053; x_wconf 88' lang='lat' dir='ltr'><strong>enim</strong></span> 
     </span>
    </p>
   </div>
   <div class='ocr_carea' id='block_1_101' title="bbox 1968 4085 3563 4156">
    <p class='ocr_par' dir='ltr' id='par_1_101' title="bbox 1968 4085 3563 4156">
     <span class='ocr_line' id='line_1_101' title="bbox 1968 4085 3563 4156; baseline 0.001 -15"><span class='ocrx_word' id='word_1_838' title='bbox 1968 4088 2082 4141; x_wconf 87' lang='lat' dir='ltr'><strong>fieri</strong></span> <span class='ocrx_word' id='word_1_839' title='bbox 2141 4095 2316 4155; x_wconf 85' lang='lat' dir='ltr'><strong>potest</strong></span> <span class='ocrx_word' id='word_1_840' title='bbox 2361 4095 2417 4138; x_wconf 92' lang='lat' dir='ltr'><strong>ut</strong></span> <span class='ocrx_word' id='word_1_841' title='bbox 2445 4085 2534 4154; x_wconf 93' lang='lat' dir='ltr'><strong>qui</strong></span> <span class='ocrx_word' id='word_1_842' title='bbox 2575 4086 2776 4154; x_wconf 87' lang='lat' dir='ltr'><strong>patitur</strong></span> <span class='ocrx_word' id='word_1_843' title='bbox 2815 4100 2919 4138; x_wconf 91' lang='lat' dir='ltr'><strong>non</strong></span> <span class='ocrx_word' id='word_1_844' title='bbox 2964 4095 3220 4154; x_wconf 89' lang='lat' dir='ltr'><strong>sequatur</strong></span> <span class='ocrx_word' id='word_1_845' title='bbox 3268 4089 3563 4156; x_wconf 64' lang='lat' dir='ltr'><strong>Christum,</strong></span> 
     </span>
    </p>
   </div>
   <div class='ocr_carea' id='block_1_102' title="bbox 1967 4175 3566 4248">
    <p class='ocr_par' dir='ltr' id='par_1_102' title="bbox 1967 4175 3566 4248">
     <span class='ocr_line' id='line_1_102' title="bbox 1967 4175 3566 4248; baseline -0.004 -16"><span class='ocrx_word' id='word_1_846' title='bbox 1967 4193 2088 4232; x_wconf 94' lang='lat' dir='ltr'><strong>cum</strong></span> <span class='ocrx_word' id='word_1_847' title='bbox 2131 4193 2237 4231; x_wconf 92' lang='lat' dir='ltr'><strong>non</strong></span> <span class='ocrx_word' id='word_1_848' title='bbox 2297 4176 2493 4247; x_wconf 88' lang='lat' dir='ltr'><strong>patitur</strong></span> <span class='ocrx_word' id='word_1_849' title='bbox 2525 4184 2744 4245; x_wconf 88' lang='lat' dir='ltr'><strong>propter</strong></span> <span class='ocrx_word' id='word_1_850' title='bbox 2789 4175 2960 4244; x_wconf 88' lang='lat' dir='ltr'><strong>ipsum</strong></span> <span class='ocrx_word' id='word_1_851' title='bbox 3015 4177 3159 4248; x_wconf 89' lang='lat' dir='ltr'><strong>(nam</strong></span> <span class='ocrx_word' id='word_1_852' title='bbox 3193 4178 3448 4243; x_wconf 85' lang='lat' dir='ltr'><strong>latrones,</strong></span> <span class='ocrx_word' id='word_1_853' title='bbox 3483 4198 3566 4236; x_wconf 87' lang='lat' dir='ltr'><strong>se.</strong></span> 
     </span>
    </p>
   </div>
   <div class='ocr_carea' id='block_1_103' title="bbox 1969 4269 3568 4342">
    <p class='ocr_par' dir='ltr' id='par_1_103' title="bbox 1969 4269 3568 4342">
     <span class='ocr_line' id='line_1_103' title="bbox 1969 4269 3568 4342; baseline 0.002 -18"><span class='ocrx_word' id='word_1_854' title='bbox 1969 4273 2274 4342; x_wconf 90' lang='lat' dir='ltr'><strong>pulcrorum</strong></span> <span class='ocrx_word' id='word_1_855' title='bbox 2295 4269 2616 4338; x_wconf 84' lang='lat' dir='ltr'><strong>expilatores</strong></span> <span class='ocrx_word' id='word_1_856' title='bbox 2635 4279 2692 4323; x_wconf 89' lang='lat' dir='ltr'><strong>et</strong></span> <span class='ocrx_word' id='word_1_857' title='bbox 2717 4269 3130 4337; x_wconf 65' lang='lat' dir='ltr'><strong>praestigiatores</strong></span> <span class='ocrx_word' id='word_1_858' title='bbox 3153 4271 3316 4325; x_wconf 89' lang='lat' dir='ltr'><strong>multa</strong></span> <span class='ocrx_word' id='word_1_859' title='bbox 3363 4284 3417 4326; x_wconf 88' lang='lat' dir='ltr'><strong>et</strong></span> <span class='ocrx_word' id='word_1_860' title='bbox 3443 4290 3568 4342; x_wconf 84' lang='lat' dir='ltr'><strong>gra-</strong></span> 
     </span>
    </p>
   </div>
   <div class='ocr_carea' id='block_1_104' title="bbox 1967 4358 3564 4431">
    <p class='ocr_par' dir='ltr' id='par_1_104' title="bbox 1967 4358 3564 4431">
     <span class='ocr_line' id='line_1_104' title="bbox 1967 4358 3564 4431; baseline 0.002 -15"><span class='ocrx_word' id='word_1_861' title='bbox 1967 4365 2113 4417; x_wconf 86' lang='lat' dir='ltr'><strong>viora</strong></span> <span class='ocrx_word' id='word_1_862' title='bbox 2145 4358 2438 4431; x_wconf 88' lang='lat' dir='ltr'><strong>patinntur)</strong></span> <span class='ocrx_word' id='word_1_863' title='bbox 2467 4401 2479 4423; x_wconf 96' lang='lat'><strong>,</strong></span> <span class='ocrx_word' id='word_1_864' title='bbox 2507 4376 2573 4414; x_wconf 89' lang='lat' dir='ltr'><strong>ne</strong></span> <span class='ocrx_word' id='word_1_865' title='bbox 2605 4369 2782 4428; x_wconf 89' lang='lat' dir='ltr'><strong>putes,</strong></span> <span class='ocrx_word' id='word_1_866' title='bbox 2809 4358 3056 4414; x_wconf 82' lang='lat' dir='ltr'><strong>sufficere</strong></span> <span class='ocrx_word' id='word_1_867' title='bbox 3096 4361 3265 4431; x_wconf 84' lang='lat' dir='ltr'><strong>ipsam</strong></span> <span class='ocrx_word' id='word_1_868' title='bbox 3304 4366 3564 4420; x_wconf 88' lang='lat' dir='ltr'><strong>malorum</strong></span> 
     </span>
    </p>
   </div>
   <div class='ocr_carea' id='block_1_105' title="bbox 1969 4450 3567 4520">
    <p class='ocr_par' dir='ltr' id='par_1_105' title="bbox 1969 4450 3567 4520">
     <span class='ocr_line' id='line_1_105' title="bbox 1969 4450 3567 4520; baseline 0.002 -14"><span class='ocrx_word' id='word_1_869' title='bbox 1969 4463 2234 4514; x_wconf 88' lang='lat' dir='ltr'><strong>naturam,</strong></span> <span class='ocrx_word' id='word_1_870' title='bbox 2281 4466 2497 4505; x_wconf 88' lang='lat' dir='ltr'><strong>causam</strong></span> <span class='ocrx_word' id='word_1_871' title='bbox 2530 4451 2793 4516; x_wconf 86' lang='lat' dir='ltr'><strong>malorum</strong></span> <span class='ocrx_word' id='word_1_872' title='bbox 2822 4450 2987 4505; x_wconf 91' lang='lat' dir='ltr'><strong>addit.</strong></span> <span class='ocrx_word' id='word_1_873' title='bbox 3018 4452 3276 4520; x_wconf 65' lang='lat' dir='ltr'><strong>Quaanatn</strong></span> <span class='ocrx_word' id='word_1_874' title='bbox 3322 4457 3409 4510; x_wconf 87' lang='lat' dir='ltr'><strong>illa</strong></span> <span class='ocrx_word' id='word_1_875' title='bbox 3449 4460 3567 4512; x_wconf 77' lang='lat' dir='ltr'><strong>est?</strong></span> 
     </span>
    </p>
   </div>
   <div class='ocr_carea' id='block_1_106' title="bbox 1971 4543 3568 4617">
    <p class='ocr_par' dir='ltr' id='par_1_106' title="bbox 1971 4543 3568 4617">
     <span class='ocr_line' id='line_1_106' title="bbox 1971 4543 3568 4617; baseline 0.001 -17"><span class='ocrx_word' id='word_1_876' title='bbox 1971 4545 2037 4600; x_wconf 87' lang='lat' dir='ltr'><strong>Ut</strong></span> <span class='ocrx_word' id='word_1_877' title='bbox 2061 4545 2174 4598; x_wconf 49' lang='lat' dir='ltr'><strong>hate</strong></span> <span class='ocrx_word' id='word_1_878' title='bbox 2202 4557 2366 4612; x_wconf 86' lang='lat' dir='ltr'><strong>agens</strong></span> <span class='ocrx_word' id='word_1_879' title='bbox 2401 4551 2456 4596; x_wconf 90' lang='lat' dir='ltr'><strong>et</strong></span> <span class='ocrx_word' id='word_1_880' title='bbox 2493 4543 2700 4612; x_wconf 90' lang='lat' dir='ltr'><strong>patiens</strong></span> <span class='ocrx_word' id='word_1_881' title='bbox 2729 4543 2902 4612; x_wconf 87' lang='lat' dir='ltr'><strong>ipsum</strong></span> <span class='ocrx_word' id='word_1_882' title='bbox 2945 4547 3223 4614; x_wconf 86' lang='lat' dir='ltr'><strong>sequaris;</strong></span> <span class='ocrx_word' id='word_1_883' title='bbox 3252 4556 3324 4601; x_wconf 80' lang='lat' dir='ltr'><strong>ut</strong></span> <span class='ocrx_word' id='word_1_884' title='bbox 3353 4560 3568 4617; x_wconf 86' lang='lat' dir='ltr'><strong>propter</strong></span> 
     </span>
    </p>
   </div>
   <div class='ocr_carea' id='block_1_107' title="bbox 1970 4635 3564 4706">
    <p class='ocr_par' dir='ltr' id='par_1_107' title="bbox 1970 4635 3564 4706">
     <span class='ocr_line' id='line_1_107' title="bbox 1970 4635 3564 4706; baseline 0.004 -16"><span class='ocrx_word' id='word_1_885' title='bbox 1970 4639 2141 4706; x_wconf 89' lang='lat' dir='ltr'><strong>ipsum</strong></span> <span class='ocrx_word' id='word_1_886' title='bbox 2168 4636 2348 4690; x_wconf 86' lang='lat' dir='ltr'><strong>omnia</strong></span> <span class='ocrx_word' id='word_1_887' title='bbox 2378 4635 2627 4702; x_wconf 89' lang='lat' dir='ltr'><strong>patiaris,</strong></span> <span class='ocrx_word' id='word_1_888' title='bbox 2673 4643 2727 4688; x_wconf 92' lang='lat' dir='ltr'><strong>et</strong></span> <span class='ocrx_word' id='word_1_889' title='bbox 2768 4635 3003 4704; x_wconf 87' lang='lat' dir='ltr'><strong>reliquas</strong></span> <span class='ocrx_word' id='word_1_890' title='bbox 3048 4636 3271 4693; x_wconf 87' lang='lat' dir='ltr'><strong>virtutes</strong></span> <span class='ocrx_word' id='word_1_891' title='bbox 3299 4639 3564 4696; x_wconf 89' lang='lat' dir='ltr'><strong>obtineas.</strong></span> 
     </span>
    </p>
   </div>
   <div class='ocr_carea' id='block_1_108' title="bbox 1969 4723 3570 4796">
    <p class='ocr_par' dir='ltr' id='par_1_108' title="bbox 1969 4723 3570 4796">
     <span class='ocr_line' id='line_1_108' title="bbox 1969 4723 3570 4796; baseline 0.002 -12"><span class='ocrx_word' id='word_1_892' title='bbox 1969 4728 2101 4784; x_wconf 85' lang='lat' dir='ltr'><strong>Nam</strong></span> <span class='ocrx_word' id='word_1_893' title='bbox 2124 4727 2174 4780; x_wconf 90' lang='lat' dir='ltr'><strong>id</strong></span> <span class='ocrx_word' id='word_1_894' title='bbox 2203 4725 2465 4796; x_wconf 83' lang='lat' dir='ltr'><strong>significat</strong></span> <span class='ocrx_word' id='word_1_895' title='bbox 2494 4723 2646 4789; x_wconf 90' lang='lat' dir='ltr'><strong>illud,</strong></span> <span class='ocrx_word' id='word_1_896' title='bbox 2680 4724 2937 4795; x_wconf 83' lang='lat' dir='ltr'><strong>Sequatur</strong></span> <span class='ocrx_word' id='word_1_897' title='bbox 2964 4743 3074 4792; x_wconf 87' lang='lat' dir='ltr'><strong>me;</strong></span> <span class='ocrx_word' id='word_1_898' title='bbox 3108 4729 3178 4781; x_wconf 90' lang='lat' dir='ltr'><strong>ita</strong></span> <span class='ocrx_word' id='word_1_899' title='bbox 3201 4738 3256 4782; x_wconf 90' lang='lat' dir='ltr'><strong>ut</strong></span> <span class='ocrx_word' id='word_1_900' title='bbox 3277 4745 3381 4783; x_wconf 90' lang='lat' dir='ltr'><strong>nou</strong></span> <span class='ocrx_word' id='word_1_901' title='bbox 3410 4735 3570 4787; x_wconf 89' lang='lat' dir='ltr'><strong>modo</strong></span> 
     </span>
    </p>
   </div>
   <div class='ocr_carea' id='block_1_109' title="bbox 1972 4818 3571 4896">
    <p class='ocr_par' dir='ltr' id='par_1_109' title="bbox 1972 4818 3571 4896">
     <span class='ocr_line' id='line_1_109' title="bbox 1972 4818 3571 4896; baseline 0.003 -20"><span class='ocrx_word' id='word_1_902' title='bbox 1972 4822 2337 4876; x_wconf 86' lang='lat' dir='ltr'><strong>fortitudinem</strong></span> <span class='ocrx_word' id='word_1_903' title='bbox 2365 4819 2416 4873; x_wconf 92' lang='lat' dir='ltr'><strong>in</strong></span> <span class='ocrx_word' id='word_1_904' title='bbox 2447 4819 2704 4873; x_wconf 70' lang='lat' dir='ltr'><strong>aerumnis</strong></span> <span class='ocrx_word' id='word_1_905' title='bbox 2722 4860 2736 4880; x_wconf 89' lang='lat'><strong>,</strong></span> <span class='ocrx_word' id='word_1_906' title='bbox 2762 4818 2855 4874; x_wconf 89' lang='lat' dir='ltr'><strong>sed</strong></span> <span class='ocrx_word' id='word_1_907' title='bbox 2886 4829 2940 4875; x_wconf 89' lang='lat' dir='ltr'><strong>et</strong></span> <span class='ocrx_word' id='word_1_908' title='bbox 2961 4821 3345 4878; x_wconf 88' lang='lat' dir='ltr'><strong>continentiam</strong></span> <span class='ocrx_word' id='word_1_909' title='bbox 3368 4867 3380 4889; x_wconf 96' lang='lat'><strong>,</strong></span> <span class='ocrx_word' id='word_1_910' title='bbox 3406 4829 3571 4896; x_wconf 68' lang='lat' dir='ltr'><strong>arqui~</strong></span> 
     </span>
    </p>
   </div>
   <div class='ocr_carea' id='block_1_110' title="bbox 1975 4911 3568 4981">
    <p class='ocr_par' dir='ltr' id='par_1_110' title="bbox 1975 4911 3568 4981">
     <span class='ocr_line' id='line_1_110' title="bbox 1975 4911 3568 4981; baseline 0.004 -13"><span class='ocrx_word' id='word_1_911' title='bbox 1975 4925 2137 4968; x_wconf 86' lang='lat' dir='ltr'><strong>tatem</strong></span> <span class='ocrx_word' id='word_1_912' title='bbox 2161 4955 2175 4978; x_wconf 97' lang='lat'><strong>,</strong></span> <span class='ocrx_word' id='word_1_913' title='bbox 2195 4926 2519 4981; x_wconf 89' lang='lat' dir='ltr'><strong>omnemque</strong></span> <span class='ocrx_word' id='word_1_914' title='bbox 2539 4911 2936 4981; x_wconf 82' lang='lat' dir='ltr'><strong>philosophiam</strong></span> <span class='ocrx_word' id='word_1_915' title='bbox 2957 4914 3234 4968; x_wconf 84' lang='lat' dir='ltr'><strong>exhibeas.</strong></span> <span class='ocrx_word' id='word_1_916' title='bbox 3265 4913 3395 4972; x_wconf 79' lang='lat' dir='ltr'><strong>illud</strong></span> <span class='ocrx_word' id='word_1_917' title='bbox 3427 4924 3568 4975; x_wconf 89' lang='lat' dir='ltr'><strong>enim</strong></span> 
     </span>
    </p>
   </div>
   <div class='ocr_carea' id='block_1_111' title="bbox 1971 5003 3572 5078">
    <p class='ocr_par' dir='ltr' id='par_1_111' title="bbox 1971 5003 3572 5078">
     <span class='ocr_line' id='line_1_111' title="bbox 1971 5003 3572 5078; baseline 0.004 -16"><span class='ocrx_word' id='word_1_918' title='bbox 1971 5015 2054 5062; x_wconf 90' lang='lat' dir='ltr'><strong>est</strong></span> <span class='ocrx_word' id='word_1_919' title='bbox 2072 5013 2127 5058; x_wconf 91' lang='lat' dir='ltr'><strong>ut</strong></span> <span class='ocrx_word' id='word_1_920' title='bbox 2142 5012 2353 5074; x_wconf 88' lang='lat' dir='ltr'><strong>oportet</strong></span> <span class='ocrx_word' id='word_1_921' title='bbox 2376 5003 2526 5071; x_wconf 83' lang='lat' dir='ltr'><strong>sequi</strong></span> <span class='ocrx_word' id='word_1_922' title='bbox 2557 5021 2572 5057; x_wconf 89' lang='lat'><strong>:</strong></span> <span class='ocrx_word' id='word_1_923' title='bbox 2596 5011 2649 5057; x_wconf 90' lang='lat' dir='ltr'><strong>et</strong></span> <span class='ocrx_word' id='word_1_924' title='bbox 2664 5004 2796 5058; x_wconf 82' lang='lat' dir='ltr'><strong>alias</strong></span> <span class='ocrx_word' id='word_1_925' title='bbox 2812 5018 3002 5058; x_wconf 90' lang='lat' dir='ltr'><strong>curare</strong></span> <span class='ocrx_word' id='word_1_926' title='bbox 3021 5007 3266 5070; x_wconf 86' lang='lat' dir='ltr'><strong>virtutes,</strong></span> <span class='ocrx_word' id='word_1_927' title='bbox 3286 5018 3340 5062; x_wconf 89' lang='lat' dir='ltr'><strong>et</strong></span> <span class='ocrx_word' id='word_1_928' title='bbox 3356 5022 3572 5078; x_wconf 79' lang='lat' dir='ltr'><strong>prapter</strong></span> 
     </span>
    </p>
   </div>
   <div class='ocr_carea' id='block_1_112' title="bbox 1974 5092 3571 5170">
    <p class='ocr_par' dir='ltr' id='par_1_112' title="bbox 1974 5092 3571 5170">
     <span class='ocr_line' id='line_1_112' title="bbox 1974 5092 3571 5170; baseline 0.009 -26"><span class='ocrx_word' id='word_1_929' title='bbox 1974 5098 2147 5166; x_wconf 84' lang='lat' dir='ltr'><strong>ipsum</strong></span> <span class='ocrx_word' id='word_1_930' title='bbox 2165 5095 2342 5148; x_wconf 90' lang='lat' dir='ltr'><strong>omnia</strong></span> <span class='ocrx_word' id='word_1_931' title='bbox 2372 5093 2501 5163; x_wconf 86' lang='lat' dir='ltr'><strong>pati.</strong></span> <span class='ocrx_word' id='word_1_932' title='bbox 2524 5092 2663 5149; x_wconf 88' lang='lat' dir='ltr'><strong>Sunt</strong></span> <span class='ocrx_word' id='word_1_933' title='bbox 2691 5095 2830 5148; x_wconf 90' lang='lat' dir='ltr'><strong>enim</strong></span> <span class='ocrx_word' id='word_1_934' title='bbox 2849 5095 2936 5165; x_wconf 89' lang='lat' dir='ltr'><strong>qui</strong></span> <span class='ocrx_word' id='word_1_935' title='bbox 2963 5095 3231 5151; x_wconf 88' lang='lat' dir='ltr'><strong>diabolum</strong></span> <span class='ocrx_word' id='word_1_936' title='bbox 3254 5111 3571 5170; x_wconf 66' lang='lat' dir='ltr'><strong>Sequuntur,</strong></span> 
     </span>
    </p>
   </div>
   <div class='ocr_carea' id='block_1_113' title="bbox 1974 5188 3572 5262">
    <p class='ocr_par' dir='ltr' id='par_1_113' title="bbox 1974 5188 3572 5262">
     <span class='ocr_line' id='line_1_113' title="bbox 1974 5188 3572 5262; baseline 0.003 -19"><span class='ocrx_word' id='word_1_937' title='bbox 1974 5199 2024 5243; x_wconf 90' lang='lat' dir='ltr'><strong>et</strong></span> <span class='ocrx_word' id='word_1_938' title='bbox 2057 5189 2170 5242; x_wconf 70' lang='lat' dir='ltr'><strong>haec</strong></span> <span class='ocrx_word' id='word_1_939' title='bbox 2201 5189 2472 5256; x_wconf 88' lang='lat' dir='ltr'><strong>patiuntur</strong></span> <span class='ocrx_word' id='word_1_940' title='bbox 2497 5229 2511 5252; x_wconf 96' lang='lat'><strong>,</strong></span> <span class='ocrx_word' id='word_1_941' title='bbox 2540 5195 2596 5240; x_wconf 90' lang='lat' dir='ltr'><strong>et</strong></span> <span class='ocrx_word' id='word_1_942' title='bbox 2622 5197 2842 5256; x_wconf 88' lang='lat' dir='ltr'><strong>pr0pter</strong></span> <span class='ocrx_word' id='word_1_943' title='bbox 2885 5188 3030 5241; x_wconf 93' lang='lat' dir='ltr'><strong>illum</strong></span> <span class='ocrx_word' id='word_1_944' title='bbox 3058 5190 3266 5244; x_wconf 87' lang='lat' dir='ltr'><strong>animas</strong></span> <span class='ocrx_word' id='word_1_945' title='bbox 3295 5207 3417 5245; x_wconf 91' lang='lat' dir='ltr'><strong>suas</strong></span> <span class='ocrx_word' id='word_1_946' title='bbox 3450 5208 3572 5262; x_wconf 77' lang='lat' dir='ltr'><strong>pro~</strong></span> 
     </span>
    </p>
   </div>
   <div class='ocr_carea' id='block_1_114' title="bbox 1974 5276 3570 5350">
    <p class='ocr_par' dir='ltr' id='par_1_114' title="bbox 1974 5276 3570 5350">
     <span class='ocr_line' id='line_1_114' title="bbox 1974 5276 3570 5350; baseline 0.004 -15"><span class='ocrx_word' id='word_1_947' title='bbox 1974 5281 2145 5344; x_wconf 90' lang='lat' dir='ltr'><strong>dunt;</strong></span> <span class='ocrx_word' id='word_1_948' title='bbox 2179 5279 2272 5333; x_wconf 90' lang='lat' dir='ltr'><strong>sed</strong></span> <span class='ocrx_word' id='word_1_949' title='bbox 2315 5293 2412 5333; x_wconf 90' lang='lat' dir='ltr'><strong>nos</strong></span> <span class='ocrx_word' id='word_1_950' title='bbox 2447 5286 2664 5346; x_wconf 88' lang='lat' dir='ltr'><strong>propter</strong></span> <span class='ocrx_word' id='word_1_951' title='bbox 2711 5276 3026 5343; x_wconf 89' lang='lat' dir='ltr'><strong>Christum,</strong></span> <span class='ocrx_word' id='word_1_952' title='bbox 3059 5281 3167 5335; x_wconf 89' lang='lat' dir='ltr'><strong>imo</strong></span> <span class='ocrx_word' id='word_1_953' title='bbox 3199 5292 3418 5350; x_wconf 71' lang='lat' dir='ltr'><strong>promer</strong></span> <span class='ocrx_word' id='word_1_954' title='bbox 3475 5301 3570 5342; x_wconf 91' lang='lat' dir='ltr'><strong>nos</strong></span> 
     </span>
    </p>
   </div>
   <div class='ocr_carea' id='block_1_115' title="bbox 1976 5369 3568 5442">
    <p class='ocr_par' dir='ltr' id='par_1_115' title="bbox 1976 5369 3568 5442">
     <span class='ocr_line' id='line_1_115' title="bbox 1976 5369 3568 5442; baseline 0.003 -16"><span class='ocrx_word' id='word_1_955' title='bbox 1976 5373 2141 5442; x_wconf 90' lang='lat' dir='ltr'><strong>ipsos.</strong></span> <span class='ocrx_word' id='word_1_956' title='bbox 2170 5371 2272 5435; x_wconf 92' lang='lat' dir='ltr'><strong>llli,</strong></span> <span class='ocrx_word' id='word_1_957' title='bbox 2301 5380 2358 5424; x_wconf 94' lang='lat' dir='ltr'><strong>ut</strong></span> <span class='ocrx_word' id='word_1_958' title='bbox 2385 5370 2483 5424; x_wconf 91' lang='lat' dir='ltr'><strong>sibi</strong></span> <span class='ocrx_word' id='word_1_959' title='bbox 2509 5371 2636 5439; x_wconf 86' lang='lat' dir='ltr'><strong>ipsis</strong></span> <span class='ocrx_word' id='word_1_960' title='bbox 2665 5380 2718 5424; x_wconf 88' lang='lat' dir='ltr'><strong>et</strong></span> <span class='ocrx_word' id='word_1_961' title='bbox 2751 5369 2835 5424; x_wconf 91' lang='lat' dir='ltr'><strong>hic</strong></span> <span class='ocrx_word' id='word_1_962' title='bbox 2865 5379 2919 5426; x_wconf 92' lang='lat' dir='ltr'><strong>et</strong></span> <span class='ocrx_word' id='word_1_963' title='bbox 2945 5373 3051 5426; x_wconf 88' lang='lat' dir='ltr'><strong>illic</strong></span> <span class='ocrx_word' id='word_1_964' title='bbox 3075 5385 3340 5440; x_wconf 88' lang='lat' dir='ltr'><strong>noceant;</strong></span> <span class='ocrx_word' id='word_1_965' title='bbox 3369 5394 3486 5438; x_wconf 75' lang='lat' dir='ltr'><strong>nos,</strong></span> <span class='ocrx_word' id='word_1_966' title='bbox 3519 5390 3568 5434; x_wconf 89' lang='lat' dir='ltr'><strong>ut</strong></span> 
     </span>
    </p>
   </div>
   <div class='ocr_carea' id='block_1_116' title="bbox 1975 5463 3569 5537">
    <p class='ocr_par' dir='ltr' id='par_1_116' title="bbox 1975 5463 3569 5537">
     <span class='ocr_line' id='line_1_116' title="bbox 1975 5463 3569 5537; baseline 0.004 -17"><span class='ocrx_word' id='word_1_967' title='bbox 1975 5477 2258 5534; x_wconf 88' lang='lat' dir='ltr'><strong>utramque</strong></span> <span class='ocrx_word' id='word_1_968' title='bbox 2279 5465 2440 5518; x_wconf 91' lang='lat' dir='ltr'><strong>vitam</strong></span> <span class='ocrx_word' id='word_1_969' title='bbox 2464 5463 2754 5517; x_wconf 88' lang='lat' dir='ltr'><strong>lucremur.</strong></span> <span class='ocrx_word' id='word_1_970' title='bbox 2781 5463 3063 5532; x_wconf 85' lang='lat' dir='ltr'><strong>Quomodo</strong></span> <span class='ocrx_word' id='word_1_971' title='bbox 3081 5483 3208 5537; x_wconf 81' lang='lat' dir='ltr'><strong>ergo</strong></span> <span class='ocrx_word' id='word_1_972' title='bbox 3226 5484 3333 5523; x_wconf 90' lang='lat' dir='ltr'><strong>non</strong></span> <span class='ocrx_word' id='word_1_973' title='bbox 3349 5489 3569 5527; x_wconf 71' lang='lat' dir='ltr'><strong>summai</strong></span> 
     </span>
    </p>
   </div>
   <div class='ocr_carea' id='block_1_117' title="bbox 1977 5555 3570 5630">
    <p class='ocr_par' dir='ltr' id='par_1_117' title="bbox 1977 5555 3570 5630">
     <span class='ocr_line' id='line_1_117' title="bbox 1977 5555 3570 5630; baseline 0.004 -20"><span class='ocrx_word' id='word_1_974' title='bbox 1977 5555 2139 5611; x_wconf 87' lang='lat' dir='ltr'><strong>fuerit</strong></span> <span class='ocrx_word' id='word_1_975' title='bbox 2196 5556 2417 5626; x_wconf 78' lang='lat' dir='ltr'><strong>ignavia:</strong></span> <span class='ocrx_word' id='word_1_976' title='bbox 2464 5572 2571 5610; x_wconf 90' lang='lat' dir='ltr'><strong>non</strong></span> <span class='ocrx_word' id='word_1_977' title='bbox 2623 5566 2821 5609; x_wconf 88' lang='lat' dir='ltr'><strong>tantam</strong></span> <span class='ocrx_word' id='word_1_978' title='bbox 2867 5556 3232 5612; x_wconf 85' lang='lat' dir='ltr'><strong>fortitudinem</strong></span> <span class='ocrx_word' id='word_1_979' title='bbox 3287 5563 3570 5630; x_wconf 81' lang='lat' dir='ltr'><strong>exhibere,</strong></span> 
     </span>
    </p>
   </div>
   <div class='ocr_carea' id='block_1_118' title="bbox 1977 5652 3572 5721">
    <p class='ocr_par' dir='ltr' id='par_1_118' title="bbox 1977 5652 3572 5721">
     <span class='ocr_line' id='line_1_118' title="bbox 1977 5652 3572 5721; baseline 0.002 -15"><span class='ocrx_word' id='word_1_980' title='bbox 1977 5662 2226 5721; x_wconf 86' lang='lat' dir='ltr'><strong>quantam</strong></span> <span class='ocrx_word' id='word_1_981' title='bbox 2256 5652 2292 5706; x_wconf 91' lang='lat' dir='ltr'><strong>ii</strong></span> <span class='ocrx_word' id='word_1_982' title='bbox 2325 5653 2411 5717; x_wconf 89' lang='lat' dir='ltr'><strong>qui</strong></span> <span class='ocrx_word' id='word_1_983' title='bbox 2441 5661 2663 5720; x_wconf 87' lang='lat' dir='ltr'><strong>pereunt</strong></span> <span class='ocrx_word' id='word_1_984' title='bbox 2689 5652 2966 5717; x_wconf 86' lang='lat' dir='ltr'><strong>exhibent,</strong></span> <span class='ocrx_word' id='word_1_985' title='bbox 2988 5663 3045 5706; x_wconf 91' lang='lat' dir='ltr'><strong>et</strong></span> <span class='ocrx_word' id='word_1_986' title='bbox 3071 5653 3208 5718; x_wconf 43' lang='lat' dir='ltr'><strong>huic,</strong></span> <span class='ocrx_word' id='word_1_987' title='bbox 3236 5671 3356 5708; x_wconf 82' lang='lat' dir='ltr'><strong>cum</strong></span> <span class='ocrx_word' id='word_1_988' title='bbox 3383 5667 3457 5709; x_wconf 91' lang='lat' dir='ltr'><strong>tot</strong></span> <span class='ocrx_word' id='word_1_989' title='bbox 3479 5673 3572 5711; x_wconf 79' lang='lat' dir='ltr'><strong>co-</strong></span> 
     </span>
    </p>
   </div>
   <div class='ocr_carea' id='block_1_119' title="bbox 1978 5743 3578 5813">
    <p class='ocr_par' dir='ltr' id='par_1_119' title="bbox 1978 5743 3578 5813">
     <span class='ocr_line' id='line_1_119' title="bbox 1978 5743 3578 5813; baseline 0.003 -14"><span class='ocrx_word' id='word_1_990' title='bbox 1978 5744 2128 5799; x_wconf 86' lang='lat' dir='ltr'><strong>ronis</strong></span> <span class='ocrx_word' id='word_1_991' title='bbox 2172 5744 2360 5796; x_wconf 87' lang='lat' dir='ltr'><strong>donari</strong></span> <span class='ocrx_word' id='word_1_992' title='bbox 2393 5743 2733 5798; x_wconf 71' lang='lat' dir='ltr'><strong>debeamus?</strong></span> <span class='ocrx_word' id='word_1_993' title='bbox 2764 5743 2925 5813; x_wconf 82' lang='lat' dir='ltr'><strong>Atqui</strong></span> <span class='ocrx_word' id='word_1_994' title='bbox 2975 5746 3127 5798; x_wconf 88' lang='lat' dir='ltr'><strong>nobis</strong></span> <span class='ocrx_word' id='word_1_995' title='bbox 3157 5746 3300 5799; x_wconf 72' lang='grc' dir='ltr'><strong>θιΙθει</strong></span> <span class='ocrx_word' id='word_1_996' title='bbox 3331 5747 3578 5804; x_wconf 88' lang='lat' dir='ltr'><strong>Christus</strong></span> 
     </span>
    </p>
   </div>
   <div class='ocr_carea' id='block_1_120' title="bbox 1978 5833 3585 5907">
    <p class='ocr_par' dir='ltr' id='par_1_120' title="bbox 1978 5833 3585 5907">
     <span class='ocr_line' id='line_1_120' title="bbox 1978 5833 3585 5907; baseline 0.002 -17"><span class='ocrx_word' id='word_1_997' title='bbox 1978 5836 2288 5906; x_wconf 85' lang='lat' dir='ltr'><strong>auxiliator,</strong></span> <span class='ocrx_word' id='word_1_998' title='bbox 2333 5834 2437 5891; x_wconf 81' lang='lat' dir='ltr'><strong>illis</strong></span> <span class='ocrx_word' id='word_1_999' title='bbox 2482 5850 2660 5892; x_wconf 83' lang='lat' dir='ltr'><strong>nemo.</strong></span> <span class='ocrx_word' id='word_1_1000' title='bbox 2711 5833 2825 5890; x_wconf 81' lang='lat' dir='ltr'><strong>[Ioc</strong></span> <span class='ocrx_word' id='word_1_1001' title='bbox 2865 5848 3025 5907; x_wconf 88' lang='lat' dir='ltr'><strong>porro</strong></span> <span class='ocrx_word' id='word_1_1002' title='bbox 3065 5844 3390 5907; x_wconf 67' lang='lat' dir='ltr'><strong>pra-ceptum</strong></span> <span class='ocrx_word' id='word_1_1003' title='bbox 3432 5855 3585 5894; x_wconf 49' lang='lat' dir='ltr'><strong>man.</strong></span> 
     </span>
    </p>
   </div>
  </div>
