4046 6490
479 413 588 476 543.

481 529 665 593 davlt,
706 541 829 584 cum
871 523 1016 582 misit
1051 522 1359 581 eos‘dicen's
1395 539 1410 576 ε
1459 519 1527 575 ιη
1553 507 1684 575 uiam
1728 517 1950 590 gentium
1987 528 2049 568 ne

486 619 725 675 abici-itis.
757 616 907 672 Mitto
944 606 1088 671 enim
1118 630 1203 669 eos
1224 615 1352 669 sicut
1377 627 1490 667 oues
1535 612 1664 665 inter
1690 608 1859 678 lupos.
1896 605 1960 660 Et
1983 604 2052 658 ad

485 709 720 782 prasides
761 718 810 762 et
850 723 996 778 rcges
1031 705 1283 760 dicamini
1309 701 1518 776 (Matth.
1561 700 1647 757 10.
1688 701 1742 756 5.
1775 699 1865 754 l6.
1915 697 2050 762 l7);

486 816 627 855 nunc
665 809 842 854 autem
878 796 1012 853 illud
1046 797 1262 866 gravius
1289 805 1345 850 et
1390 795 1566 850 acrius
1592 793 1874 860 expressit.
1904 790 2056 845 Tunc

483 894 624 947 enim
657 900 880 946 mortem
909 895 1119 945 tantum
1152 887 1362 943 dicebat
1389 903 1405 945 :
1433 886 1520 941 hie
1544 899 1672 941 vero
1693 884 1854 938 etiam
1883 882 2057 936 crucis

483 982 807 1036 mentionem
838 979 979 1044 iecit,
1008 989 1062 1035 et
1089 978 1262 1033 erucis
1282 985 1548 1048 perpetuae
1573 991 1590 1029 :
1617 989 1738 1029 nam
1761 974 1865 1038 ait,
1888 969 2056 1025 Toltat

482 1087 682 1126 crucem
706 1087 890 1135 suam;
919 1069 972 1124 id
1006 1077 1109 1134 est,
1151 1068 1307 1123 Ferat
1343 1080 1582 1136 semper,
1616 1073 1670 1119 et
1700 1071 1892 1134 portet.
1926 1059 2065 1114 Illud-

483 1177 644 1232 porro
669 1161 846 1216 facere
868 1159 1075 1216 solebat
1093 1158 1313 1228 ubique,
1331 1171 1438 1212 non
1468 1156 1544 1208 ab
1565 1155 1715 1208 initio
1739 1161 1793 1208 et
1815 1149 2066 1215 exordio,

484 1253 578 1311 sed
619 1254 815 1309 sensim
861 1261 914 1306 et
947 1251 1200 1321 paulatim
1243 1249 1441 1319 majora
1473 1254 1736 1316 przecepta
1779 1242 2055 1303 inducens,

485 1360 552 1398 ne
575 1344 844 1397 auditores
871 1342 946 1396 rei
973 1342 1232 1411 gravitate
1277 1338 1637 1393 turbarentur.
1670 1333 1908 1398 Deinde,
1936 1331 2059 1402 quia

487 1436 538 1489 id
573 1435 712 1504 quod
741 1433 959 1488 dictum
979 1429 1154 1487 fuerat
1178 1473 1193 1498 ,
1221 1430 1411 1485 durum
1437 1440 1558 1483 esse
1598 1425 1875 1480 videbatur
1893 1461 1908 1488 ,
1939 1421 2069 1477 vide

487 1523 757 1594 quomodo
789 1525 840 1576 in
879 1521 1226 1592 sequentibus
1259 1519 1420 1574 leniat
1449 1517 1600 1579 illud,
1631 1523 1899 1586 portatque
1922 1528 2061 1583 prae-

491 1616 594 1670 mia
629 1613 854 1668 sudores
884 1614 1186 1680 superantia
1211 1627 1228 1676 ;
1252 1624 1422 1681 neque
1455 1609 1674 1679 praemia
1704 1615 1930 1669 tantum,
1964 1602 2058 1658 sed

488 1707 735 1777 nequitia
761 1705 1022 1774 supplicia
1055 1721 1066 1755 :
1098 1704 1150 1757 in
1179 1701 1370 1773 quibus
1396 1701 1564 1772 magis
1600 1707 1866 1763 versatur,
1894 1711 2055 1766 quam

490 1800 541 1854 in
567 1798 704 1864 aliis,
743 1797 993 1867 quoniam
1036 1809 1142 1849 non
1173 1794 1244 1848 ita
1285 1793 1546 1847 honorum
1576 1789 1752 1854 dona,
1785 1798 1841 1842 ut
1876 1801 2064 1858 parna-

490 1907 609 1946 rum
632 1889 1094 1952 comminationes,
1118 1886 1312 1942 multos
1339 1884 1407 1939 ad
1433 1899 1614 1940 sanam
1642 1892 1874 1936 mentem
1905 1879 2062 1936 redn~

491 1996 613 2036 cere
635 1981 830 2034 solent.
861 1977 1240 2033 Animadverte
1271 1990 1434 2046 porro
1470 1972 1737 2044 quomodo
1779 1972 1901 2024 hinc
1932 1969 2065 2023 inci-

490 2071 601 2142 piat
624 2079 680 2127 et
709 2069 772 2124 itt-
797 2068 1025 2138 idipsum
1056 2067 1285 2122 desinat.
1334 2066 1424 2121 25.
1460 2064 1774 2132 Quicumque
1800 2063 1936 2116 enim
1982 2076 2067 2114 vo-

495 2162 641 2217 luerit
665 2162 887 2216 animum
925 2161 1286 2215 sitam-salvam
1328 2154 1514 2228 facere,
1557 2155 1726 2227 perdet
1755 2170 1864 2209 eam
1900 2169 1921 2208 :
1947 2152 2061 2222 quia

493 2268 700 2323 ctnnqne
725 2250 997 2322 perdiderit
1022 2251 1245 2304 animum
1289 2265 1434 2303 suam
1477 2254 1682 2317 propter
1717 2261 1815 2308 nte,
1854 2242 2071 2296 inveniet

496 2362 625 2401 eam.
655 2344 745 2400 26.
782 2342 916 2411 Quid
938 2343 1069 2396 enim
1096 2341 1296 2412 prodest
1321 2340 1513 2394 homini
1534 2339 1578 2392 si
1607 2336 1851 2390 mundum
1875 2335 2074 2387 uniuer-

497 2451 607 2490 surn
635 2434 855 2489 lucretur
881 2474 897 2498 ,
925 2423 1110 2487 animle
1133 2447 1249 2485 vero
1273 2445 1378 2484 suat
1415 2430 1765 2482 detrimentum
1808 2426 2031 2495 potiatur
2048 2423 2076 2476 Γ

496 2537 583 2582 aut
603 2541 752 2599 quant
780 2525 918 2579 dabit
943 2524 1094 2578 homo
1140 2509 1580 2576 continuationem
1618 2534 1712 2590 pro
1730 2517 1905 2572 animo
1940 2515 2081 2570 sua?

499 2617 553 2674 ω
576 2625 658 2672 est
703 2634 716 2671 :
756 2614 876 2671 Non
911 2613 1053 2685 quod
1090 2611 1243 2667 vobis
1281 2626 1385 2667 non
1420 2625 1658 2683 parcam,
1711 2608 1819 2663 imo
1848 2610 2077 2662 maxime

500 2720 730 2777 parcens
753 2705 868 2759 haec
893 2705 1168 2776 praecipio.
1204 2701 1335 2756 Nam
1362 2703 1452 2770 qui
1482 2701 1652 2771 parcit
1669 2699 1780 2754 tilio
1807 2712 1926 2763 suo,
1958 2711 2077 2765 per-

499 2799 581 2853 dit
609 2797 909 2866 illum;qui
954 2810 1059 2850 non
1089 2793 1280 2864 parcit,
1316 2801 1495 2848 servat
1517 2807 1663 2848 eum.
1717 2790 1870 2858 Quod
1914 2789 2077 2844 etiam

502 2887 716 2957 sapiens
760 2884 974 2956 quidam
1014 2884 1223 2939 dicebat
1270 2881 1374 2938 :Si
1396 2881 1699 2951 percusseris
1732 2879 1898 2948 [illum
1940 2887 2081 2933 tutan

503 2981 660 3048 uirga,
677 2992 784 3029 non
801 2975 1038 3030 morietur
1068 2975 1328 3028 :rmimant
1354 2981 1520 3025 autem
1537 2971 1648 3042 ejus
1673 2986 1706 3024 α
1722 2978 1880 3024 morte
1900 2969 2082 3035 eripies

504 3065 688 3135 (Prov.
736 3066 826 3119 25.
880 3065 1008 3129 l4);
1063 3077 1126 3119 ac
1177 3077 1410 3128 rursum,
1464 3062 1565 3129 Qui
1609 3060 1875 3131 refrigerat
1915 3059 2090 3129 filium

505 3173 676 3222 suum,
706 3156 879 3226 ligabit
916 3155 1124 3208 vulnera
1170 3156 1278 3223 ejus
1317 3153 1503 3224 (Eccli.
1550 3152 1636 3210 30.
1665 3153 1721 3222 l)
1756 3170 1769 3205 :
1802 3152 1900 3207 hoc
1922 3152 2080 3208 etiam

507 3249 560 3301 in
608 3247 843 3301 exemita
873 3244 951 3300 ﬁt.
980 3243 1109 3298 Nam
1134 3245 1178 3298 si
1223 3244 1331 3298 dux
1389 3258 1610 3314 parcens
1638 3243 1913 3308 militibus,
1941 3243 2085 3298 intus

505 3335 686 3407 iubeat
731 3351 944 3406 semper
970 3350 1220 3399 manere,
1251 3346 1359 3390 tam
1402 3335 1595 3391 milites
1636 3349 1793 3406 quam
1839 3335 1970 3390 alios
2010 3335 2086 3390 si-

507 3428 619 3483 mul
661 3425 975 3498 corrumpit.
1013 3425 1092 3480 Ne
1134 3425 1293 3496 igitur
1335 3425 1511 3497 etiam.
1537 3425 1689 3480 vobis
1717 3425 1843 3480 illud
1879 3427 2087 3480 contin-

509 3527 592 3589 gat
615 3559 631 3584 ,
675 3517 876 3587 inquit,
921 3524 1132 3586 oportet
1155 3529 1251 3572 vos
1279 3525 1584 3587 perpetuam
1614 3515 1682 3572 ad
1710 3526 1937 3572 mortem
1966 3532 2087 3574 esse

513 3617 748 3679 paratos.
783 3606 916 3663 Nam
945 3617 1000 3662 et
1023 3622 1183 3678 grave
1228 3607 1426 3662 bellum
1473 3619 1596 3675 mox
1642 3608 1991 3663 excitabitur:
2019 3622 2088 3664 ne

511 3715 638 3770 ergo
667 3699 808 3754 intus
826 3698 1042 3767 sedeas,
1058 3699 1150 3754 sed
1171 3700 1255 3753 exi
1280 3710 1334 3755 et
1358 3709 1626 3770 pugnato;
1653 3700 1697 3756 si
1724 3700 1776 3754 in
1805 3702 1919 3756 acie
1945 3701 2088 3756 ceci-

513 3769 675 3855 deris,
733 3800 857 3847 tunc
883 3792 1043 3845 vitam
1072 3791 1337 3846 invenisti.
1379 3769 1512 3847 Nam
1559 3793 1603 3848 si
1645 3792 1698 3848 in
1743 3792 1891 3861 hisce
1917 3769 2090 3849 (bellis

512 3881 828 3946 sensilibus,
853 3881 943 3951 qui
992 3890 1270 3951 promptus
1293 3890 1346 3937 et
1387 3893 1600 3953 paratus
1625 3883 1692 3938 ad
1737 3884 1938 3940 caedem
1984 3895 2087 3951 est,

514 3972 602 4028 hic
629 3973 917 4042 praeclarus
941 3973 1079 4028 inter
1102 3983 1326 4029 ceteros
1351 3983 1406 4028 et
1433 3974 1664 4031 invictus
1683 3973 1909 4029 habetur
1937 4016 1953 4040 ,
1983 3975 2090 4030 ini-

515 4063 666 4131 micis
709 4061 1083 4117 formidolosus
1108 4071 1229 4127 est,
1259 4077 1578 4133 quamquam
1604 4063 1650 4118 si
1677 4064 1954 4129 moriatur,
1981 4079 2091 4120 non

516 4155 682 4225 possit
706 4169 827 4210 eum
851 4154 1146 4224 Imperator
1172 4155 1450 4218 suscitare,
1476 4171 1572 4225 pro
1599 4169 1707 4227 quo
1730 4171 1876 4211 arma
1906 4159 2046 4228 cepit
2073 4175 2088 4211 :

517 4249 684 4302 multo
705 4233 874 4316 magis
904 4248 955 4301 in
996 4247 1140 4301 hisce
1167 4247 1352 4313 hellis,
1403 4248 1495 4303 ubi
1539 4263 1661 4319 spes
1685 4250 2094 4306 resurrectionis

519 4338 782 4401 habetur,
837 4337 926 4407 qui
977 4339 1208 4392 animam
1252 4352 1402 4393 suam
1443 4338 1510 4395 ad
1561 4347 1789 4395 mortem
1839 4341 2091 4411 exponit,

517 4428 749 4483 inveniet
801 4440 957 4482 eam:
989 4429 1181 4497 primo,
1227 4427 1350 4496 quia
1385 4443 1488 4484 non
1531 4430 1638 4483 cito
1682 4430 1960 4497 vincetur;
2001 4445 2092 4485 se.

515 4517 861 4589 cundo,-quia
885 4517 986 4574 etsi
1010 4517 1284 4584 ceciderit,
1313 4520 1378 4574 ad
1408 4519 1687 4576 meliorem
1712 4523 1871 4576 vitam
1901 4522 2096 4592 perdu-

525 4610 596 4665 cit
612 4623 751 4663 eam.

586 4701 641 4756 3.
668 4699 868 4756 Deinde
889 4701 1011 4770 quia
1040 4701 1173 4756 dixit
1199 4717 1213 4756 :
1237 4699 1336 4767 Qui
1355 4701 1461 4755 vult
1480 4701 1701 4756 animam
1723 4719 1870 4758 suam
1901 4704 2094 4759 salvam

518 4797 707 4866 facere,
762 4792 935 4862 perdet
981 4808 1091 4846 eam
1116 4833 1130 4857 ,
1168 4801 1214 4848 et
1249 4795 1546 4862 quicumque
1576 4795 1746 4864 perdet
1768 4838 1784 4861 ,
1838 4797 2049 4853 saluabit
2076 4817 2095 4853 .-

519 4884 606 4938 ltic
634 4892 688 4938 et
717 4882 823 4938 illic
847 4883 1075 4938 salutem
1103 4891 1168 4960 et.
1208 4883 1558 4954 perditionem
1607 4887 1822 4957 posuit,
1869 4904 1936 4944 ne
1978 4892 2097 4960 quis

519 4984 798 5046 utramque
830 4973 915 5030 vel
941 4973 1294 5046 perditionem
1323 4973 1406 5029 vel
1443 4967 1668 5033 salutem
1692 4979 1951 5048 mqualem
1975 4995 2097 5037 esse

517 5074 688 5135 putet.
715 5063 811 5120 sed
857 5063 1008 5120 clare
1046 5063 1255 5132 discat,
1285 5071 1489 5121 tantum
1529 5081 1650 5123 esse
1690 5067 1837 5124 illam
1879 5065 2018 5127 inter
2043 5081 2100 5128 et

520 5155 586 5211 ha
595 5170 658 5211 nc
673 5155 900 5211 salutem
925 5154 1236 5220 discrimen,
1253 5163 1510 5226 quantum
1523 5157 1663 5214 inter
1675 5159 2022 5230 perditionem
2043 5172 2100 5219 et

521 5247 748 5302 salutem
778 5262 792 5311 ;
820 5254 876 5301 et
919 5260 984 5301 ex
1014 5247 1300 5302 contrariis
1333 5246 1449 5304 lucc
1476 5249 1547 5304 ita
1571 5253 1883 5321 comprobat
1912 5270 1925 5307 :
1961 5253 2099 5322 Quid

520 5339 651 5392 enim
694 5337 894 5409 prodest
922 5338 1110 5392 homini
1138 5337 1180 5393 si
1223 5338 1470 5393 mundum
1496 5341 1784 5396 universum
1832 5342 2052 5399 lucretur
2078 5387 2095 5412 ,

520 5430 706 5483 auium
748 5445 864 5482 vero
884 5443 1008 5483 sua
1059 5429 1408 5484 detrimentum
1437 5431 1659 5499 patiatur
1679 5433 1706 5486 .’
1747 5433 1933 5489 Viden‘
1960 5450 2095 5505 quo-

521 5519 685 5575 modo
721 5519 866 5574 salus
894 5529 1079 5576 contra
1104 5520 1193 5591 jus
1218 5521 1405 5593 fasque
1432 5533 1759 5593 comparata,
1785 5536 1840 5581 et
1866 5527 2097 5597 perditio

520 5622 622 5675 est,
645 5621 699 5666 et
722 5613 866 5666 omni
891 5613 1187 5681 perditione
1209 5613 1466 5682 deterior,
1494 5623 1675 5686 utpote
1713 5631 1832 5686 qua:
1857 5621 1927 5672 sit
1954 5619 2096 5673 insa-

524 5702 742 5767 nabilis,
773 5702 912 5773 quod
965 5703 1093 5758 nihil
1139 5705 1209 5759 sit
1234 5705 1371 5758 ultra
1395 5745 1412 5770 ,
1453 5720 1559 5774 quo
1587 5722 1648 5762 ea
1677 5707 1846 5777 possit
1872 5707 2099 5763 redimi?

518 5789 629 5850 Nec
654 5794 819 5864 dicas,
849 5793 1015 5864 inquit
1037 5835 1052 5860 ,
1079 5786 1314 5852 animam
1358 5810 1510 5853 suain
1557 5813 1802 5856 servasse
1855 5799 1942 5871 qui
1974 5801 2093 5857 talia

1180 407 1236 464 S.
1273 402 1548 463 JOANNIS
1567 349 2038 459 συιιῖεοετόδιι
2075 388 2388 450 ARClllEP.
2425 386 2953 447 CONSTANTINOP.

3637 385 3751 441 5“

2163 506 2397 580 pericula
2424 502 2694 570 evaserit;
2727 505 2822 562 sed
2860 518 2981 562 cum
3031 503 3207 560 anima
3247 503 3364 573 ejus
3403 518 3545 574 pone
3578 503 3756 559 etlanr

2159 609 2328 655 totum
2365 598 2573 653 orbem.
2600 596 2738 666 Quid
2781 596 2905 651 hinc
2946 597 3063 664 plus
3111 595 3324 650 habebit
3368 593 3758 665 illa-perdita?

2162 690 2255 745 Dic
2284 690 2425 744 enim
2474 688 2642 754 mihi,
2676 689 2718 743 si
2757 686 2984 741 famulos
3013 695 3131 740 tuos
3161 684 3372 740 videres
3420 685 3472 739 in
3528 683 3754 740 deliciis

2159 795 2301 847 esse,
2349 789 2511 848 teque
2542 779 2594 833 in
2625 779 2879 834 extremis
2919 777 3076 832 malls
3095 819 3110 844 ,
3142 792 3208 831 an
3235 776 3357 848 quia
3385 775 3642 831 dominus
3667 788 3755 839 es,

2160 874 2283 927 hinc
2306 871 2575 942 quidpiam
2628 880 2681 926 te
2711 869 2902 924 lucrari
2933 877 3155 940 putares
3173 869 3211 922 ‘t'
3227 868 3600 939 Nequaquam.
3633 865 3756 921 Hoc

2160 965 2332 1034 ipsum
2360 963 2427 1019 de
2456 965 2637 1018 anima
2663 964 2859 1035 cogita,
2887 979 3008 1018 cum
3038 978 3202 1019 carne
3231 963 3284 1018 in
3315 963 3522 1020 deliciis
3560 970 3625 1016 et
3663 960 3761 1015 dio

2161 1056 2303 1109 vitiis
2329 1063 2537 1124 agente,
2563 1055 2650 1108 illa
2682 1053 2909 1108 luturam
2935 1054 3222 1124 perniciem
3250 1062 3548 1124 exspectat.
3582 1052 3759 1119 Quam

2161 1155 2326 1197 autem
2352 1145 2488 1197 dabit
2509 1145 2658 1198 homo
2678 1146 3113 1198 «immutationem
3133 1161 3226 1214 pro
3251 1147 3423 1198 animo
3441 1161 3534 1199 sua
3555 1143 3584 1198 2
3609 1143 3762 1198 Rur-

2163 1250 2252 1288 sus
2279 1236 2468 1290 eadem
2504 1237 2555 1289 in
2580 1250 2640 1290 re
2664 1235 3043 1290 insistit..Num
3076 1235 3258 1300 aliam,
3288 1236 3476 1305 inquit,
3501 1235 3748 1288 animam

2166 1326 2329 1380 habes
2358 1367 2370 1388 ,
2416 1337 2572 1396 quam
2615 1325 2710 1380 des
2755 1341 2851 1396 pro
2879 1327 3054 1381 anima
3083 1327 3208 1380 tua?
3252 1325 3508 1380 lamiae
3533 1325 3679 1380 enim
3709 1324 3766 1377 si.

2167 1415 2488 1485 perdideris,
2503 1415 2630 1470 alias
2650 1416 2970 1485 pro-amissis
2986 1425 3136 1484 potes
3153 1416 3401 1485 supplere
3417 1430 3434 1478 ;
3450 1415 3688 1483 itemque
3711 1413 3761 1466 si

2165 1507 2399 1572 domum,
2425 1507 2470 1562 si
2487 1522 2692 1574 servos,
2707 1509 2751 1561 si
2764 1508 3004 1578 quamvis
3022 1508 3176 1561 aliam
3191 1509 3585 1577 possessionem
3605 1525 3617 1558 :
3638 1503 3761 1558 ani-

2169 1615 2310 1656 mam
2339 1615 2467 1656 vero
2493 1601 2537 1654 si
2564 1601 2877 1668 perdideris,
2906 1602 3062 1653 aliam
3091 1615 3206 1653 non~
3239 1601 3440 1667 poteris
3469 1597 3601 1653 d’are
3640 1597 3764 1650 ani-

2171 1707 2309 1745 mam
2333 1709 2346 1744 :
2375 1692 2469 1746 scd
2493 1693 2697 1747 etiamsi
2718 1692 2972 1745 mundum
3000 1689 3221 1758 habeas,
3249 1691 3457 1746 etiatnsi
3488 1706 3580 1744 rex
3612 1690 3764 1742 orbis

2168 1785 2273 1847 sis,
2289 1798 2385 1837 nec
2413 1783 2455 1837 si
2482 1783 2660 1836 omnia
2685 1798 2802 1851 qua:
2831 1783 2883 1836 in
2909 1783 3036 1834 orbe
3064 1790 3208 1845 sunt,
3243 1782 3349 1834 into
3373 1794 3473 1836 nec
3497 1779 3542 1835 si
3582 1781 3766 1850 ipsum

2171 1875 2355 1929 orbein
2388 1889 2636 1944 poneres,
2676 1889 2860 1942 posses
2883 1874 2967 1928 vel
3009 1874 3240 1928 animam
3271 1889 3432 1929 unam
3470 1872 3764 1928 redimere.

2174 1963 2374 2034 Ecquid
2404 1965 2594 2019 mirum
2639 1964 2687 2018 si
2711 1964 2762 2016 in
2788 1964 2965 2017 anima
2996 1964 3068 2018 ita
3095 1965 3184 2031 sit,
3222 1979 3343 2018 cum
3370 1973 3425 2019 et
3449 1965 3502 2018 in
3533 1977 3769 2033 corpore

2174 2054 2401 2123 idipsum
2433 2053 2738 2126 perspicere
2784 2054 2984 2108 liceat?
3011 2054 3229 2109 Etiamsi
3271 2054 3416 2110 mille
3456 2053 3770 2110 diademati-

2176 2147 2277 2200 hus
2323 2146 2604 2216 insignitus
2634 2160 2804 2213 esses,
2850 2147 2893 2200 si
2943 2161 3136 2216 corpus
3183 2145 3412 2202 haberes
3456 2147 3767 2202 morbidum

2176 2247 2234 2293 et
2275 2238 2566 2294 incurabile
2587 2280 2602 2303 ,
2633 2253 2736 2292 non
2766 2252 2953 2307 posses
2977 2232 3002 2301 ,"
3024 2247 3136 2292 toto
3162 2253 3329 2308 regno
3373 2239 3427 2293 in
3453 2237 3766 2293 mercedem

2177 2331 2301 2384 dato
2328 2372 2344 2396 ,
2399 2331 2680 2385 sanitatem
2728 2332 2969 2399 corporis
3013 2331 3319 2397 restituere,
3369 2331 3578 2385 etiamsi
3617 2328 3770 2387 milia

2177 2436 2400 2491 corpora
2439 2422 2718 2491 adjiceres,
2749 2424 2913 2478 urbes
2963 2431 3122 2494 atque
3167 2423 3444 2493 pecunias.
3482 2422 3574 2480 Sic
3600 2422 3769 2482 etiam

2179 2515 2247 2566 de
2275 2513 2449 2566 anima
2499 2513 2708 2583 cogita;
2756 2513 2865 2568 imo
2902 2514 3071 2569 multo
3095 2515 3266 2586 magis
3293 2513 3365 2571 de
3404 2514 3603 2580 anima,
3644 2528 3770 2570 om-

2181 2606 2442 2677 nibusque
2483 2605 2599 2662 aliis
2644 2605 2882 2673 relictis,
2909 2621 3130 2677 operam
3161 2614 3328 2662 totam
3362 2609 3416 2662 in
3446 2607 3591 2663 illam
3635 2621 3770 2663 eon-

2182 2697 2341 2752 feras.

2253 2790 2307 2843 4.
2331 2788 2410 2841 Λα
2428 2804 2510 2843 eos
2531 2787 2620 2856 qui
2643 2787 2858 2843 salutem
2880 2791 3066 2844 anima:
3084 2790 3361 2863 negligant.
3392 2790 3569 2847 Gloria
3587 2791 3781 2847 etanta-

2184 2880 2370 2932 stantia
2404 2894 2506 2932 una
2535 2877 2711 2933 Patris
2755 2889 2801 2934 et
2849 2879 2993 2934 Filii.
3028 2880 3194 2936 —Ne
3242 2883 3419 2952 itaque
3459 2882 3528 2938 de
3575 2882 3774 2938 alienis

2185 2969 2478 3036 sollicitus,
2529 2972 2754 3041 teipsum
2793 2981 2848 3027 et
2894 2983 2981 3028 tua
3031 2974 3388 3043 negligaszid
3435 2974 3575 3044 quod
3629 2989 3773 3032 nunc

2185 3075 2372 3116 omnes
2411 3059 2620 3116 faciunt
2642 3102 2659 3128 ,
2695 3062 2899 3116 similes
2929 3063 2993 3118 iis
3022 3065 3114 3132 qui
3149 3065 3198 3118 in
3230 3065 3463 3120 metallis
3489 3065 3772 3132 laborant,

2187 3152 2277 3222 qui
2307 3137 2438 3205 nihil
2464 3151 2705 3208 utilitatis
2731 3153 2815 3208 vel
2843 3153 3145 3208 divitiarum
3182 3169 3262 3208 ex.
3289 3153 3392 3210 hoc
3429 3154 3613 3212 labore
3650 3171 3775 3212 car-

2188 3251 2316 3310 punt
2349 3257 2364 3306 ;
2396 3240 2489 3296 sed
2518 3241 2740 3296 multum
2769 3242 3100 3310 detrimenti,
3125 3245 3377 3314 quoniam
3404 3246 3597 3302 frustra
3630 3248 3776 3315 peri-

2188 3333 2438 3387 clitantur
2465 3343 2514 3387 et
2547 3348 2645 3403 pro
2674 3335 2795 3389 aliis
2826 3335 3208 3403 periclitantur,
3237 3337 3370 3392 nihil
3401 3353 3468 3394 ex
3492 3338 3778 3396 sudoribus

2189 3435 2244 3479 et
2267 3441 2338 3480 cx
2365 3435 2536 3481 morte
2554 3466 2574 3492 ,
2608 3441 2768 3497 quam
2798 3426 3110 3497 plerumque
3134 3427 3367 3494 obeunt,
3402 3429 3605 3486 fructus
3634 3432 3779 3488 refe-

2190 3528 2390 3571 rentes.
2438 3516 2544 3574 Hos
2587 3517 2739 3572 multi
2787 3533 2930 3574 nunc
2974 3519 3267 3583 imitantur,
3300 3521 3390 3591 qui
3417 3521 3536 3577 aliis
3564 3522 3782 3578 divitias

2190 3616 2462 3678 quan-unt;
2510 3607 2620 3662 imo
2660 3607 2744 3663 his
2771 3610 3080 3665 miseriores
3101 3620 3248 3677 sunt,
3275 3611 3417 3682 quod
3447 3621 3568 3682 post
3595 3623 3671 3668 tot
3697 3602 3799 3669 la?

2194 3697 2351 3753 liores
2394 3700 2638 3767 gebenna
2689 3713 2786 3753 nos
2825 3708 3120 3769 exspectet.
3172 3699 3281 3756 illis
3329 3703 3472 3758 enim
3522 3703 3795 3761 sudorum

2195 3789 2354 3843 tinem
2380 3803 2526 3843 mors
2556 3788 2746 3844 affert:
2777 3789 2929 3846 nobis
2960 3799 3136 3846 autem
3179 3792 3385 3847 initium
3429 3792 3578 3850 mille
3608 3794 3787 3849 malo;

2193 3895 2310 3934 rum
2340 3893 2484 3934 mors
2511 3889 2614 3933 est.
2647 3878 2798 3946 Quod
2827 3880 2874 3934 si
2902 3880 3078 3958 dicas,
3110 3889 3165 3937 te
3190 3883 3408 3939 divitem
3436 3885 3542 3939 tuis
3567 3883 3671 3941 frui
3699 3885 3781 3940 la-

2193 3970 2413 4024 boribus
2433 4009 2449 4036 ,
2477 3969 2702 4024 ostende
2731 3969 2966 4026 animam
3001 3971 3178 4028 laetam
3206 3981 3260 4028 et
3287 3974 3507 4030 hilarem
3526 4015 3543 4041 ,
3576 3984 3634 4042 et
3657 3985 3788 4036 tunc

2195 4062 2248 4117 id
2271 4061 2509 4118 credam.
2532 4063 2787 4119 Omnium
2826 4065 3022 4136 quippe
3060 4081 3178 4137 qua:
3213 4068 3265 4122 in
3309 4067 3464 4122 nobis
3488 4078 3615 4123 sunt
3637 4069 3789 4140 prin-

2195 4169 2323 4224 ceps
2351 4165 2432 4210 est
2471 4155 2686 4209 anima:
2715 4155 2857 4226 quod
2895 4158 2941 4212 si
2966 4171 3166 4226 corpus
3203 4158 3293 4215 illa
3323 4161 3638 4217 tabescente
3667 4160 3790 4230 pia-

2196 4247 2435 4318 guescit,
2465 4247 2594 4302 nihil
2628 4247 2718 4303 tibi
2751 4247 2996 4303 utilitatis
3036 4248 3196 4302 affert
3251 4249 3338 4303 illa
3391 4249 3784 4310 abundantia:

2198 4341 2333 4394 sicut
2357 4339 2500 4408 enim
2531 4339 2723 4395 ancilla
2754 4340 2988 4406 laetante,
3015 4340 3148 4396 nihil
3171 4339 3238 4394 ad
3264 4339 3449 4396 heram
3475 4352 3791 4412 pereuntem

2197 4429 2408 4484 ancillze
2451 4429 2778 4500 prosperitas
2821 4429 3014 4497 affert,
3041 4445 3141 4486 nec
3168 4429 3294 4501 quid
3325 4431 3533 4488 confert
3557 4434 3792 4490 vestium

2198 4533 2416 4577 ornatus
2445 4520 2513 4576 ad
2540 4521 2716 4577 carnis
2743 4521 3142 4586 inﬁrmitatem;
3175 4522 3270 4578 sed
3295 4538 3510 4578 rursum
3531 4522 3674 4579 dicet
3693 4525 3796 4582 tibi

2199 4611 2441 4667 Christus
2465 4631 2480 4668 :
2509 4610 2673 4677 Quam
2694 4612 2834 4667 dabit
2857 4612 3472 4686 (torno-commutationem
3493 4610 3586 4685 pro
3615 4617 3795 4671 animo

2199 4718 2294 4756 sua
2310 4707 2335 4757 γ
2361 4703 2701 4773 praecipitque
2727 4703 2819 4757 tibi
2844 4705 3077 4773 semper,
3104 4710 3163 4758 ut-
3188 4704 3254 4758 ad
3282 4704 3426 4759 illam
3471 4705 3790 4762 servandam

2201 4793 2461 4858 verseris,
2493 4793 2742 4862 illamque
2770 4807 2924 4849 cures
2949 4793 3142 4847 sciam.
3178 4793 3466 4865 Postquam
3512 4795 3674 4868 igitur
3703 4795 3793 4854 his

2201 4883 2385 4939 verbis
2409 4891 2673 4939 terrorem
2699 4884 2957 4954 incussit,
2975 4883 3249 4963 bonorum
3279 4886 3638 4955 promissione
3660 4904 3796 4945 con-

2159 5011 2162 5014 ~
2204 4977 2428 5043 solatur,
2459 4975 2542 5032 his
2568 4976 2781 5031 verbis:
2803 4977 2894 5032 27.
2937 4975 3107 5032 Filius
3134 4978 3272 5032 enim
3298 4978 3516 5033 hominis
3549 4989 3795 5038 aestum

2203 5080 2279 5124 est
2301 5070 2352 5123 in
2383 5066 2552 5140 gloria
2592 5066 2766 5123 Patris
2798 5084 2925 5130 cum
2963 5069 3154 5124 sanctis
3190 5070 3386 5139 angelis
3421 5070 3552 5138 suis,
3596 5081 3644 5126 et
3672 5080 3794 5128 tunc

2201 5163 2376 5217 reddet
2401 5162 2668 5231 unicuique
2688 5160 2964 5215 secundum
2985 5178 3139 5232 opera
3158 5163 3288 5232 ejus.
3314 5161 3505 5219 Viden'
3521 5163 3794 5234 quomodo

2201 5256 2368 5324 gloria
2417 5253 2486 5307 sit
2524 5267 2628 5306 una
2661 5250 2834 5307 Patris
2873 5261 2928 5307 et
2972 5250 3136 5306 Filii?
3177 5251 3329 5318 Quod
3360 5253 3406 5308 si
3443 5252 3613 5324 gloria
3642 5270 3786 5322 una,

2203 5341 2542 5399 manifestum
2573 5351 2655 5398 est
2680 5343 3034 5397 substantiam
3055 5358 3266 5413 quoque
3288 5357 3446 5398 unam
3479 5358 3620 5400 esse.
3653 5344 3788 5401 Nam

2203 5434 2246 5489 si
2290 5435 2340 5487 in
2371 5432 2669 5490 substantia
2713 5432 3219 5507 una,'diﬁ‘erentia
3273 5442 3359 5489 est
3410 5433 3597 5504 gloria:
3652 5436 3791 5504 (Atia

2200 5527 2396 5596 quippe
2425 5535 2498 5579 est
2538 5525 2702 5595 gloria
2743 5525 2901 5589 solis,
2940 5526 3044 5579 alia
3071 5525 3238 5609 gloria
3270 5526 3432 5588 lentz,
3480 5527 3589 5580 alia
3627 5527 3790 5597 gloria

2201 5617 2498 5673 stellarum:
2527 5616 2674 5671 stella
2715 5618 2850 5671 enim
2882 5633 2915 5670 a
2947 5618 3095 5673 stella
3117 5616 3291 5685 differt
3311 5619 3363 5671 in
3390 5618 3555 5689 gloria
3585 5617 3635 5692 [l
3666 5618 3787 5674 Cor.

2205 5709 2298 5766 15.
2330 5707 2441 5781 tl],
2471 5717 2528 5763 et
2560 5719 2734 5762 tamen
2765 5723 2868 5762 una
2903 5716 2986 5762 est
3020 5694 3361 5778 substantia),
3394 5710 3664 5779 quomodo
3697 5728 3790 5766 eo-

2204 5817 2357 5873 rum,
2388 5815 2618 5872 quorum
2646 5799 2817 5871 gloria
2845 5814 2948 5856 una
2977 5809 3081 5870 est,
3103 5799 3401 5856 substantia
3427 5801 3636 5858 diversa
3663 5815 3788 5858 csso
