4040 6422
251 414 357 471 565

246 524 538 586 credatur?
559 523 677 580 Non
698 519 848 578 enim
888 515 1057 590 dixit,
1109 510 1168 565 lu
1208 506 1302 563 tali
1347 502 1516 574 gloria
1554 494 1726 590 qualis
1756 500 1840 549 est

255 619 432 678 Patris
460 619 627 689 gloria
648 656 664 682 ,
693 622 752 670 ut
777 588 1067 666 discrimen
1098 617 1219 659 esse
1247 595 1568 670 suspiceris;
1617 588 1712 645 sed
1755 601 1847 640 ac—

252 681 488 776 curate:
509 712 562 766 in
594 681 781 764 eadem
812 704 958 773 ipsa,
987 696 1198 768 inquit,
1233 689 1402 762 gloria
1432 685 1654 745 veniet,
1686 681 1758 733 ita
1790 684 1846 730 ut

253 770 361 863 una
402 770 697 870 eademque
739 770 859 852 esse
898 788 1152 862 putetur?
1179 782 1314 851 Quid
1341 779 1508 849 igitur
1538 777 1730 836 times,
1761 770 1847 824 in-

411 897 597 960 Petre,
613 860 754 944 Idum
780 860 1007 942 mortem
1032 876 1223 935 audis?
1248 874 1400 928 Tunc
1421 872 1562 922 enim
1589 879 1674 967 me
1700 860 1850 970 vide-

254 951 339 1045 bis
363 951 415 1043 in
446 951 618 1058 gloria
645 973 845 1037 Patris.
872 975 928 1030 Si
954 987 1054 1042 ego
1086 971 1141 1024 in
1167 966 1335 1037 gloria
1358 1002 1375 1028 ,
1399 970 1456 1016 et
1483 971 1579 1012 vos
1601 956 1652 1008 in
1678 951 1847 1041 gloria

254 1083 426 1138 eritis.
448 1037 576 1133 i‘ion
603 1075 746 1130 enim
780 1084 868 1126 res
893 1077 1086 1122 vestra:
1111 1069 1237 1117 sunt
1259 1053 1542 1128 prasentis
1565 1049 1689 1103 vita:
1706 1037 1851 1100 limi-

257 1268 387 1338 pi'ct.
423 1265 673 1319 Attamen
701 1227 982 1328 postquam
1015 1250 1153 1304 bona
1176 1243 1266 1297 illa
1294 1239 1452 1302 dixit,
1484 1249 1592 1289 non
1616 1231 1705 1286 hic

257 1319 415 1418 Ξιίιίι,
448 1351 545 1408 sed
573 1361 627 1406 et
654 1319 911 1404 terribilia
943 1336 1264 1400 admiscuit,
1309 1329 1570 1401 judicium
1617 1320 1749 1399 illud
1794 1319 1848 1372 in

259 1446 494 1502 medium
532 1442 823 1497 adducens,
859 1443 911 1488 et
944 1432 1181 1485 rationes
1210 1418 1582 1479 inevitabiles,
1627 1421 1852 1468 senten-

261 1539 388 1592 tiam
428 1535 545 1589 sine
572 1533 676 1586 ulla
705 1525 1045 1596 acceptione,
1069 1517 1330 1589 judicium
1359 1510 1500 1582 quod
1542 1504 1715 1574 decipi
1753 1516 1850 1556 ne-

259 1630 397 1701 quit.
431 1626 616 1696 Neque
641 1633 816 1677 tamen
857 1618 1063 1672 tristem
1104 1611 1230 1667 sivit
1275 1605 1497 1662 omnino
1543 1611 1850 1655 sermonem

261 1687 404 1786 esse,
433 1687 546 1774 sed.
559 1716 752 1770 bonam
785 1723 936 1779 spem
964 1700 1269 1760 admiscuit.
1298 1696 1482 1766 Neque
1509 1691 1654 1746 enim
1681 1687 1848 1751 dixit,

261 1783 416 1868 Tunc
447 1817 755 1879 peccatores
782 1801 997 1872 puniet,
1046 1795 1178 1858 sed,
1222 1789 1419 1846 Reddet
1459 1783 1731 1851 unicuique
1768 1793 1853 1832 se—

259 1875 484 1959 cundum
511 1913 665 1970 opera
684 1911 797 1950 sua.
830 1892 942 1948 Hoc
968 1902 1127 1960 porro
1151 1883 1288 1940 dixit
1315 1895 1420 1935 non
1451 1875 1611 1932 modo
1637 1882 1698 1926 ut
1724 1884 1853 1940 pec-

260 1965 552 2052 catoribus
579 1986 824 2057 supplicii
868 1981 1182 2039 memoriam
1229 1981 1538 2032 revocaret,
1568 1967 1662 2022 scd
1688 1965 1851 2019 etiam

261 2097 320 2140 ut
348 2085 448 2155 piis
474 2081 782 2136 braviorum
812 2084 866 2130 et
890 2085 1232 2128 coronarum.
1265 2065 1371 2120 Sed
1398 2063 1489 2117 ille
1514 2059 1764 2130 quidem,
1798 2063 1856 2109 ut

260 2178 433 2232 bonos
479 2174 622 2226 viros
669 2176 980 2231 recrearet,
1039 2163 1155 2217 huic
1197 2157 1360 2215 dixit;
1393 2169 1494 2225 ego
1519 2162 1696 2207 autem
1724 2162 1846 2218 per-

261 2274 518 2326 horresco
541 2278 758 2332 semper
795 2260 921 2315 dum
951 2259 1066 2311 hare
1092 2253 1252 2306 audio
1281 2269 1294 2306 :
1323 2263 1429 2304 non
1461 2259 1580 2300 sum
1610 2243 1755 2298 enim
1785 2239 1854 2293 de

261 2375 487 2419 numero
516 2355 962 2415 coronandorum.
1013 2350 1149 2404 Puto
1175 2353 1352 2398 autem
1381 2340 1517 2394 alios
1545 2350 1665 2392 esse
1695 2333 1854 2400 hujus

263 2453 470 2508 timoris
497 2460 550 2504 et
577 2446 838 2518 angustia:
866 2442 1019 2497 nobis
1044 2445 1346 2493 consortes.
1377 2432 1546 2500 Quem
1576 2427 1720 2484 enim
1745 2439 1852 2478 non

261 2553 484 2618 possent
525 2543 641 2596 haec
661 2517 838 2594 verba
870 2547 1073 2591 terrere
1097 2573 1111 2596 ,
1159 2531 1203 2584 si
1237 2530 1288 2582 in
1320 2521 1709 2582 conscientiam
1736 2517 1853 2586 ejus

261 2639 636 2700 immittantnr,
665 2646 823 2703 quem
868 2643 974 2682 non
1017 2627 1068 2680 in
1120 2624 1400 2677 horrorem
1452 2615 1748 2675 inducere,
1779 2609 1852 2663 ita

261 2742 321 2787 ut
366 2743 676 2801 persuasum
721 2724 936 2787 habeat,
983 2717 1138 2773 nobis
1182 2728 1341 2768 sacco
1369 2720 1423 2765 et
1462 2710 1621 2776 longo
1645 2703 1854 2774 jejunio

260 2840 395 2893 opus
416 2837 537 2878 esse
558 2821 726 2889 magis
749 2831 907 2887 quam
931 2812 1128 2883 populo
1156 2799 1546 2861 Ninivitarum?
1569 2797 1684 2852 Non
1706 2796 1850 2849 enim

260 2916 330 2971 de
359 2915 503 2969 urbis
545 2911 824 2967 eversione
873 2916 928 2960 et
974 2904 1041 2958 de
1084 2897 1355 2955 communi
1409 2891 1625 2947 interitu
1675 2900 1855 2940 sermo

261 3009 418 3063 nobis
446 3012 562 3069 est,
596 3003 688 3058 sed
717 3001 783 3055 de
812 2995 1074 3069 supplicio
1100 3002 1324 3052 mterno,
1348 2984 1415 3041 de
1438 2984 1560 3054 igne
1588 2981 1678 3051 qui
1701 2993 1857 3032 num-

261 3117 420 3174 quam
453 3095 827 3166 exstinguitur.

335 3193 388 3248 5.
423 3191 792 3246 Monachor-um
833 3185 946 3238 laus
977 3191 1022 3236 et
1054 3181 1169 3234 oitw
1197 3191 1375 3249 genus.
1402 3201 1475 3214 —
1499 3170 1626 3225 Ideo
1669 3179 1857 3222 mona-

262 3286 414 3347 chos,
442 3283 530 3351 qui
560 3281 769 3335 deserta
801 3280 1153 3344 occuparunt,
1183 3266 1343 3322 laudo
1371 3276 1425 3319 et
1453 3261 1711 3321 admiror,
1745 3266 1854 3309 tum

263 3376 383 3430 aliis
409 3349 475 3428 de
501 3373 697 3430 causis.
736 3379 844 3423 tum
876 3374 1094 3435 propter
1116 3362 1231 3414 lucc
1259 3356 1440 3411 verba.
1472 3352 1602 3407 Nam
1635 3349 1710 3402 illi
1737 3352 1858 3417 post

263 3467 547 3537 prandium
572 3505 584 3526 ,
613 3463 723 3516 imo
753 3473 883 3514 vero
915 3464 1040 3526 post
1070 3465 1278 3508 Cinnam
1304 3489 1317 3510 ,
1349 3444 1631 3516 prandium
1659 3439 1859 3509 quippe

265 3576 373 3616 non
404 3567 632 3619 norunt;
657 3556 832 3609 sciunt
860 3551 1002 3606 enim
1031 3558 1270 3618 praesens
1298 3551 1507 3609 tempus
1536 3549 1656 3590 esse
1685 3534 1859 3586 luctus

265 3669 326 3707 ac
351 3651 536 3720 jejuoii
572 3668 584 3702 :
619 3656 736 3716 post
761 3658 971 3698 coenam
1002 3640 1160 3710 igitur
1180 3634 1381 3706 gratias
1408 3631 1516 3684 Deo
1537 3625 1855 3686 referentes,

266 3743 406 3798 hanc
462 3747 760 3794 memorant
811 3748 1021 3790 vocem.
1087 3730 1144 3785 Si
1198 3725 1357 3779 vultis
1411 3730 1589 3775 autem
1645 3717 1856 3771 illorum

267 3835 528 3905 hymnum
575 3828 794 3890 audire,
839 3833 899 3878 ut
935 3824 1082 3877 illum
1122 3833 1220 3872 vos
1253 3815 1561 3883 frequenter
1583 3806 1820 3862 recitetis
1843 3844 1858 3869 ,

267 3935 439 3980 totum
473 3921 622 3974 vobis
645 3918 876 3974 referam
905 3916 1142 3985 ipsorum
1166 3922 1380 3963 sacrum
1402 3903 1694 3963 canticum,
1718 3895 1859 3966 quod

267 4017 348 4070 sic
393 4014 550 4067 habet
577 4031 589 4064 :
615 4007 911 4064 Benedictus
947 4004 1110 4067 Deus,
1139 4001 1221 4071 qui
1254 3997 1418 4067 pascis
1446 4010 1525 4046 me
1544 4009 1574 4044 a
1594 3992 1862 4062 juventute

268 4124 380 4160 mea
399 4104 530 4174 ’,ηιιὶ
557 4103 648 4155 das
671 4115 838 4157 escam
864 4099 1000 4152 omni
1023 4094 1163 4147 carni
1187 4108 1204 4145 :
1227 4089 1382 4158 imple
1403 4085 1592 4158 gaudio
1618 4093 1663 4135 et
1687 4079 1862 4134 ltctitia

269 4215 358 4251 cor
384 4206 612 4250 nostrum
632 4235 644 4255 ,
676 4202 730 4245 ut
765 4207 960 4258 semper
985 4201 1182 4241 omnem
1211 4179 1556 4251 sufficientiam
1585 4176 1823 4228 habentes
1845 4212 1860 4236 ,

271 4286 585 4340 abundemus
608 4285 660 4336 in
683 4299 830 4336 omne
850 4297 976 4349 opus
999 4279 1180 4332 bonum
1201 4275 1254 4329 in
1278 4274 1476 4326 Christo
1497 4268 1622 4322 Jesu
1645 4264 1865 4317 Domino

272 4391 447 4434 nostro
466 4419 479 4441 ,
505 4377 706 4446 quicum
729 4373 816 4426 tibi
840 4373 1025 4443 gloria,
1055 4371 1235 4432 honos,
1262 4363 1530 4432 imperium
1552 4374 1667 4412 cum
1688 4364 1866 4409 sancto

277 4472 477 4540 Spiritu
503 4469 554 4522 in
589 4466 796 4521 smcula.
830 4464 1009 4517 Amen.
1048 4460 1223 4514 Gloria
1254 4455 1342 4508 tibi
1369 4496 1382 4518 ,
1429 4451 1675 4512 Domine,
1703 4446 1868 4517 gloria

277 4539 388 4626 tibi,
420 4572 590 4616 sancte
609 4604 623 4624 ,
651 4560 817 4631 gloria
841 4557 964 4621 tibi,
989 4569 1079 4608 rex
1101 4596 1114 4616 ,
1147 4552 1265 4622 quia
1293 4548 1474 4602 dedisti
1497 4545 1637 4598 nobis
1658 4542 1793 4595 cibos
1814 4539 1869 4592 in

278 4657 529 4711 lwlitiam.
565 4653 728 4724 Imple
768 4667 861 4705 nos
902 4648 1102 4716 Spiritu
1142 4653 1350 4707 sancto,
1389 4654 1440 4693 ut
1478 4637 1796 4691 inveniamur
1819 4633 1870 4685 in

278 4757 549 4814 conspectu
572 4755 655 4796 tuo
677 4739 1006 4810 acceptabiles
1027 4780 1043 4804 ,
1081 4752 1174 4791 nec
1203 4734 1396 4803 pudore
1431 4731 1730 4800 aﬂiciamur,
1758 4741 1873 4778 eum

282 4837 463 4890 reddes
485 4836 750 4901 unicuique
765 4831 1042 4886 secundum
1070 4844 1224 4897 Opera
1246 4842 1359 4878 sua.
1403 4822 1500 4876 HIC
1533 4821 1765 4890 hymnus
1793 4827 1873 4871 t0-

285 4940 370 4982 tus
389 4926 728 4981 admirationi
769 4939 890 4979 esse
930 4923 1109 4983 debet,
1155 4919 1384 4972 maxime
1424 4931 1552 4969 vero
1585 4913 1704 4966 finis
1735 4911 1872 4980 ejus.

285 5022 417 5090 Quia
449 5021 592 5076 enim
625 5033 810 5073 mensa
831 5029 885 5072 et
904 5017 1055 5070 cibus
1085 5013 1283 5069 effusos
1307 5009 1477 5065 reddit
1506 5016 1560 5062 et
1586 5012 1839 5077 aggravat
1859 5045 1874 5069 ,

288 5115 391 5168 hoc
431 5113 631 5166 dictum
664 5110 814 5179 quasi
849 5106 1058 5162 frenum
1089 5103 1357 5175 quoddam
1389 5101 1584 5154 animas
1614 5110 1880 5166 apposue-

287 5207 413 5252 runt
440 5199 541 5250 hoc
567 5195 770 5248 imtitim
801 5203 1042 5260 tempore
1064 5232 1078 5250 ,
1123 5203 1246 5244 cum
1285 5184 1474 5254 judicii
1505 5181 1646 5236 diem
1681 5181 1731 5234 in
1763 5194 1877 5233 me-

292 5291 519 5343 moriam
547 5295 819 5341 revocant.
855 5284 1164 5338 Didicerunt
1205 5280 1346 5335 enim
1389 5275 1534 5347 quod
1578 5287 1768 5345 passus
1800 5280 1881 5326 est

295 5381 456 5435 Israel
489 5390 608 5447 post
636 5379 832 5430 lautam
868 5391 1106 5429 men-sam
1134 5393 1146 5426 :
1179 5370 1404 5425 Comedit
1441 5370 1581 5422 enim
1609 5408 1623 5431 ,
1673 5365 1879 5435 inquit,

295 5483 338 5525 ct
361 5473 668 5524 incrussatus
689 5477 784 5531 est,
809 5478 853 5518 et
875 5464 1205 5519 recalcitraoit
1227 5463 1438 5514 dilectus
1459 5459 1634 5529 (Deut.
1655 5458 1741 5511 52.
1776 5457 1882 5526 15).

299 5563 501 5616 Idcirco
538 5560 671 5615 dixit
702 5560 946 5626 Moyses:
981 5553 1105 5608 Cum
1143 5553 1522 5606 manducaueris
1548 5562 1590 5602 et
1620 5549 1797 5602 biben‘s
1841 5557 1886 5599 et

292 5661 567 5705 saturatos
581 5650 763 5721 fueris,
789 5656 1032 5701 memento
1054 5645 1260 5698 Domini
1282 5641 1377 5696 Dei
1400 5645 1471 5695 tui
1499 5642 1672 5712 (Deut.
1701 5643 1752 5696 6.
1776 5641 1798 5693 -1
1816 5640 1883 5710 1).

368 5836 385 5868 ¹
413 5832 565 5893 L'nns,
588 5834 669 5895 qui
693 5831 848 5892 pascis
873 5843 956 5879 nos
977 5844 1006 5876 ιι
1022 5831 1267 5888 juventae
1291 5831 1472 5875 nostra.

1282 387 1351 443 1N
1391 370 1795 442 MATTHEUM
1831 368 2072 427 HOMIL.
2115 369 2228 427 LV.
2266 370 2342 426 al.
2382 368 2512 426 LVI.

3445 358 3549 419 516

1952 485 2084 541 Post
2125 499 2368 541 mensam
2413 483 2559 540 enim
2610 474 2945 551 iniquissima
2989 475 3107 534 ausi
3153 473 3386 531 fuerant.
3411 471 3556 529 Cave

1949 579 2115 650 igitur
2141 581 2305 634 etiam
2339 586 2394 631 tu
2424 592 2493 632 ne
2518 573 2697 629 simile
2723 572 2851 642 quid
2880 569 3122 642 patiaris.
3157 565 3382 624 Etiamsi
3411 563 3556 620 enim

1953 686 2055 725 nec
2085 669 2280 739 lapidi,
2331 682 2429 722 nec
2461 680 2595 720 auro
2640 679 2774 719 oves
2815 675 2874 718 et
2917 661 3117 716 vitulos
3161 655 3558 721 immolaveris,

1949 777 2086 823 cave
2114 777 2180 816 ne
2207 761 2301 816 iraa
2334 757 2584 814 immoles
2619 757 2853 811 animam
2897 763 3066 817 tuam,
3105 766 3177 806 ne
3215 745 3558 803 fornicationi

1955 855 2206 910 immoles
2250 853 2475 907 salutem
2525 860 2668 904 tuam
2695 890 2711 913 ,
2754 861 2889 901 neve
2926 845 3049 901 aliis
3097 841 3364 899 similibus
3393 837 3559 894 animi

1956 945 2179 1001 morbis.
2215 945 2327 1000 Hac
2347 946 2490 999 enim
2521 943 2686 998 etiam
2715 942 2784 995 de
2814 953 2977 994 causa
3006 935 3256 992 monachi
3285 933 3398 988 haec
3424 944 3561 1002 prac-

1955 1035 2137 1105 cipitia
2187 1044 2519 1098 metuentes,
2589 1041 2873 1102 postquam
2927 1041 3154 1089 mensa.
3214 1026 3323 1079 imo
3382 1023 3559 1093 potius

1952 1125 2162 1196 jejunio
2225 1127 2304 1179 usi
2358 1134 2484 1178 sunt
2535 1121 2694 1194 (nam
2754 1133 2940 1175 mensa
2997 1118 3235 1187 ipsorum
3293 1113 3558 1184 jejunium

1954 1220 2102 1286 est),
2153 1215 2417 1271 tremendi
2456 1213 2641 1283 judicii
2683 1227 2745 1266 ac
2789 1210 2894 1264 diei
2936 1207 3076 1279 illius
3122 1204 3440 1260 memoriam
3473 1217 3559 1256 re-

1957 1316 2170 1362 vocant.
2215 1306 2270 1361 Si
2311 1316 2490 1360 autem
2526 1304 2598 1357 illi
2622 1343 2638 1369 ,
2678 1302 2769 1372 qui
2815 1294 3449 1372 jejuniio,chanieuniis,
3482 1294 3561 1347 vi-

1956 1400 2118 1469 giliis,
2151 1412 2309 1452 sacco
2339 1405 2394 1450 et
2424 1393 2720 1448 innumeris
2760 1391 2882 1444 aliis
2924 1403 3049 1444 sese
3097 1367 3412 1445 macerant,
3455 1383 3556 1436 hac

1959 1501 2138 1545 tamen
2183 1488 2557 1543 admonitione
2583 1483 2863 1552 indigent:
2894 1478 3109 1550 quando
3135 1477 3430 1547 poterimus
3460 1486 3560 1527 nos

1959 1581 2236 1636 moderate
2257 1580 2440 1633 vivere
2465 1618 2479 1644 ,
2510 1576 2600 1645 qui
2631 1585 2847 1632 mensas
2872 1566 3385 1640 apparamus'mille
3423 1580 3560 1618 naue

1959 1671 2139 1741 fragiis
2169 1679 2392 1724 onustas
2415 1707 2430 1734 ,
2464 1681 2638 1735 neque
2665 1663 2898 1720 omnino.
2913 1675 3196 1732 precamur
3219 1657 3306 1712 vel
3333 1658 3384 1712 in
3415 1657 3562 1727 priu-

1959 1763 2099 1832 cipio
2135 1762 2219 1816 vel
2260 1762 2314 1816 in
2364 1759 2512 1815 fine?
2554 1758 2760 1813 Idcirco
2790 1764 2846 1810 ut
2875 1753 3152 1826 naufragia
3183 1751 3272 1805 illa
3292 1749 3562 1818 dissolva-

1959 1871 2118 1921 mus,
2161 1853 2418 1924 hymnum
2476 1852 2624 1906 illum
2674 1850 2727 1904 in
2774 1847 3012 1903 medium
3049 1845 3413 1905 adducentes,
3465 1857 3561 1897 ex-

1960 1949 2218 2019 plicemus
2256 1945 2458 2011 omnia,
2482 1953 2541 1998 ut
2578 1943 2705 2013 quid
2735 1941 2869 1996 lucri
2893 1937 3200 2020 com‘modet
3226 1935 3564 1990 animadver-

1960 2050 2172 2106 tentes,
2224 2040 2532 2109 frequenter
2561 2037 2712 2092 illum
2763 2035 2816 2088 in
2865 2047 3052 2088 mensa
3100 2042 3396 2091 canamus,
3431 2041 3562 2081 vcn-

1961 2133 2164 2202 trisquc
2208 2129 2439 2184 insultus
2481 2127 2842 2197 reprimamus
2863 2164 2879 2188 ,
2906 2133 3066 2192 atque
3093 2133 3276 2174 mores
3306 2118 3562 2187 legesque

1957 2226 2271 2296 angelorum
2300 2214 2592 2278 illorum'in
2624 2219 2822 2274 domos
2846 2226 3063 2270 nostras
3093 2212 3432 2266 inducamus.
3451 2211 3563 2265 Par

1957 2327 2105 2372 certe
2150 2315 2371 2378 fuisset,
2403 2321 2461 2366 ut
2488 2312 2578 2365 illo
2609 2325 2705 2365 vos
2741 2309 3084 2363 conferentes
3115 2305 3257 2358 hunc
3287 2301 3562 2356 referretis

1959 2409 2221 2464 fructum:
2243 2405 2336 2461 sed
2362 2405 2485 2476 quia
2518 2403 2566 2458 id
2595 2416 2699 2457 non
2721 2400 2907 2462 vultis,
2926 2398 3102 2453 verbis
3132 2395 3324 2450 saltem
3362 2393 3563 2448 nostris

1958 2504 2097 2559 hanc
2112 2500 2444 2572 Spiritualem
2459 2497 2745 2553 melodiam
2761 2492 2964 2558 audite,
2979 2506 3042 2546 ac
3063 2488 3256 2559 singuli
3273 2495 3390 2556 post
3408 2499 3560 2538 men-

1958 2611 2074 2651 sam
2127 2595 2240 2648 hatc
2275 2592 2437 2647 verba
2467 2589 2739 2652 referant,
2771 2586 2851 2640 sic
2878 2584 2988 2639 orsi
3017 2601 3029 2637 :
3057 2581 3366 2636 Benedictus
3395 2577 3558 2631 Deus.

1962 2684 2324 2756 Apostolicam
2349 2683 2547 2752 quippe
2566 2679 2736 2748 legem
2759 2676 2940 2729 statim
2966 2672 3188 2742 implent
3202 2686 3302 2741 qua
3321 2669 3561 2738 jubetur:

1963 2775 2326 2844 Quodcumque
2355 2770 2639 2825 fecerimus
2667 2768 2720 2820 in
2752 2767 2900 2820 verba
2967 2773 3014 2818 et
3052 2779 3231 2834 opere,
3278 2763 3332 2815 in
3361 2760 3566 2814 nomine

1963 2865 2168 2919 Domini
2204 2864 2362 2917 nostri
2399 2861 2528 2914 Jesu
2569 2858 2758 2913 Christi
2803 2855 3088 2927 faciamus,
3126 2853 3318 2923 gratias
3349 2860 3557 2922 agentes

1960 2953 2070 3009 Deo
2117 2963 2163 3007 et
2211 2951 2358 3004 Patri
2405 2965 2496 3019 per
2542 2950 2710 3018 ipsum
2760 2943 2980 3016 (Coloss.
3021 2941 3076 2998 3.
3121 2943 3236 3011 i7).
3269 2939 3471 2995 Deinde
3502 2948 3561 2992 ut

1957 3046 2249 3117 gratiarum
2295 3042 2438 3096 actio
2483 3055 2589 3094 non
2641 3051 2737 3108 pro
2780 3037 2873 3090 illo
2915 3034 3034 3088 solo
3075 3031 3166 3088 die
3205 3032 3309 3096 sit,
3341 3030 3434 3086 sed
3465 3044 3564 3100 pro

1961 3149 2072 3195 tota
2101 3139 2203 3191 vita
2227 3176 2243 3202 ,
2274 3135 2468 3189 dicitur
2494 3149 2508 3184 :
2538 3131 2639 3197 Qui
2664 3128 2831 3198 pascis
2855 3142 2934 3179 me
2954 3141 2984 3177 a
2998 3126 3262 3196 juventute
3283 3138 3414 3174 mea.
3437 3119 3564 3175 Haac

1960 3246 2176 3304 quoque
2203 3228 2445 3283 doctrina
2479 3221 2850 3301 philosophica
2879 3233 2981 3274 est.
3008 3219 3117 3273 Deo
3140 3217 3339 3286 quippe
3362 3215 3561 3279 alente,

1961 3344 2070 3383 non
2121 3326 2412 3380 sollicitum
2459 3336 2581 3375 esse
2627 3326 2862 3387 Oportet.
2913 3315 3048 3370 Nam
3078 3313 3126 3370 si
3154 3329 3280 3384 rege
3310 3312 3403 3367 tibi
3437 3327 3565 3380 pro-

1964 3421 2252 3480 mittente,
2286 3431 2344 3468 se
2387 3412 2481 3466 tibi
2524 3409 2896 3481 quotidianum
2937 3404 3114 3461 cibum
3165 3418 3230 3457 ex
3280 3418 3375 3457 sua
3422 3416 3563 3471 penu

1963 3508 2421 3580 suppeditatnrum
2444 3519 2582 3567 esse,
2607 3500 2913 3556 conlideres
2935 3499 3149 3568 utique:
3175 3497 3345 3551 multo
3371 3495 3563 3561 magis,

1965 3603 2009 3656 si
2036 3601 2179 3656 Deus
2203 3606 2439 3668 praebeat
2465 3636 2481 3660 ,
2509 3604 2563 3648 et
2589 3592 2769 3647 omnia
2799 3589 2892 3644 tibi
2921 3589 3070 3660 quasi
3102 3603 3167 3642 ex
3201 3585 3348 3641 fonte
3375 3583 3562 3648 ﬂuant,

1964 3691 2110 3749 omni
2155 3686 2524 3743 sollicitudine
2563 3697 2786 3737 vacuum
2833 3694 2956 3734 esse
3000 3687 3236 3747 oportet.
3271 3676 3396 3730 Ideo
3422 3677 3566 3729 enim

1966 3784 2082 3838 haec
2107 3780 2313 3841 dicunt,
2340 3786 2399 3831 ut
2420 3786 2476 3831 et
2503 3775 2712 3843 seipsos
2740 3781 2795 3826 et
2819 3769 3112 3839 discipulos
3138 3767 3204 3821 ad
3232 3781 3450 3821 omnem
3476 3779 3571 3817 cu-

1967 3891 2085 3931 ram
2109 3882 2167 3928 et
2199 3868 2620 3928 sollicitudinem
2663 3863 2969 3935 ponendam
3013 3860 3290 3916 inducant.
3333 3857 3567 3922 Deinde,

1969 3982 2037 4022 ne
2064 3974 2250 4035 putes,
2303 3962 2450 4031 ipsos
2495 3973 2592 4028 pro
2623 3972 2682 4011 se
2711 3965 2918 4010 tantum
2965 3953 3106 4007 hanc
3140 3951 3434 4021 gratiarum
3476 3964 3571 4003 ac-

1970 4063 2172 4113 tionem
2198 4055 2422 4118 referre,
2445 4051 2797 4120 subjungunt.
2826 4048 2927 4113 Qui
2947 4047 3033 4100 dat
3056 4061 3222 4100 escam
3247 4045 3383 4098 omni
3404 4044 3570 4108 carni,

1970 4167 2068 4222 pro
2092 4158 2204 4204 toto
2229 4147 2361 4201 orbe
2393 4145 2490 4214 ipsi
2518 4143 2717 4214 gratias
2746 4149 3002 4209 agentes;
3032 4146 3085 4193 et
3110 4136 3260 4206 quasi
3283 4137 3431 4191 orbis
3457 4136 3574 4189 uni-

1971 4242 2112 4298 versi
2140 4251 2353 4311 patres,
2385 4238 2464 4292 sic
2488 4251 2583 4306 pro
2614 4235 2866 4288 omnibus
2899 4231 3086 4286 Iaudes
3113 4229 3392 4294 referunt,
3422 4238 3476 4283 et
3506 4228 3574 4284 ad

1972 4353 2154 4393 veram
2182 4349 2302 4388 sese
2341 4330 2730 4386 fraternitatem
2785 4325 3028 4380 incitant.
3062 4322 3247 4392 Neque
3272 4321 3414 4376 enim
3445 4335 3576 4389 pos-

1972 4437 2098 4484 sunt
2118 4428 2238 4482 illos
2260 4425 2457 4486 odisse,
2489 4436 2585 4491 pro
2606 4419 2800 4489 quibus
2827 4417 2896 4472 de
2922 4414 3270 4484 suppeditato
3299 4413 3429 4480 ipsis
3452 4413 3575 4465 ciho

1976 4519 2088 4575 Deo
2115 4515 2315 4588 gratias
2342 4522 2526 4583 agunt.
2561 4509 2750 4564 Vidcn'
2772 4517 2828 4562 et
2859 4507 3137 4560 caritatem
3162 4520 3256 4573 per
3281 4505 3572 4574 gratiarum

1977 4611 2240 4666 actionem
2275 4605 2586 4664 inductam,
2631 4615 2749 4669 quae
2795 4597 3109 4652 surcularem
3160 4593 3579 4649 sollicitudinem

1977 4703 2161 4770 ejicit,
2209 4709 2318 4753 tum
2360 4712 2424 4750 ex
2459 4696 2523 4748 iis
2548 4709 2668 4763 qua!
2713 4689 3058 4759 prmeedunt,
3105 4697 3216 4739 tum
3262 4701 3330 4739 ex
3365 4684 3448 4738 his
3473 4684 3578 4751 jam

1979 4795 2173 4850 dictis?
2199 4792 2252 4847 Si
2283 4792 2425 4846 enim
2456 4789 2548 4842 dat
2574 4801 2753 4842 escam
2784 4783 2929 4837 omni
2961 4779 3111 4835 carni
3134 4821 3148 4843 ,
3200 4778 3370 4832 multo
3416 4775 3583 4844 magis

1982 4888 2046 4942 iis
2069 4888 2155 4957 qui
2185 4885 2283 4953 ipsi
2327 4881 2522 4936 addicti
2552 4887 2713 4940 sunt;
2745 4890 2870 4930 nam
2903 4874 2945 4926 si
2975 4887 3090 4936 eos,
3116 4871 3205 4940 qui
3238 4866 3585 4922 saecularibus

1984 4978 2129 5032 curis
2159 4981 2286 5029 sunt
2318 4971 2576 5035 involuti;
2630 4967 2800 5022 multo
2841 4966 3011 5034 magis
3060 4976 3175 5027 eos,
3217 4961 3306 5030 qui
3337 4960 3402 5013 iis
3435 4958 3584 5012 vacui

1985 5079 2110 5126 sunt
2130 5112 2143 5133 ,
2177 5067 2363 5121 nutrit.
2398 5063 2512 5118 Hoc
2536 5071 2590 5116 et
2615 5058 2863 5113 Christus
2893 5056 3224 5110 confirmans
3252 5051 3383 5105 dicit
3409 5069 3421 5104 :
3453 5047 3587 5113 Quot

1989 5159 2276 5232 passeribus
2321 5156 2550 5208 meliores
2593 5151 2708 5205 estis
2752 5165 2838 5203 vos
2870 5146 3021 5220 (Luc.
3059 5145 3148 5198 1‘2.
3181 5141 3266 5212 7)?
3292 5140 3385 5195 His
3415 5141 3592 5194 verbis

1988 5255 2145 5310 docet
2175 5266 2282 5305 non
2319 5263 2439 5302 esse
2478 5242 2750 5299 lideodum
2789 5239 2992 5294 divitiis
3018 5246 3073 5290 et
3098 5245 3258 5290 terra:
3289 5241 3345 5286 et
3373 5230 3594 5286 semini~

1992 5347 2111 5402 bus.
2144 5345 2258 5398 Non
2302 5340 2444 5393 enim
2493 5339 2608 5390 haec
2639 5342 2763 5389 sunt
2791 5348 2912 5402 quae
2943 5329 3221 5389 nutriunt,
3249 5324 3345 5380 sed
3374 5322 3594 5377 verbum

1997 5439 2109 5492 Dei.
2152 5435 2244 5489 His
2265 5433 2425 5487 etiam
2461 5426 2789 5482 Manichaeos
2820 5421 3108 5476 retrudunt
3130 5459 3144 5480 ,
3188 5427 3242 5471 et
3273 5414 3597 5468 Valentinia-

1997 5548 2115 5596 nos,
2148 5542 2347 5596 eosque
2376 5523 2465 5592 qui
2508 5535 2629 5574 cum
2671 5519 2779 5572 illis
2811 5515 3070 5569 sentiunt.
3106 5509 3222 5565 Non
3252 5508 3394 5561 enim
3426 5514 3599 5575 potest

2000 5623 2084 5675 hic
2116 5620 2291 5672 malus
2334 5626 2454 5667 esse
2504 5612 2679 5671 Deus,
2725 5607 2812 5676 qui
2857 5604 3143 5659 omnibus.
3193 5599 3352 5653 etiam
3394 5611 3450 5649 se
3494 5594 3599 5647 bla-

2000 5709 2430 5783 Sphemantibus,
2464 5704 2602 5758 bona
2636 5716 2730 5754 sua
2757 5697 2989 5752 confert.
3027 5692 3226 5748 Deinde
3250 5688 3486 5758 sequitur
3509 5700 3605 5752 pe-

2002 5772 2156 5864 tilio:
2197 5800 2351 5872 ιιερισ
2381 5797 2568 5870 gaudio
2591 5804 2634 5849 et
2659 5793 2839 5850 latitia
2860 5789 3020 5844 corda
3041 5796 3235 5843 nostra.
3261 5783 3379 5854 Quo
3410 5772 3606 5848 gaudio
