4040 6428
527 393 628 452 δι’)

523 509 686 566 dicit?
712 521 834 562 num
861 501 1136 562 saeculari?
1160 499 1343 556 Absit!
1374 513 1549 568 neque
1574 497 1719 552 enim
1741 485 1787 550 si
1817 492 1948 548 illud
1971 492 2091 548 rel-

523 601 636 658 lent
653 643 668 662 .
689 599 969 656 animiin
995 596 1255 651 utentium
1280 601 1332 647 et
1355 591 1568 647 deserta
1594 593 1938 655 occupassent
1960 625 1976 652 ,
2005 599 2100 639 ne-

534 699 1004 764 ]uesacooessent
1034 687 1243 751 induti;
1290 683 1383 738 sed
1425 680 1556 737 illud
1593 678 1844 748 gaudium
1877 676 2095 739 dicunt,

521 785 660 856 quod
680 797 803 837 cum
835 779 1084 850 pusculi
1115 776 1223 832 vita
1254 774 1384 828 nihil
1411 785 1695 829 commune
1727 769 1924 836 habet,
1964 781 2097 836 gaue

521 879 664 931 dium
709 876 1020 944 angelon
1069 877 1126 926 et
1166 882 1494 936 supernum;
1542 877 1643 919 nec
1689 862 2003 930 simpliciter
2044 858 2098 913 id

523 967 824 1038 pustulam,
873 963 966 1019 sed
1007 960 1361 1018 abundantius
1386 966 1683 1027 expetunt;
1711 969 1835 1009 non
1873 953 2095 1019 dicunt,

523 1057 596 1112 ba
615 1102 629 1122 ,
659 1059 774 1122 sed,
806 1055 999 1123 Rapta,
1027 1068 1127 1108 nec
1155 1052 1338 1106 dicunt
1356 1093 1371 1117 ,
1399 1050 1507 1104 Nos
1526 1090 1542 1114 ,
1570 1049 1685 1110 sed,
1707 1047 1873 1101 Corda
1893 1052 2097 1099 nostra:

520 1149 622 1204 boc
668 1152 809 1202 enim
852 1148 1082 1200 maxime
1131 1142 1381 1213 gaudium
1429 1139 1606 1195 cordis
1643 1155 1656 1192 :
1702 1136 1926 1190 Fructus
1960 1139 2095 1190 enim

520 1245 774 1312 Spiritus,
820 1241 1035 1304 caritas,
1079 1235 1342 1309 gaudium,
1375 1250 1478 1302 pas:
1522 1231 1669 1301 (Gal.
1700 1231 1751 1286 5.
1794 1228 1909 1299 Ξῖ).
1959 1226 2094 1295 Quia

519 1336 660 1388 enim
704 1339 979 1400 peceatum
1024 1326 1290 1381 tristitiam
1331 1323 1572 1387 induxit,
1613 1328 1897 1391 precantur
1918 1328 1976 1372 ut
2004 1333 2096 1385 per

520 1420 769 1491 gaudium
818 1418 1017 1488 iustitia
1052 1418 1102 1470 in
1133 1415 1260 1485 ipsis
1287 1415 1584 1469 inseratur:
1612 1425 1782 1479 neque
1812 1409 1952 1463 enim
1992 1407 2097 1462 alio

521 1513 680 1566 modo
701 1507 946 1579 gaudium
969 1508 1020 1562 in
1051 1506 1153 1560 illis
1183 1510 1544 1573 generantur.
1575 1499 1644 1554 Ut
1681 1515 1875 1569 semper
1899 1513 2097 1551 antnem

520 1604 866 1671 sufﬁcientiam
900 1600 1130 1652 habentes
1153 1594 1462 1648 abundantis
1482 1595 1534 1646 in
1553 1607 1702 1646 omne
1733 1605 1861 1658 opus
1889 1591 2092 1642 bonum.

524 1693 657 1748 \‘ide
712 1690 1073 1763 evangelicum
1123 1687 1254 1742 illud
1299 1687 1499 1740 dictum
1551 1681 1867 1752 impletum:
1901 1678 2098 1734 Panem

513 1807 746 1852 nostrum
764 1789 1128 1863 quotidianum
1143 1790 1213 1838 da
1233 1783 1380 1838 nobis
1400 1781 1550 1835 hodie
1565 1777 1718 1849 (Luc.
1737 1771 2082 1843 ll.3)._(:ujus

516 1883 902 1959 postulationis
924 1879 1176 1934 effectum
1201 1882 1426 1951 propter
1450 1868 1752 1959 spiritualia
1785 1869 2077 1959 quaerunt}

519 1948 588 2030 lJt
612 1974 955 2035 abundamus,
980 1968 1249 2038 inquiunt,
1272 1948 1326 2016 in
1341 1976 1490 2015 omne
1511 1974 1638 2027 opus
1651 1956 1860 2010 bouum.
1880 1948 2084 2005 Nec‘dl-

517 2075 668 2128 cunt,
691 2063 759 2118 Ut
794 2063 1060 2117 faciamus
1085 2057 1259 2112 solum
1287 2052 1432 2123 quod
1453 2051 1714 2107 debemus
1740 2063 1753 2112 ;
1791 2043 1886 2098 sed
1915 2042 2078 2096 etiam

519 2158 660 2227 plus,
678 2167 838 2225 quam
857 2156 1120 2222 praecepta
1143 2145 1458 2205 continent;
1481 2140 1534 2194 id
1561 2138 1710 2227 enim
1731 2131 2003 2227 significat
2021 2131 2084 2184 il-

519 2222 609 2301 lud
621 2222 1060 2310 ,utﬂuademus.
1073 2234 1137 2289 Et
1150 2230 1528 2301 aDeoquidem
1543 2222 1919 2282 suﬂicieutiam
1936 2233 2084 2288 quat-

514 2336 637 2380 runt
663 2327 712 2380 in
745 2326 1061 2382 necessariis
1086 2343 1099 2379 :
1130 2324 1231 2394 ipsi
1251 2337 1381 2378 vero
1410 2323 1595 2376 nolunt
1618 2334 1740 2374 cum
1767 2313 2084 2372 sufﬁcientia

513 2425 716 2471 tantum
749 2417 1000 2479 obedire,
1051 2415 1145 2470 sed
1190 2409 1688 2482 superabundauter
1727 2409 1780 2462 in
1816 2406 2088 2461 omnibus.

517 2507 627 2562 lloc
670 2520 746 2562 est
781 2508 914 2578 frugi
959 2521 1256 2571 servorum,
1304 2505 1404 2558 hoc
1447 2501 1887 2572 philosophorum
1918 2497 2091 2552 humi--

515 2615 638 2655 num
665 2640 679 2660 ,
714 2611 926 2667 semper
969 2604 1024 2649 et
1066 2597 1120 2649 in
1160 2592 1410 2647 omnibus
1451 2588 1749 2644 abundare.
1793 2584 1995 2641 Deinde
2035 2595 2093 2639 ut

512 2691 874 2750 inﬁrmitatem
915 2703 1066 2741 suam
1093 2691 1549 2746 commemorent,
1578 2681 1952 2748 fateanturque
1976 2679 2092 2733 sine

508 2795 744 2850 superno
768 2788 902 2833 nutu
933 2777 1066 2832 nihil
1096 2792 1153 2830 se
1183 2789 1344 2846 posse
1372 2782 1652 2826 strenuum
1671 2771 1864 2825 facere
1885 2811 1900 2833 ,
1938 2779 2088 2839 post-

505 2886 664 2940 quam
692 2869 940 2922 dixerunt
960 2907 975 2933 ,
1005 2865 1077 2920 Ut
1104 2864 1414 2917 abundamus
1455 2862 1507 2915 in
1547 2877 1694 2914 omne
1718 2876 1844 2926 opus
1885 2859 2087 2923 bonum,

511 2960 836 3029 subjiciunt,
884 2955 950 3010 In
995 2955 1194 3012 Christo
1235 2953 1360 3008 Iesu
1411 2951 1631 3005 Domino
1669 2962 1840 3004 nostro
1887 2951 2088 3019 quicum

513 3055 600 3107 tibi
624 3053 806 3123 gloria,
838 3051 1018 3114 honor,
1057 3049 1322 3117 imper-inin
1357 3047 1412 3100 in
1445 3044 1648 3099 mula.
1690 3044 1866 3096 Amen.
1898 3041 2086 3097 Parem

509 3143 770 3214 principio
800 3141 960 3195 finem
988 3155 1082 3210 per
1112 3139 1404 3209 gratiarum
1429 3136 1694 3192 actionem
1725 3143 1927 3189 texunt.

579 3235 633 3289 6.
663 3233 851 3288 Postea
872 3246 998 3286 vero
1027 3229 1272 3284 videntur
1311 3227 1458 3298 quasi
1485 3241 1513 3280 a
1537 3225 1798 3296 principio
1821 3224 2080 3293 incipere,

506 3337 555 3380 et
600 3324 846 3379 eumdem
875 3329 1175 3378 sermonem
1207 3320 1518 3375 continuant
1554 3326 1652 3370 :ut
1679 3326 1750 3374 get
1796 3315 1989 3371 Paulus
2034 3319 2095 3371 in

505 3411 765 3485 principio
795 3412 1044 3482 Epistula:
1069 3411 1219 3481 quasi
1260 3411 1312 3465 in
1361 3407 1802 3480 gloriﬁcationem
1837 3406 2088 3461 desinens

504 3508 577 3560 ait
608 3504 932 3562 :Sentndum
955 3501 1258 3557 voluntatem
1283 3499 1380 3554 Dei
1422 3509 1469 3554 et
1499 3497 1692 3564 Putris,
1732 3498 1814 3550 cui
1837 3499 1999 3568 gloria
2031 3498 2088 3551 in

503 3599 706 3658 secula,
737 3612 881 3650 amen
912 3595 931 3664 (
953 3593 1072 3650 Gal.
1097 3595 1148 3649 l.
1173 3594 1228 3648 4.
1256 3591 1326 3664 5)
1352 3605 1452 3646 :ac
1472 3606 1666 3668 rursus
1683 3590 1825 3661 quod
1849 3597 2084 3644 tractan-

504 3687 629 3740 dum
660 3686 901 3754 suscipit,
931 3683 1298 3754 argumentum
1325 3673 1566 3736 resumit.
1611 3680 1680 3735 Et
1705 3679 1830 3734 alibi
1857 3694 2040 3735 rursus
2065 3696 2081 3733 :

502 3775 774 3831 (latuerunt
805 3785 854 3830 et
881 3777 1151 3828 servierunt
1196 3784 1440 3833 rreaturc
1457 3772 1632 3842 potius
1659 3784 1809 3841 quam
1834 3768 2079 3836 Creatori,

501 3868 588 3938 qui
615 3877 684 3921 est
719 3867 1000 3920 benedictus
1033 3866 1100 3920 in
1147 3867 1353 3920 sucula.
1385 3862 1543 3918 Amen
1571 3863 1761 3934 (Rom.
1816 3865 1867 3917 l.
1921 3862 2032 3934 25)
2063 3881 2077 3918 :

501 3973 608 4012 non
639 3957 870 4012 absolvit
893 3969 1218 4022 sermonem,
1249 3955 1342 4010 scd
1371 3955 1558 4024 pergit.
1591 3953 1668 4009 Ne
1689 3955 1846 4025 igitur
1865 3953 1961 4009 bos
1987 3964 2081 4008 au-

499 4050 644 4119 gclos
673 4052 994 4116 incusemus,
1027 4049 1178 4119 quasi
1207 4045 1503 4102 inordinate
1525 4046 1741 4111 faciant,
1768 4047 1908 4120 quod
1929 4056 2078 4117 post-

501 4156 656 4210 quam
691 4142 744 4195 in
775 4121 1209 4209 glorilicationem
1257 4140 1564 4205 desierunt,
1592 4151 1779 4193 rursus
1825 4139 2076 4209 hymnum

499 4245 707 4284 sacrum
736 4229 1011 4298 incipiant.
1043 4231 1371 4298 Apostolicas
1395 4229 1537 4284 enim
1582 4236 1875 4298 sequuntur
1911 4229 2073 4300 leges,

497 4335 618 4374 cum
645 4336 673 4374 a
703 4318 1087 4391 gloriﬁcalione
1126 4321 1420 4390 incipiunt,
1451 4330 1505 4376 et
1531 4322 1582 4374 in
1615 4321 1759 4374 illam
1785 4320 2034 4376 desinunt
2057 4362 2073 4388 ,

497 4421 785 4482 posteaque
826 4427 1009 4466 rursus
1050 4412 1414 4467 exordiantur.
1471 4412 1803 4482 Quapmpter
1849 4411 2071 4470 dicunt:

495 4501 669 4555 Gloria
690 4503 795 4567 tibi,
827 4500 1069 4566 Domine,
1105 4504 1266 4573 gloria
1289 4504 1396 4569 tibi,
1417 4513 1606 4566 sancte,
1636 4504 1798 4573 gloria
1823 4505 1931 4564 tibi.
1960 4520 2070 4571 rex,

493 4593 613 4660 quia
637 4593 815 4646 dedisti
844 4594 985 4646 nobis
1005 4593 1142 4646 cibos
1169 4593 1221 4646 in
1249 4593 1492 4648 ltrtitinm.
1523 4592 1637 4648 Non
1666 4594 1810 4649 enim
1838 4609 1936 4664 pro
1960 4610 2071 4649 ma-

482 4676 611 4750 ‘gnis
655 4692 880 4751 tantum,
910 4685 1002 4738 sed
1033 4693 1087 4738 et
1116 4699 1210 4754 pro
1240 4685 1470 4757 minimis
1498 4687 1692 4755 gratias
1733 4701 1891 4757 agere
1919 4703 2071 4757 opor-

493 4782 585 4828 tet.
641 4773 849 4828 Gratias
877 4785 1050 4829 autem
1089 4790 1187 4846 pro
1234 4777 1314 4831 bis
1348 4788 1542 4847 agunt,
1569 4788 1627 4830 ut
1657 4777 2064 4834 Manichaeorum

493 4863 737 4933 haeresim
767 4863 1121 4933 pudefaciant,
1159 4875 1212 4919 et
1241 4881 1426 4920 omnes
1454 4877 1710 4937 quotquot
1748 4880 2064 4937 prmsentem

487 4956 644 5008 vitam
674 4969 794 5010 esse
830 4956 1018 5010 malam
1047 4956 1247 5011 dicunt.
1279 4955 1358 5011 Ne
1388 4968 1539 5026 putes
1563 4961 1704 5014 enim
1736 4974 1853 5025 eos,
1880 4961 1970 5030 qui
1995 4961 2063 5016 ad

485 5061 742 5101 summam
767 5045 1152 5117 philosophiam
1180 5063 1238 5103 se
1260 5060 1508 5104 exercent
1535 5059 1590 5105 et
1613 5061 1852 5106 ventrem
1881 5053 2061 5122 despio

483 5140 648 5201 ciunt,
677 5151 826 5192 escas
869 5125 1195 5204 abominari,
1217 5149 1274 5192 ut
1303 5141 1336 5192 ii
1366 5139 1456 5209 qui
1486 5155 1543 5195 se
1573 5140 1852 5206 suffocant,
1884 5143 2062 5198 verbis

482 5230 802 5297 supplicibus
820 5229 910 5283 tibi
927 5229 1171 5294 suadent,
1192 5245 1249 5283 se
1267 5247 1370 5283 non
1393 5230 1512 5285 ideo
1531 5245 1560 5284 a
1573 5233 1753 5286 multis
1770 5233 2055 5297 absuuere,

482 5320 616 5388 quod
649 5321 840 5375 inultas
869 5321 959 5376 Dei
979 5335 1251 5376 creatuma
1277 5321 1625 5387 detestentur,
1644 5324 1740 5377 sed
1769 5324 1908 5393 quod
1941 5326 2059 5394 phi-

479 5410 770 5478 losopbiam
803 5423 1101 5466 exerceant.
1150 5413 1217 5468 Et
1240 5415 1601 5468 animadverte
1647 5415 1910 5484 quomodo
1938 5425 2058 5485 post

478 5503 760 5569 gratiarum
787 5503 1047 5560 actiunem
1082 5520 1177 5575 pro
1205 5505 1412 5559 collatis
1443 5506 1576 5561 cibis
1603 5507 1801 5574 majora
1851 5518 2050 5576 petant,

480 5608 577 5646 nec
606 5595 654 5645 in
681 5596 1022 5650 smcularihus
1051 5607 1310 5667 perstent,
1337 5597 1430 5653 sed
1475 5613 1629 5668 supra
1661 5599 1824 5654 carius
1860 5615 2049 5655 ascen-

1300 387 1357 442 S.
1397 381 1674 441 JUANNIS
1711 375 2179 436 CHRYSOSTOMI
2221 376 2532 435 ARCHIEP.
2572 380 3108 440 CONSTANTINOP.

3695 387 3801 442 538

2205 492 2294 548 illa
2318 535 2332 558 ,
2366 502 2426 549 ut
2462 511 2570 550 non
2598 504 2770 565 potest
2797 497 2916 566 quis
2947 506 3240 552 strenuum
3269 503 3354 550 aut
3385 508 3646 564 magnum
3675 494 3803 565 quid

2200 582 2396 648 facere,
2420 587 2519 641 nisi
2541 587 2740 642 Christi
2769 588 2937 657 gratia
2959 587 3185 642 fruatur.
3211 586 3359 643 Sicut
3379 599 3510 656 ergo
3528 586 3802 643 dicentes.

2203 673 2271 731 Ut
2313 667 2628 732 obundenms
2660 674 2732 732 ~in
2777 693 2925 733 omne
2959 695 3086 748 opus
3127 678 3312 734 bonum
3334 719 3350 744 ,
3377 677 3802 747 subjunxerunt,

2201 765 2266 820 In
2315 767 2515 822 Christo
2555 768 2684 824 εισι
2713 788 2730 822 :
2753 769 2829 827 ita
2861 780 2917 824 et
2969 770 3274 825 hicdicunt
3301 811 3318 836 ,
3352 769 3513 839 Reple
3549 786 3659 825 nos
3676 767 3804 838 Spi-

2196 857 2298 910 ritu
2322 869 2515 921 δακεῖν,
2539 857 2645 932 *[ut
2667 860 2979 914 inueniamur
3004 863 3058 913 in
3083 871 3355 931 conspectu
3395 873 3482 914 tuo
3509 861 3806 931 acceptabi-

2199 947 2289 1001 les.
2325 947 2508 1003 Viden'
2534 949 2801 1018 quomodo
2824 949 2892 1004 de
2938 950 3098 1024 rebus
3133 950 3199 1005 ad
3230 951 3391 1006 vitam
3421 949 3804 1020 spectantibus

2200 1055 2304 1094 non
2348 1051 2628 1109 precentur
2649 1083 2665 1107 ,
2697 1043 2791 1097 sed
2829 1045 3028 1112 gratias
3056 1056 3216 1114 agant
3246 1054 3452 1101 tantum
3486 1062 3500 1097 :
3533 1041 3681 1100 circa
3713 1060 3804 1101 res

2196 1143 2374 1186 autem
2401 1134 2702 1202 spirimales
2726 1145 2782 1190 et
2805 1137 3004 1205 gratias
3035 1143 3195 1202 agant
3221 1145 3277 1190 et
3303 1135 3630 1206 precentur?
3659 1134 3798 1190 Nam

2197 1222 2272 1286 ait
2299 1238 2314 1275 :
2347 1222 2566 1289 Qucrite
2606 1225 2821 1292 primum
2855 1241 3065 1296 regnum
3094 1225 3333 1280 calorum
3352 1264 3370 1290 ,
3397 1235 3443 1279 et
3484 1227 3598 1286 Iace
3625 1226 3803 1278 ornatia

2199 1315 2502 1385 adjiciantur
2544 1315 2678 1370 nobis
2706 1314 2992 1386 (Μαίϋιϐ.
3022 1317 3146 1387 53).
3195 1316 3474 1385 Perpende
3511 1326 3695 1370 autem
3743 1324 3803 1370 et

2197 1405 2586 1462 aliamillorum
2613 1407 3016 1478 philosophiam.
3044 1407 3114 1463 Ut
3148 1408 3483 1474 inemiamur,
3518 1409 3796 1478 inquiunt,

2197 1497 2250 1550 in
2279 1509 2544 1568 conspectu
2567 1508 2654 1554 tuo
2679 1500 3040 1569 occeptabiles,
3073 1516 3162 1553 nec
3211 1500 3408 1570 pudore
3444 1499 3752 1569 eliciuntur.
3777 1495 3800 1570 ]

2196 1589 2380 1659 Neque
2409 1591 2553 1646 enim
2575 1605 2850 1658 curamus,
2877 1591 3020 1661 quod
3048 1589 3194 1660 apud
3219 1589 3420 1644 multos
3458 1590 3512 1644 id
3539 1588 3801 1644 dedecori

2198 1679 2353 1735 nobis
2379 1689 2634 1747 vertatur,
2664 1680 2758 1735 sed
2778 1695 3126 1750 quacumque
3151 1679 3382 1735 dixerint
3414 1679 3483 1734 de
3509 1679 3667 1734 nobis
3695 1678 3803 1735 lto-

2190 1771 2367 1842 tnines
2387 1771 2648 1837 ridentes,
2667 1771 3077 1840 exprobrantes,
3097 1787 3164 1829 ne
3183 1771 3514 1827 advertimus
3531 1768 3754 1841 quidem
3782 1786 3797 1824 :

2199 1860 2303 1918 hec
2324 1877 2486 1916 unum
2517 1861 2909 1930 contendimus,
2941 1878 3010 1920 ne
3039 1874 3173 1920 tunc
3186 1862 3608 1918 coulundamur.
3631 1862 3800 1916 Post-

2198 1967 2357 2023 quam
2378 1964 2559 2009 autem
2592 1954 2705 2009 hinc
2733 1954 3002 2018 dixerunt,
3030 1955 3166 2024 ignis
3194 1969 3410 2026 quoque
3431 1955 3654 2010 ﬂuvium
3683 1968 3802 2008 mm

2196 2055 2425 2109 merant,
2451 2043 2664 2112 praemia
2690 2055 2743 2100 et
2771 2045 2972 2100 bravia.
2997 2045 3106 2102 Nec
3134 2046 3340 2112 dicunt,
3368 2044 3449 2102 Ne
3469 2050 3798 2117 puniamur:

2197 2137 2315 2202 sed,
2331 2137 2403 2192 Ne
2423 2135 2824 2193 confundamur.
2845 2138 2956 2193 Hoc
2973 2140 3169 2209 quippe
3189 2139 3344 2193 nobis
3369 2137 3665 2193 terribilius
3687 2145 3792 2204 eat.

2191 2241 2354 2294 quam
2379 2227 2641 2296 gehenna,
2669 2227 2716 2282 si
2745 2228 3020 2284 videantur
3039 2228 3326 2284 olleudisse
3347 2228 3654 2286 Dominum.
3683 2225 3798 2282 Sed

2195 2320 2317 2386 quia
2354 2319 2550 2374 multos
2584 2334 2650 2374 ex
2677 2320 3027 2374 crassioribus
3059 2320 3160 2375 hoc
3200 2309 3307 2374 non
3363 2328 3567 2374 terrere
3610 2318 3753 2374 solet
3776 2359 3795 2384 ,

2199 2407 2457 2476 adjiciunt
2482 2427 2496 2463 :
2532 2408 2654 2464 Cum
2692 2411 2869 2466 reddes
2897 2411 3163 2480 unicuique
3189 2409 3465 2467 nereidum
3487 2423 3645 2478 Opera
3673 2423 3790 2461 sua.

2200 2498 2381 2556 Vidcu'
2400 2510 2654 2570 quantum
2680 2502 2834 2556 nobis
2857 2503 3063 2573 prosint
3089 2501 3306 2556 externi
3333 2501 3406 2554 illi
3426 2509 3484 2554 et
3518 2499 3796 2569 peregrini

2196 2591 2494 2648 solitudinis
2512 2592 2673 2657 cives,
2693 2593 2802 2647 imo
2821 2593 3073 2646 omlorum
3093 2589 3276 2646 cives?
3293 2589 3402 2645 Nos
3427 2589 3572 2644 enim
3601 2589 3657 2644 in
3684 2604 3767 2645 ea:
3781 2621 3799 2634 -

2180 2680 2262 2734 (lis
2281 2682 2542 2753 peregrini
2560 2696 2764 2750 sumus,
2783 2692 2938 2738 terra:
2958 2691 3138 2755 autem
3155 2681 3304 2736 cives
3324 2699 3338 2734 :
3363 2679 3436 2734 illi
3454 2695 3584 2735 vero
3608 2694 3640 2736 e
3661 2695 3796 2735 con-

2197 2781 2295 2828 tra.
2317 2774 2445 2829 Post
2466 2774 2604 2830 hunc
2629 2775 2882 2845 hymnum
2899 2774 3311 2844 conpunctione
3335 2773 3486 2837 moti,
3509 2771 3798 2843 lacrymls-

2193 2877 2298 2932 que
2323 2864 2502 2918 multis
2527 2879 2592 2920 ac
2622 2863 2835 2918 fervidis
2864 2863 3095 2934 perfusi,
3124 2861 3193 2920 ad
3223 2877 3469 2917 somnum
3519 2872 3745 2932 pergunt
3769 2900 3789 2928 ,

2196 2961 2396 3008 tantum
2450 2954 2812 3020 dormientes,
2860 2965 3112 3023 quantum
3165 2955 3296 3007 satis
3331 2963 3414 3008 est
3449 2952 3518 3007 ad
3567 2967 3789 3022 parvam

2193 3045 2473 3115 quamdam
2492 3047 2723 3116 quietem
2752 3045 3085 3116 capiendam.
3120 3044 3461 3114 Rursumque
3502 3053 3693 3100 noctes
3735 3044 3789 3098 in

2191 3137 2307 3193 dies
2334 3146 2544 3193 vertunt
2567 3179 2583 3203 ,
2602 3139 2658 3192 in
2677 3139 2966 3208 gratiarum
2992 3138 3201 3192 actione
3223 3138 3592 3207 etpsalmodia
3622 3139 3788 3191 vitam

2180 3241 2436 3299 agentes-
2451 3229 2561 3286 Nec
2582 3230 2741 3285 modo
2765 3230 2881 3296 viri,
2909 3228 3004 3284 sed
3030 3239 3086 3284 et
3113 3227 3367 3283 mulieres
3388 3226 3527 3282 hanc
3547 3226 3789 3298 philoso-

2193 3324 2368 3394 phiam
2395 3334 2670 3391 exercent,
2698 3341 2813 3395 qua:
2842 3333 3048 3379 natura:
3080 3322 3452 3383 inﬁrmitatem
3481 3322 3644 3376 animi
3665 3338 3787 3377 ma-

2189 3413 2463 3484 gnitudine
2491 3424 2762 3484 superant.
2813 3412 3018 3468 Pudeat
3046 3413 3204 3484 igitur
3231 3427 3331 3468 nos
3361 3411 3506 3466 viros
3535 3413 3698 3466 talem
3732 3412 3784 3466 in

2191 3505 2323 3575 ipsis
2374 3505 2729 3559 constantiam
2775 3503 3066 3568 videntes,
3093 3513 3148 3558 et
3173 3517 3448 3558 cessemus
3491 3502 3784 3574 cupiditate

2189 3597 2388 3650 moveri
2414 3611 2590 3650 rerum
2619 3597 2982 3665 prmaentium,
3005 3593 3227 3660 umbrtr,
3243 3594 3601 3659 somniorum,
3624 3594 3780 3656 fumi.

2187 3685 2319 3742 Nam
2349 3687 2584 3741 maxima
2611 3699 2734 3756 pars
2759 3685 2882 3740 vita:
2920 3695 3117 3746 nostrae
3145 3699 3308 3740 sensu
3334 3699 3524 3754 carere
3543 3684 3778 3740 videtur.

2187 3778 2363 3834 Prima
2392 3788 2524 3833 mtas
2569 3776 2734 3832 multa
2772 3778 2927 3846 plena
2954 3787 3037 3832 est
3065 3776 3332 3840 stultitia;
3363 3790 3485 3849 quae
3535 3789 3666 3847 vero
3711 3778 3781 3831 ad

2184 3872 2394 3926 senium
2424 3869 2592 3938 vergit
2614 3908 2629 3932 ,
2663 3883 2877 3923 sensum
2915 3868 2966 3922 in
2998 3868 3152 3923 nobis
3182 3866 3512 3934 hebetiorem
3558 3867 3778 3932 reddit;

2185 3961 2556 4017 intermedium
2587 3969 2792 4029 tempus
2816 3960 2978 4015 breve
3006 3971 3111 4025 est,
3135 3973 3243 4030 quo
3257 3974 3431 4014 sensu
3457 3958 3776 4015 deliciarum

2182 4052 2446 4118 fruimur;
2495 4052 2603 4106 imo
2631 4066 2698 4106 ne
2727 4055 2972 4121 tempore
3009 4050 3222 4120 quidem
3275 4050 3366 4105 illo
3411 4065 3577 4106 sensu
3627 4060 3776 4107 recte

2182 4147 2426 4213 fruimur,
2455 4161 2575 4200 cum
2603 4144 2747 4200 mille
2774 4159 2914 4199 cura
2945 4143 3258 4213 laboresque
3285 4141 3462 4198 adsint
3489 4143 3582 4214 qui
3621 4143 3772 4198 illum

2182 4238 2520 4293 labefactent.
2548 4237 2879 4306 Quapropter
2899 4275 2914 4300 ,
2946 4234 3170 4290 obsecro
3196 4276 3211 4300 ,
3243 4235 3460 4288 immota
3486 4246 3540 4294 et
3567 4243 3771 4290 aeterna

2180 4344 2480 4403 quaeramus
2503 4329 2663 4394 bona,
2681 4338 2736 4383 et
2757 4313 2915 4382 vitam
2943 4343 3063 4397 qua:
3085 4326 3215 4381 nulli
3236 4326 3389 4381 senio
3410 4327 3639 4380 obnoxia
3660 4335 3767 4381 est.

2177 4425 2308 4480 Nam
2328 4432 2504 4494 potest
2523 4423 2681 4479 etiam
2710 4423 2771 4484 is,
2791 4423 2880 4492 qui
2912 4421 3197 4475 incivitate
3224 4419 3444 4484 habitat,
3474 4422 3769 4475 monacho.

2176 4532 2293 4570 rum
2341 4514 2730 4586 philusOphiam
2761 4511 2970 4576 ,imitari
3002 4528 3017 4569 ;
3052 4520 3227 4581 putest
3279 4510 3488 4565 etiamsi
3539 4525 3765 4567 uxorem

2175 4608 2368 4663 habent
2394 4617 2448 4662 et
2475 4606 2620 4661 domi
2672 4613 2913 4660 versetur
2933 4646 2947 4670 ,
2979 4603 3226 4672 precari,
3268 4603 3512 4672 jejunare
3533 4641 3552 4668 ,
3606 4616 3761 4656 com-

2174 4699 2353 4769 pungi.
2396 4697 2526 4753 Nam
2556 4708 2610 4751 et
2636 4697 2724 4766 qui
2754 4696 2821 4750 ab
2850 4697 3001 4750 initio
3027 4695 3096 4750 ab
3121 4695 3378 4764 aposmlis
3403 4694 3758 4749 institueban-

2173 4799 2276 4854 tur,
2305 4789 2574 4844 civitatem
2597 4787 2918 4853 incolebant,
2943 4803 3124 4842 eorum
3151 4787 3238 4857 qui
3263 4785 3314 4839 in
3336 4777 3602 4840 desertum
3627 4800 3759 4842 conc-

2170 4890 2443 4938 cosserunt
2471 4881 2720 4949 pietatem
2745 4878 3088 4943 exhibebant,
3121 4893 3218 4932 nec
3262 4892 3368 4932 non
3395 4877 3485 4931 alii
3511 4877 3603 4948 qui
3628 4877 3755 4932 offi-

2167 4973 2302 5028 cinis
2333 4981 2614 5042 praeerant,
2639 4981 2695 5026 ut
2721 4971 2963 5027 Priscilla
2990 4982 3044 5025 et
3068 4969 3256 5040 Aquila
3281 4970 3299 5040 (
3321 4970 3434 5024 Ast.
3464 4971 3586 5043 l8}.
3615 4970 3753 5035 Pro-

2167 5065 2340 5134 phetas
2367 5078 2579 5134 quoque
2605 5077 2812 5127 omnes,
2839 5071 2891 5115 et
2918 5076 3111 5115 uxores
3147 5072 3203 5115 et
3232 5059 3422 5116 domos
3460 5061 3748 5130 habebant,

2166 5167 2222 5210 ut
2253 5156 2435 5221 Isaias,
2475 5154 2744 5221 Ezechiel,
2794 5168 3121 5224 magnusque
3145 5153 3373 5224 Moyses,
3407 5168 3580 5222 neque
3625 5155 3750 5209 inde

2171 5248 2442 5317 quidpiam
2465 5247 2592 5317 ipsis
2615 5247 2792 5301 damni
2808 5245 2874 5300 ad
2909 5245 3155 5300 virtutem
3180 5246 3535 5300 exercendam
3561 5261 3748 5301 acces-

2161 5341 2251 5394 sit.
2299 5338 2406 5393 llos
2433 5348 2488 5393 et
2521 5353 2616 5393 nos
2636 5353 2848 5407 quoque
2865 5325 3157 5403 imitantes,
3181 5351 3396 5406 semper
3417 5335 3526 5391 Deo
3543 5338 3745 5407 gratias

2161 5446 2399 5502 agamus,
2423 5445 2637 5500 semper
2660 5431 2830 5500 ipsum
2854 5429 3066 5501 hymnis
3085 5428 3441 5494 celebremus,
3458 5430 3743 5485 curitinen-

2220 5610 2236 5639 ί
2274 5613 2393 5670 Loco
2417 5619 2584 5670 eorum
2607 5619 2718 5670 qua:
2736 5583 2928 5656 uncinis
2949 5605 3238 5656 clauduntur
3260 5605 3335 5670 sic
3346 5603 3537 5670 legitur
3557 5605 3607 5654 in
3626 5601 3736 5653 Edi-

2254 5675 2303 5717 nt
2319 5666 2687 5720 inueniamnr'in
2704 5676 2954 5729 conspectu
2987 5677 3066 5717 tuo
3088 5666 3424 5729 araeptabiles;
3448 5679 3534 5716 nec
3552 5671 3737 5729 priuare

480 5684 624 5748 dam,
643 5684 918 5758 dicamque
943 5707 954 5742 ε
985 5687 1151 5759 imple
1170 5706 1260 5743 πο.
1283 5688 1477 5760 Spiritu
1500 5701 1668 5744 sane“,
1709 5691 1890 5761 Neque
1909 5694 2048 5746 enim
2155 5670 2189 5721 ti
2254 5670 2614 5738 ntiuueniamnr
2637 5670 2954 5754 inconspectn
2984 5677 3066 5742 tuo
3088 5670 3422 5752 acceptabiles.
3448 5679 3534 5716 nec
3552 5671 3730 5752 pignore

485 5783 652 5802 Mm.
681 5778 794 5802 ηε,
825 5781 1073 5802 -ψὼῄ
1100 5797 1150 5802 η
1186 5797 1363 5802 ημ-
1638 5801 1673 5802 ﬂ
1722 5785 1734 5802 ι
1754 5795 1787 5802 Α
1816 5800 1851 5802 r_
1884 5799 1921 5802 Ar
2153 5683 2438 5802 agamnam
2461 5731 2746 5802 lutet-iusim
2773 5740 2823 5779 et
2847 5745 2893 5778 ιιι
2918 5731 3062 5802 inlitis
3082 5737 3326 5802 etmnss.
3346 5742 3440 5802 non
3467 5741 3630 5788 pauc»
3651 5727 3730 5778 de»

481 5783 656 5848 pulest
678 5778 796 5848 quis
824 5781 1078 5851 przcclarc
1098 5797 1156 5838 se
1182 5797 1390 5855 gerere,
1413 5785 1514 5840 nisi
1535 5785 1605 5841 sit
1624 5785 1858 5859 repletus
1877 5786 2043 5857 gratia
2157 5778 2453 5855 nitemur,
2483 5778 2986 5858 [sanguineam
3007 5791 3445 5844 homoeoteleuton.
