4040 6426
200 375 304 428 549

203 492 441 556 tiamque
468 494 522 540 et
548 484 679 537 alias
711 483 930 533 virtutes
972 480 1231 536 colamus.
1263 485 1423 543 atque
1449 489 1566 528 eam
1591 488 1711 543 qua
1747 472 1803 527 in

207 581 483 638 montibus
507 580 645 647 viget
671 573 1086 645 philosophiam,
1118 571 1169 623 in
1197 569 1440 623 civitates
1464 566 1799 629 inducamus,

209 684 270 729 ut
318 682 377 727 et
404 669 540 741 apud
574 669 738 721 Deum
789 663 1149 732 acceptabiles
1171 672 1225 715 et
1262 658 1569 713 hominibus
1596 655 1802 727 probati

206 763 516 827 videamur,
572 769 626 814 et
670 758 842 812 futura
898 769 1293 824 consequamur
1341 753 1501 817 bona,
1555 750 1722 819 gratia
1751 758 1805 801 et

208 874 1808 912 ____________________.________.___

1345 996 1353 1005 ο
1444 959 1793 1027 HOMILIA
1850 957 2011 1017 LVI.
2050 958 2137 1022 al.
2182 958 2372 1018 LVII.

198 1116 334 1173 CAP.
375 1116 459 1171 16.
492 1132 539 1167 v.
565 1112 655 1168 28.
684 1112 842 1165 Amen
864 1148 880 1176 ,
912 1125 1058 1162 amen
1088 1107 1201 1160 dico
1233 1107 1367 1159 vobis
1392 1146 1405 1168 ,
1434 1112 1551 1157 sunt
1596 1100 1802 1169 quidam

277 1210 342 1263 de
370 1208 450 1260 hic
472 1203 809 1265 adstantibus,
838 1203 922 1271 qui
951 1218 1048 1253 non
1075 1198 1347 1269 gustabunt
1377 1205 1585 1247 mortem
1605 1234 1619 1255 ,
1644 1193 1802 1245 donec

276 1300 492 1355 viderint
521 1295 714 1350 Filium
743 1293 959 1348 hominis
984 1292 1257 1346 venientem
1283 1291 1335 1342 in
1366 1305 1519 1357 regno
1543 1303 1655 1340 suo.

278 1392 332 1446 1.
373 1390 635 1456 Quoniam
666 1386 830 1440 multa
860 1384 927 1439 de
957 1382 1231 1451 periculis,
1263 1381 1329 1435 de
1352 1389 1553 1444 morte,
1579 1378 1646 1432 de
1674 1391 1798 1445 pas-

198 1485 358 1539 sione
377 1498 470 1536 sua
489 1481 735 1551 loquutus
755 1488 853 1541 est,
890 1490 1094 1531 necnon
1126 1474 1195 1528 de
1218 1472 1366 1527 caede
1390 1470 1794 1539 discipulorum,

205 1576 402 1645 illaque
427 1587 612 1641 aspera
641 1572 770 1640 ipsis
798 1570 1070 1641 prmcepit,
1114 1583 1232 1638 qua:
1259 1568 1309 1620 in
1341 1565 1589 1634 prarsenti
1620 1564 1723 1616 vita
1745 1572 1799 1617 et

202 1668 361 1739 quasi
378 1668 431 1721 in
458 1664 701 1719 manibus
721 1672 895 1724 erant,
926 1662 1061 1715 bona
1091 1675 1218 1713 vero
1242 1660 1293 1711 in
1319 1672 1414 1726 spe
1444 1666 1497 1710 et
1517 1663 1797 1724 exspecta-

202 1762 355 1815 tione
381 1776 392 1810 :
418 1768 473 1811 ut
501 1765 616 1811 erat
643 1755 792 1820 illud,
825 1768 920 1808 eos
940 1752 1028 1821 qui
1059 1752 1290 1804 animant
1321 1748 1545 1825 perdunt
1585 1761 1801 1801 servare

205 1867 353 1917 eam,
385 1860 437 1905 et
463 1859 742 1904 venturum
773 1849 945 1917 ipsum
973 1860 1093 1900 esse
1129 1845 1179 1898 in
1214 1843 1437 1913 gloriam
1468 1841 1639 1895 Patris
1678 1841 1758 1893 sui
1784 1881 1798 1906 ,

203 1955 263 2001 et
295 1945 510 2015 przrmia
556 1942 888 1996 redditurum
922 1957 932 1990 :
962 1954 1083 1993 cum
1132 1937 1296 1991 vellet
1337 1950 1430 1989 eos
1469 1936 1585 1987 visu
1640 1933 1800 1987 etiam

204 2037 468 2092 certiores
494 2036 691 2096 facere,
717 2031 1110 2099 ostendereque
1134 2027 1258 2097 quid
1286 2034 1431 2080 esset
1480 2024 1566 2078 illa
1608 2023 1797 2093 gloria,

206 2142 332 2183 cum
382 2141 484 2197 qua
536 2133 792 2179 venturus
841 2129 1015 2183 esset,
1059 2126 1314 2189 quantum
1358 2117 1563 2171 scilicet
1610 2130 1805 2185 capere

209 2229 459 2291 poterant
487 2236 499 2270 :
526 2218 576 2269 in
610 2215 858 2285 pra'tseuti
889 2227 1101 2283 quoque
1136 2211 1240 2263 vita
1269 2210 1411 2263 illam
1439 2207 1709 2272 ostendit,
1749 2215 1805 2261 et

210 2311 442 2372 revelat,
469 2319 612 2361 utne
640 2308 708 2362 de
759 2315 932 2361 morte
972 2320 1089 2368 sua,
1143 2317 1276 2357 neve
1316 2302 1383 2355 de
1416 2300 1624 2354 Domini
1674 2313 1805 2353 nece

208 2402 477 2465 dolerent,
504 2409 558 2455 et
586 2398 815 2453 maxime
839 2398 1028 2451 Petrus
1051 2396 1139 2465 qui
1166 2410 1284 2448 eam
1312 2408 1455 2464 aegre
1484 2391 1706 2447 ferebat.
1737 2390 1805 2445 Et

210 2494 333 2549 vide
361 2493 487 2563 quid
522 2492 696 2555 iaciat,
732 2499 1007 2561 postquam
1054 2488 1123 2543 de
1156 2486 1397 2559 gehenna
1435 2496 1491 2542 et
1533 2487 1600 2541 de
1640 2500 1804 2556 regno

212 2586 465 2655 loquutus
518 2584 707 2638 fuerat.
755 2582 890 2637 Cum
936 2584 1157 2644 diceret,
1204 2581 1303 2647 Qui
1349 2580 1533 2632 invenit
1581 2580 1804 2632 animum

209 2694 360 2732 suam
384 2677 557 2746 perdet
584 2692 715 2737 eam,
747 2685 793 2729 et
816 2676 904 2745 qui
926 2673 1206 2739 perdiderit
1249 2673 1473 2725 animant
1505 2687 1651 2725 suam
1680 2687 1802 2739 pro-

210 2781 324 2842 pter
347 2787 446 2835 me,
473 2770 687 2823 inveniet
707 2785 817 2821 eam
847 2767 1026 2837 (Joan.
1052 2768 1139 2821 η.
1167 2766 1291 2837 25);
1322 2769 1641 2835 iterumque,
1669 2764 1804 2819 Red-

208 2866 295 2918 det
317 2864 583 2933 unicuique
607 2862 880 2915 secundum
918 2878 1073 2931 Opera
1118 2863 1227 2927 ejus
1271 2862 1289 2931 (
1318 2860 1502 2914 Matth.
1531 2859 1618 2914 16.
1640 2858 1709 2912 27
1736 2858 1755 2929 )
1788 2876 1801 2913 :

212 2958 331 3012 inec
360 2958 515 3010 ambo
540 2956 847 3010 declaravit.
875 2955 1075 3009 Etcum
1107 2954 1174 3010 de
1203 2964 1432 3023 utroque
1448 2952 1693 3020 dixisset,
1718 2968 1806 3008 re-

207 3063 375 3117 gnum
400 3047 615 3117 quidem
646 3046 930 3100 videndum
968 3044 1200 3107 exhibet,
1224 3044 1523 3115 gehennam
1550 3059 1680 3099 vero
1706 3045 1808 3099 mi-

213 3140 379 3193 nime.
412 3137 585 3206 Quare
608 3138 631 3190 ?
658 3138 790 3203 Quia
817 3138 859 3191 si
878 3138 965 3190 alii
1005 3136 1200 3191 ibidem
1238 3136 1529 3191 crassiores
1552 3135 1801 3197 fuissent.

212 3233 266 3287 id
290 3242 435 3287 certe
451 3230 811 3286 necessarium
843 3230 1029 3284 [uisset
1055 3247 1068 3293 ;
1101 3228 1223 3298 quia
1254 3242 1381 3283 vero
1429 3228 1501 3281 illi
1538 3237 1691 3282 erant
1714 3242 1806 3281 ac-

207 3325 351 3396 cepti
380 3335 431 3380 et
457 3323 603 3394 probi
634 3324 809 3387 viri,.a
837 3323 990 3377 bonis
1019 3321 1138 3376 illos
1160 3321 1458 3376 conﬁrmat.
1484 3320 1664 3401 Neque
1691 3320 1805 3375 haec

210 3434 320 3473 una
348 3418 459 3472 sola
490 3432 648 3472 causa
693 3417 786 3470 luit
833 3415 947 3469 hazc
977 3414 1408 3475 demonstrandi;
1440 3413 1533 3466 sed
1580 3412 1701 3482 quia
1751 3413 1801 3465 id

208 3510 313 3565 sibi
343 3510 745 3563 conveniendus
772 3516 908 3561 erat.
941 3507 1050 3561 Nec
1081 3517 1255 3560 tamen
1291 3506 1431 3559 illam
1470 3504 1629 3560 aliam
1676 3520 1800 3575 par-

210 3616 320 3656 tem
359 3603 722 3671 praetermisit;
770 3600 862 3655 sed
907 3616 1051 3674 sa'pe
1098 3616 1185 3655 res
1230 3600 1346 3654 illas
1390 3598 1454 3653 ad
1502 3598 1801 3670 gehennam

208 3703 518 3765 speetantcs
549 3693 661 3749 fere
687 3694 786 3747 sub
811 3694 980 3748 oculis
1008 3694 1191 3761 ponit;
1224 3703 1281 3747 ut
1302 3708 1423 3745 cum
1453 3692 1641 3765 Largiri
1669 3692 1802 3747 ima-

203 3787 386 3856 ginem
433 3786 660 3849 induttit,
686 3794 741 3840 et
770 3801 889 3839 cum
940 3786 1255 3839 memoravit
1284 3800 1427 3841 eum.
1458 3784 1546 3853 qtti
1586 3792 1799 3838 centum

204 3879 459 3933 denarios
486 3886 757 3948 exegerat,
786 3888 946 3949 atque
969 3878 1212 3932 meminit
1240 3877 1383 3931 illius
1402 3918 1415 3936 .
1439 3877 1528 3946 qui
1569 3876 1801 3932 sordidis

202 3983 321 4027 erat
346 3972 563 4025 indutus
594 3971 851 4035 vestibus,
881 3970 1217 4041 aliorumque
1240 3970 1589 4039 plurimorttm
1628 3968 1796 4045 (Luc.

205 4064 296 4119 ili.
322 4061 503 4116 Matth.
526 4062 608 4118 l8.
628 4073 673 4115 et
696 4062 813 4132 22).
850 4061 1001 4131 (Cap.
1050 4064 1133 4118 17.
1160 4062 1251 4133 )l.
1274 4062 1341 4115 Et
1362 4072 1473 4132 post
1494 4063 1803 4123 diessexas-

201 4157 356 4210 sumit
402 4155 611 4209 Petrum
634 4198 648 4218 ,
679 4165 726 4208 et
749 4154 1028 4221 Iacobum,
1074 4165 1120 4208 et
1158 4154 1430 4210 Joannem.
1469 4158 1619 4211 Alius
1645 4172 1793 4223 vero,

199 4249 332 4301 Post
354 4249 467 4302 dies
488 4259 610 4302 octo
633 4245 781 4319 (Luc.
806 4247 857 4302 9.
883 4247 1012 4316 28),
1044 4248 1149 4311 ait,
1174 4263 1345 4317 neque
1370 4247 1494 4303 huic
1526 4251 1797 4304 centradi-

198 4343 296 4405 cit,
326 4339 418 4393 sed
463 4354 583 4393 cum
626 4338 715 4392 illo
765 4338 917 4392 valde
955 4340 1239 4393 consentit.
1282 4339 1415 4393 Nam
1470 4341 1607 4395 alius
1653 4341 1795 4398 diem

200 4432 369 4497 illaut,
400 4431 450 4483 in
480 4445 579 4499 qua
612 4430 862 4500 loquutus
891 4439 993 4494 est,
1023 4440 1319 4493 enumerat,
1358 4431 1592 4507 itemque
1623 4432 1791 4509 illam,

200 4526 252 4574 in
276 4537 379 4592 qua
411 4520 624 4575 reduxit
652 4537 745 4575 eos
770 4538 785 4587 ;
815 4522 952 4574 alius
978 4537 1104 4575 vero
1124 4522 1467 4577 intermedias
1495 4524 1665 4577 solum
1692 4514 1794 4594 pu-

195 4614 323 4666 suit.
356 4611 435 4665 Tu
465 4626 589 4666 vero
609 4612 1002 4666 animadvertas
1026 4613 1184 4667 velim
1216 4614 1485 4683 quomodo
1516 4614 1794 4671 Matthants

199 4704 608 4774 philosophetur
656 4704 752 4773 (a),
797 4704 923 4757 dum
956 4719 1050 4757 eos
1076 4720 1182 4757 non
1215 4712 1353 4759 tacet
1389 4706 1476 4775 qui
1509 4705 1607 4759 sibi
1636 4716 1791 4763 ante-

200 4795 359 4863 positi
391 4795 626 4849 fuerunt.
661 4794 772 4850 Hoc
826 4807 879 4849 et
930 4794 1165 4849 Joannes
1204 4811 1348 4866 saepe
1397 4797 1539 4863 facit,
1568 4799 1793 4853 eximias

197 4890 344 4945 Petri
377 4888 562 4943 laudes
589 4888 992 4944 accuratissime
1015 4888 1345 4943 describens.
1386 4890 1517 4945 Nam
1551 4892 1716 4948 livore
1739 4901 1793 4948 et

196 4982 397 5039 invidia
418 4996 618 5039 vacuus
659 4996 873 5052 semper
916 4992 1034 5037 erat
1079 4982 1271 5037 horum
1312 4995 1619 5039 sanctorum
1662 4986 1792 5041 clio-

197 5092 309 5133 I'US.

265 5168 675 5238 Transﬁguratio
734 5166 943 5223 Christi.
967 5197 1041 5210 --
1066 5168 1371 5238 Assumptis
1410 5170 1589 5240 itaque
1628 5184 1787 5251 cory-

194 5261 383 5331 pbmis,
416 5259 578 5314 Duxit
605 5259 721 5313 illos
745 5260 799 5313 in
840 5270 1057 5313 montem
1088 5260 1342 5313 excelsum
1385 5276 1628 5325 seorsum,
1659 5260 1713 5318 2.
1741 5272 1789 5315 et

191 5355 588 5425 transﬁguratus
638 5361 711 5406 est
746 5361 864 5417 ante
901 5369 982 5406 eos
1015 5368 1031 5404 :
1064 5360 1107 5405 ct
1149 5352 1464 5421 resplenduit
1493 5353 1650 5420 [acies
1677 5355 1787 5423 ejus

192 5447 319 5499 sicut
340 5446 438 5510 sol,
479 5430 776 5499 vestimenta
805 5453 973 5497 autem
1012 5444 1123 5513 ejus
1166 5448 1302 5512 facta
1342 5453 1459 5503 sunt
1498 5444 1615 5497 alba
1656 5446 1786 5498 sicut

189 5536 298 5589 nix.
325 5536 375 5589 5.
406 5534 474 5588 Et
501 5550 613 5589 ecce
640 5544 985 5604 apparuerunt
1010 5536 1080 5586 eis
1109 5532 1310 5604 Moyses
1338 5545 1384 5587 et
1408 5534 1551 5588 Elius
1577 5535 1785 5609 loquen-

190 5636 264 5679 tes
296 5642 411 5678 cum
453 5626 583 5696 ipso.
627 5624 737 5680 Cur
785 5623 882 5679 hos
920 5625 1115 5711 accipit
1166 5624 1361 5680 solos?
1407 5628 1539 5695 Quia
1580 5626 1634 5685 hi
1664 5627 1783 5685 aliis

253 5758 328 5821 (a)
360 5757 680 5829 t‘hilosophari
706 5757 830 5820 apud
854 5756 1243 5820 (‘Jtrysostomutn
1265 5760 1329 5810 de
1346 5760 1605 5824 cujuslibet
1630 5761 1783 5811 virtu~

188 5824 253 5877 tis
273 5824 503 5870 exercitio
526 5824 717 5867 dicitur.

507 5915 781 5979 ΡΑτιιοι..
832 5917 949 5978 (in.
1000 5921 1221 5987 Li'iil.

1282 363 1345 418 ibi
1382 359 1792 419 MATTHEUM
1834 359 2060 416 llUililL.
2106 357 2239 415 LVI.
2270 357 2341 414 si.
2373 356 2529 415 LVII.

1841 869 2934 891 ------------------,----------------η-.-Δ

3418 359 3521 418 52.6

1908 471 2233 541 benignitate
2263 469 2476 525 Domini
2519 468 2689 523 nostri
2740 467 2864 522 Jesu
2910 465 3129 529 Christi.
3157 481 3254 536 per
3280 481 3438 535 quem
3466 480 3521 526 et

1908 580 2027 621 cum
2053 580 2159 635 quo
2182 564 2326 619 Patri
2352 562 2543 633 gloria,
2573 562 2767 626 honor,
2789 562 3095 635 imperium,
3125 575 3228 619 una
3246 574 3371 617 cum
3398 573 3521 614 san-

1909 667 1997 710 cto
2024 664 2077 709 et
2109 654 2318 709 viviﬂco
2346 653 2571 722 Spiritu,
2606 668 2747 708 nunc
2768 661 2825 710 et
2850 668 3067 727 semper
3092 696 3107 721 ,
3136 662 3191 710 et
3219 668 3273 709 nt
3323 653 3521 719 saecula

1910 748 2253 801 saeculorum.
2285 746 2478 817 Amen.

3346 884 3517 900 --———‘

1908 1099 2310 1165 praestantiores
2336 1112 2530 1166 erant;
2562 1103 2751 1159 Petrus
2780 1108 2922 1176 quod
2953 1109 3242 1167 admodum
3270 1111 3517 1186 diligeret

1905 1187 2200 1256 Christum,
2252 1190 2375 1246 ideo
2424 1195 2848 1263 praeminebat;
2893 1199 3132 1258 Joannes
3162 1206 3309 1275 quod
3358 1206 3518 1263 valde

1907 1282 2250 1351 diligeretur;
2278 1284 2513 1342 Iacobus
2550 1303 2617 1343 ex
2662 1303 2757 1344 sua
2789 1306 2911 1347 cum
2942 1292 3110 1352 fratre
3138 1301 3514 1368 responsione,

1904 1373 2121 1441 quando
2140 1374 2292 1440 dixit,
2317 1375 2603 1437 Possumus
2623 1380 2791 1436 bibere
2813 1386 3025 1441 calicem
3046 1387 3263 1459 (Matth.
3286 1391 3378 1449 20.
3395 1392 3512 1465 22);

1905 1478 2079 1535 neque
2105 1466 2174 1520 ab
2200 1465 2299 1521 bac
2325 1471 2677 1538 responsione
2704 1474 2908 1537 solum;
2942 1479 3036 1532 sed
3058 1481 3216 1539 etiam
3245 1499 3312 1537 ex
3338 1486 3521 1553 «ψει-ἑο

1912 1554 2030 1619 bus,
2057 1565 2165 1609 tum
2184 1557 2323 1623 aliis,
2358 1568 2467 1613 tum
2493 1562 2635 1631 quod
2665 1565 2965 1635 impleverit
2992 1569 3041 1623 id
3071 1575 3212 1644 quod
3258 1574 3471 1633 dixerat
3500 1594 3515 1643 ;

1906 1647 2104 1740 Judaeis
2128 1651 2325 1720 quippe
2355 1652 2426 1707 ita
2472 1669 2596 1709 acer
2622 1665 2677 1711 et
2706 1659 3001 1719 vehemens
3046 1678 3169 1719 esse
3200 1668 3509 1740 videbatur,

1910 1747 1967 1791 ut
1996 1738 2237 1796 Herodes
2268 1758 2462 1799 munus
2494 1747 2789 1811 maximum
2834 1767 2894 1806 se
2926 1754 3275 1822 praebiturum
3313 1738 3516 1821 Judzeis

1909 1840 2139 1900 putaret,
2164 1834 2207 1888 si
2232 1834 2379 1890 illum
2413 1840 2686 1895 occideret
2726 1843 2745 1913 (
2776 1844 2892 1900 Act.
2920 1846 3008 1901 i2.
3042 1850 3067 1905 1
3108 1849 3147 1919 ).
3182 1851 3289 1908 Cur
3332 1863 3514 1914 autem

1911 1938 2015 2018 non
2038 1925 2215 2018 statim
2246 1926 2366 1982 illos
2395 1943 2577 1985 secum
2609 1934 2864 1990 adducit?
2901 1938 2980 1995 Ne
3026 1942 3217 2014 reliqui
3264 1945 3508 2018 discipuli

1909 2014 2105 2086 aliquid
2136 2017 2426 2075 humanum
2452 2034 2779 2092 paterentur.
2810 2029 2936 2090 ideo
2958 2050 3025 2089 ne
3052 2037 3268 2096 nomina
3296 2014 3514 2113 quidem

1910 2121 2095 2163 eorum
2124 2113 2347 2180 protulit
2391 2116 2480 2184 qui
2513 2122 2790 2175 ascensuri
2830 2135 3008 2181 erant.
3056 2127 3189 2185 Nam
3227 2131 3514 2195 admodum

1910 2196 2312 2296 desiderassent
2331 2208 2513 2261 caeteri
2543 2208 2816 2267 Christdm
2862 2218 3035 2288 sequi,
3063 2230 3263 2280 tantam
3290 2225 3515 2296 gloriam

1912 2292 2097 2357 visuri,
2121 2304 2175 2349 et
2202 2304 2473 2367 tamquam
2504 2302 2733 2372 neglecti
2764 2308 3081 2367 doluisseut.
3115 2292 3339 2375 Etiamsi
3370 2324 3515 2378 enim

1912 2383 2020 2481 hoe
2057 2391 2408 2481 corporaliter
2449 2398 2681 2455 maxime
2730 2415 3008 2464 ostensum
3046 2408 3229 2479 fuerit,
3281 2424 3517 2481 attamen

1912 2477 2428 2579 multum-desiderii
2474 2486 2525 2542 id
2571 2490 2861 2550 intulisset.
2908 2497 3020 2555 Cur
3066 2477 3244 2561 autem
3282 2507 3333 2564 id
3380 2477 3518 2579 prte-

1909 2568 2084 2625 dixit?
2134 2572 2202 2629 Ut
2257 2580 2552 2646 paratiores
2605 2595 2661 2639 et
2710 2595 3015 2656 prmmoniti
3057 2596 3199 2656 circa
3256 2568 3516 2675 visidnent

1910 2675 2203 2771 essent,“
2239 2672 2605 2771 pnedicdone,
2644 2690 2696 2735 et
2723 2696 2788 2737 ex
2819 2684 3027 2743 dierum
3050 2682 3278 2749 numero
3304 2672 3518 2771 cupidis

1913 2764 2021 2856 tate
2046 2758 2261 2815 videndi
2283 2764 2555 2832 ardentes,
2587 2770 2667 2825 sic
2696 2773 2840 2845 vigili
2881 2789 2935 2835 et
2962 2787 3191 2842 sollicita
3216 2758 3396 2849 mente
3424 2758 3517 2856 ac.

1909 2848 2185 2947 cederent.
2234 2856 2342 2911 Cur
2370 2869 2549 2916 autem
2592 2864 2813 2941 Moysen
2859 2881 2916 2928 et
2960 2875 3129 2935 Eliam
3162 2856 3232 2941 ‘in
3280 2848 3517 2947 medium

1910 2940 2168 3049 adducit?
2194 2947 2373 3049 blatta:
2398 2967 2618 3021 possent
2642 2940 2822 3017 aiferri
2852 2980 3053 3035 causae,
3086 2986 3311 3042 quarum

1912 3032 2027 3133 luce
2047 3044 2130 3090 est
2161 3040 2337 3133 :Quia
2375 3045 2555 3131 turbae.
2574 3050 2847 3119 dicebant,
2873 3058 2962 3113 alii
2985 3032 3155 3119 Eliain
3178 3107 3193 3133 ,
3223 3068 3312 3123 alii

1910 3126 2245 3223 tniantpalii
2296 3150 2459 3190 unum
2509 3126 2752 3201 veterum
2809 3126 3192 3223 prophetarum
3240 3126 3515 3222 Christum

1909 3232 2031 3324 esse
2059 3221 2289 3324 ('Matth.
2315 3228 2409 3324 ‘16.
2442 3232 2508 3285 M
2533 3232 2574 3305 ),
2608 3234 2729 3291 ideo
2761 3238 2883 3297 illos
2912 3221 3021 3315 qui
3064 3251 3319 3324 praecipui
3363 3272 3518 3320 erant

1909 3311 2146 3416 adducit,
2187 3327 2243 3371 ut
2272 3319 2399 3375 hinc
2449 3324 2721 3384 videretur
2746 3311 3004 3403 quantum
3029 3311 3320 3403 discrimen

1910 3416 2097 3501 servos
2122 3407 2261 3463 inter
2280 3420 2333 3464 et
2364 3412 2674 3486 Dominum,
2710 3438 2773 3478 ac
2801 3435 2948 3482 recte
2965 3429 3187 3489 Petrum
3217 3407 3515 3501 fuisse

1908 3493 2111 3595 datum,
2147 3501 2288 3568 quod
2321 3503 2492 3569 ipsum
2524 3524 2644 3564 esse
2676 3511 2767 3568 Dei
2803 3512 2995 3575 Filium
3037 3493 3512 3594 confessusessdt.

1910 3584 2066 3694 aliud
2113 3603 2329 3694 quoque
2375 3595 2683 3656 addendum
2737 3611 2991 3678 suppetit.
3042 3614 3177 3683 Quia
3205 3584 3515 3694 frequentet-

1908 3683 2081 3779 ipsum
2136 3683 2455 3779 arguebant,
2496 3694 2637 3759 qttod
2693 3694 2861 3767 legem
2920 3683 3410 3779 trausgredereiur,
3459 3683 3516 3779 et

1908 3768 2277 3871 blasphemum
2306 3776 2479 3846 ipsum
2513 3760 2771 3851 putabani
2798 3805 2919 3847 esse
2940 3835 2954 3860 ,
2988 3760 3376 3871 quia
3394 3760 3516 3866 '9;

1909 3859 2006 3965 tris
2056 3863 2186 3917 nihil
2226 3868 2388 3965 adse
2446 3875 2802 3940 pertinentem
2852 3859 2953 3939 sibi
3003 3859 3509 3965 vindicaretidicea-

1908 3950 2139 4048 hautque
2172 3974 2185 4008 :
2219 3956 2318 4011 Hic
2347 3978 2447 4017 non
2480 3976 2553 4019 est
2581 3985 2613 4021 a
2642 3967 2772 4038 Deo,
2806 3976 2929 4039 quia
2950 3950 3217 4039 sabbatum
3248 3950 3350 4046 non

1905 4053 1985 4095 vat
2013 4044 2187 4113 (Joau.
2213 4049 2267 4105 9.
2294 4052 2415 4121 i6);
2454 4071 2517 4112 ac
2555 4074 2791 4129 rursum,
2820 4066 2901 4121 De
2934 4069 3065 4126 bona
3104 4044 3512 4138 operevnonﬂla-

1905 4138 2144 4241 pidantus
2176 4152 2255 4241 te,
2286 4147 2375 4199 sed
2396 4149 2460 4201 de
2489 4148 2829 4231 blasphemia,
2860 4172 2905 4215 et
2941 4166 3063 4235 quia
3102 4177 3157 4221 tu
3183 4211 3196 4235 ,
3226 4174 3377 4230 homo
3396 4194 3511 4232 cum

1902 4234 1992 4336 sis,
2018 4234 2145 4301 facis
2173 4235 2389 4305 teipsum
2423 4238 2583 4295 Deum
2613 4245 2793 4317 (Joan.
2832 4254 2915 4307 10.
2943 4256 3036 4325 35)
3060 4274 3071 4309 :
3099 4270 3153 4315 ttt
3174 4269 3510 4336 ostendat-tr.

1904 4322 2041 4381 hanc
2068 4337 2351 4400 utramque
2380 4334 2812 4397 criminationem
2857 4362 2924 4401 ex
2971 4322 3169 4409 invidia
3219 4322 3507 4428 proﬁcgg:

1901 4427 1953 4471 et
1981 4433 2039 4472 se
2071 4428 2295 4523 utraque
2341 4425 2393 4479 in
2435 4444 2495 4483 re
2524 4429 2790 4490 insontem
2840 4454 2991 4509 esse;
3025 4460 3200 4517 neque
3221 4425 3307 4507 _se
3335 4425 3507 4526 legem

1895 5080 2035 5172 stem
2070 5071 2186 5172 ejus
2214 5075 2305 5172 qui
2331 5076 2502 5148 legem
2529 5080 2773 5144 dederat.
2806 5088 2953 5146 Elias
2980 5071 3253 5169 verm-qui
3280 5117 3379 5172 pro
3409 5105 3502 5161 Dei
3527 5076 3537 5091 '

1892 5160 2204 5265 gloria‘zelo
2231 5166 2416 5235 plenus
2438 5182 2573 5237 erat,
2599 5176 2642 5229 si
2672 5177 2783 5234 Deo
2812 5160 3156 5251 adversarius
3179 5160 3501 5265 iilei’uisset,

1895 5252 1938 5307 si
1967 5268 2026 5307 se
2054 5255 2220 5360 Deum
2252 5268 2305 5312 et
2334 5263 2471 5329 patri
2519 5268 2783 5336 :equaletn
2828 5273 2967 5329 falso
3016 5278 3264 5351 dixisset,
3292 5252 3501 5360 nequa:

1892 5360 2051 5413 quam
2080 5347 2359 5407 adfuturus
2388 5363 2442 5408 et
2470 5355 2544 5410 illi
2577 5358 2976 5434 obsequuturus
2999 5368 3207 5429 fuisset.

1964 5438 2036 5538 2._
2059 5436 2164 5538 Cur
2193 5439 2397 5538 Moyses
2423 5456 2471 5498 et
2496 5446 2642 5503 Elias
2675 5457 3118 5533 transﬁgurationt'
3135 5466 3494 5538 interitu-nuit.

1894 5526 2036 5583 Petri
2082 5532 2331 5588 miracula
2382 5538 2549 5593 orbem
2602 5551 2765 5601 totum
2811 5526 3181 5613 cdnaerterunt.
3359 5526 3497 5621 Cum

2073 5626 2235 5721 dictis
2262 5630 2429 5686 altera
2453 5643 2538 5689 est
2560 5637 2741 5696 adhuc
2769 5639 2997 5701 dicenda
3020 5662 3205 5704 causa.
3233 5653 3493 5721 Quaenam

1892 5716 2019 5775 illa?
2045 5719 2116 5777 Ut
2161 5722 2433 5781 discerent
2462 5742 2585 5784 eum
2616 5742 2672 5787 et
2697 5734 2819 5790 vita;
2854 5746 2910 5791 et
2954 5741 3145 5796 mortis
3174 5716 3495 5814 potestatem

1891 5816 2111 5886 habere,
2142 5836 2203 5878 ac
2227 5820 2532 5879 ecclestibus
2547 5823 2748 5894 pariter
2768 5835 2930 5900 atque
2948 5836 3180 5890 terrenis
3197 5838 3490 5908 imperare.
