4040 6424
623 361 716 416 551
730 393 744 420 υ

621 477 959 546 Quapropter
983 481 1034 526 et
1058 484 1177 525 eum
1200 509 1214 534 ,
1243 468 1333 540 qui
1373 477 1613 534 mortuus
1649 473 1766 521 erat
1786 508 1802 532 ,
1831 473 1886 520 et
1910 477 2031 521 eum
2055 501 2073 530 ,
2101 461 2191 533 qui

623 565 858 623 nondum
884 561 1107 626 obierat,
1141 561 1193 614 iu
1221 557 1452 614 medium
1498 557 1730 618 adducit.
1762 554 2010 624 Quintam
2060 567 2190 608 cau-

622 647 734 714 sam
769 635 913 725 (nam
942 662 1088 710 certe
1131 652 1313 724 quinta
1342 665 1567 706 numero
1587 651 1690 720 est)
1712 649 1874 702 aﬁert
1910 645 2186 715 evangeli-

619 758 722 801 sta.
743 748 996 814 Quantam
1034 743 1121 799 illa
1142 742 1263 799 est?
1298 741 1366 798 Ut
1398 742 1573 796 crucis
1609 738 1828 810 gloriam
1860 736 2186 798 ostenderet,

619 840 943 908 Petrumque
992 851 1056 890 ac
1091 835 1325 904 reliquos
1361 833 1653 894 solaretur,
1681 828 1769 899 qui
1801 827 2098 898 passionem
2126 825 2204 879 ti--

623 927 858 993 luebant,
889 927 1231 996 ipsorumque
1271 923 1477 977 animos
1519 921 1762 988 erigeret.
1791 916 1922 972 Nam
1948 931 2068 970 cum
2093 914 2188 969 illo

621 1019 982 1080 advenissent,
1014 1032 1120 1072 non
1148 1014 1414 1080 tacebant,
1433 1011 1525 1069 sed
1556 1009 1905 1081 loquebantur
1934 1007 2003 1064 de
2021 1007 2186 1077 gloria

589 1112 593 1117 ’
623 1122 782 1178 quam
815 1109 832 1141 ⁸
858 1107 1219 1176 completurus
1245 1110 1357 1159 erat
1385 1103 1438 1157 in
1475 1099 1768 1158 Jerusalem
1796 1097 1946 1168 (Luc.
1978 1096 2028 1153 9.
2061 1097 2184 1166 3i);

622 1199 674 1255 id
695 1208 799 1268 est,
827 1198 896 1254 de
922 1198 1168 1269 passione
1194 1205 1248 1251 et
1271 1208 1466 1260 cruce;
1492 1193 1572 1249 sic
1597 1192 1739 1247 enim
1769 1191 1938 1261 ipsam
1975 1201 2187 1255 semper

619 1293 837 1336 vocaut.
865 1281 1050 1350 Neque
1067 1284 1191 1335 hinc
1221 1290 1425 1335 tantum
1449 1281 1570 1334 illos
1600 1280 1821 1341 excitat,
1855 1277 1948 1334 sed
1980 1291 2045 1330 ex
2075 1277 2192 1346 ipsa

620 1369 864 1424 virorum
886 1370 1104 1432 virtute,
1124 1382 1287 1439 quam
1303 1367 1418 1439 ipse
1435 1367 1491 1422 in
1507 1367 1620 1422 illis
1635 1365 1871 1421 maxime
1891 1362 2190 1436 qucrebat.

618 1469 747 1536 Quia
773 1468 914 1524 enim
941 1457 1174 1533 dixerat,
1220 1467 1417 1540 Siquis
1454 1467 1562 1523 vult
1587 1473 1701 1537 post
1736 1481 1816 1520 nte
1841 1464 2020 1523 uenire.
2044 1462 2190 1516 tollat

619 1575 818 1613 erucem
845 1574 989 1612 suam
1032 1567 1082 1612 et
1123 1567 1358 1629 sequatur
1396 1572 1491 1623 me,
1520 1570 1646 1622 eos,
1686 1553 1806 1626 qui'
1821 1567 1914 1622 pro
1957 1551 2048 1606 Dei
2092 1551 2187 1606 be-

621 1650 906 1720 neplacito,
933 1658 987 1704 et
1007 1664 1103 1720 pro
1132 1649 1231 1706 sibi
1257 1649 1544 1705 commisso
1587 1647 1780 1717 populo
1814 1645 1958 1700 mille
1987 1652 2186 1698 mortes

620 1740 880 1807 obierant,
913 1739 963 1803 in
985 1739 1214 1796 medium
1243 1737 1476 1794 adducit.
1500 1736 1736 1807 Uterque
1782 1736 1924 1791 enim
1954 1733 2184 1789 animam

620 1830 871 1901 perdidit,
905 1840 956 1886 et
983 1831 1181 1884 invenit
1223 1844 1360 1885 eam.
1399 1827 1633 1897 Uterque
1672 1836 1856 1881 contra
1903 1833 2183 1896 tyrannum

617 1934 925 1993 constanter
960 1937 1021 1977 ac
1053 1922 1218 1993 libere
1260 1920 1437 1986 stetit;
1492 1919 1581 1974 ille
1627 1927 1812 1974 contra
1851 1914 2185 1986 Egyptium,

621 2017 706 2070 hic
727 2026 910 2074 contra
961 2014 1259 2077 Achabum,
1292 2012 1446 2080 idque
1493 2025 1590 2079 pro
1613 2012 1830 2080 ingratis
1867 2018 1921 2064 et
1969 2008 2182 2071 inobse-

618 2107 903 2179 quentitus
934 2089 1256 2160 hominibus.
1287 2104 1350 2159 Et
1378 2105 1445 2160 ah
1475 2105 1559 2169 iis,
1587 2117 1812 2190 quorum
1855 2101 2009 2156 saluti
2033 2099 2184 2154 advi-

619 2195 870 2268 gilabant,
900 2199 949 2250 in
1004 2206 1297 2251 extremum
1341 2195 1445 2251 acti
1491 2202 1614 2250 sunt
1666 2191 1978 2263 periculum,
2027 2199 2187 2261 atque

621 2299 840 2357 uterque
871 2298 927 2343 ut
981 2288 1098 2342 illos
1146 2287 1213 2342 ab
1255 2286 1550 2342 idololatria
1584 2286 1912 2348 retraheret;
1943 2293 2000 2340 et
2028 2283 2186 2338 ambo

618 2379 803 2449 privati
828 2377 1068 2432 homines
1095 2392 1214 2432 esse
1240 2375 1554 2432 videbantur
1578 2393 1591 2428 :
1617 2374 1702 2430 ille
1727 2375 1901 2444 lingua
1929 2373 2109 2428 tardus
2133 2380 2188 2428 et

618 2467 741 2523 exili
769 2483 901 2523 voce
920 2473 1071 2532 erat;
1097 2467 1182 2522 hic
1215 2466 1438 2536 agrestis
1467 2465 1566 2520 viri
1594 2478 1745 2520 more
1770 2464 1958 2533 agebat
1985 2479 2000 2516 :
2030 2465 2188 2516 ambo

618 2567 874 2631 pauperes
900 2558 1183 2613 admodum
1209 2543 1364 2612 erant
1395 2572 1408 2610 :
1439 2570 1559 2609 nam
1591 2569 1765 2624 neque
1797 2553 2006 2623 Moyses
2026 2551 2184 2622 quid-

621 2653 758 2722 piam
783 2649 1108 2721 possidebat,
1133 2663 1305 2719 neque
1330 2647 1541 2713 Helias;
1574 2644 1740 2717 (quid
1939 2642 2057 2713 plus
2087 2641 2186 2698 Ita-

619 2743 752 2812 butt,
777 2757 933 2813 quam
961 2739 1270 2812 meloten?)
1307 2749 1362 2796 et
1411 2739 1526 2795 haec
1574 2739 1626 2794 in
1671 2735 1837 2794 veteri
1881 2735 2019 2806 lege,
2067 2749 2186 2790 cum

618 2833 851 2891 nondum
931 2840 1130 2888 tantam
1190 2831 1459 2903 signorum
1515 2828 1762 2901 'gratiam
1838 2825 2185 2896 accepissent.

621 2924 836 2981 Etiamsi
859 2924 999 2978 enim
1026 2921 1233 2993 lloyses
1257 2922 1406 2977 mare
1429 2919 1686 2986 diviserit,
1715 2927 1771 2973 at
1799 2917 1987 2974 Petrus
2026 2931 2188 2988 super

617 3030 781 3086 aquas
804 3015 1112 3081 ambulavit,
1140 3023 1195 3069 et
1220 3019 1432 3068 montes
1459 3011 1745 3067 transferre
1768 3016 1977 3080 poterat
1997 3048 2013 3074 ,
2043 3022 2189 3064 mor.

617 3106 714 3162 hos
732 3108 903 3162 omnis
930 3105 1141 3176 generis
1167 3101 1408 3168 curabat,
1432 3100 1635 3158 feroces
1660 3101 1934 3158 damonas
1956 3098 2187 3170 fugabat,

619 3211 910 3269 magnaque
959 3195 1046 3251 illa
1094 3194 1331 3266 prodigia
1371 3208 1468 3263 per
1519 3192 1762 3248 umbram
1827 3190 2067 3259 corporis
2105 3190 2188 3245 sui

618 3289 827 3351 edebat,
861 3296 1136 3356 totumque
1179 3284 1365 3342 orbein
1394 3285 1677 3344 convertit.
1733 3282 1790 3339 Si
1836 3290 2014 3338 autem
2045 3280 2189 3335 Elias

619 3385 886 3435 mortuum
942 3376 1254 3444 suscitavit;
1299 3385 1354 3432 at
1395 3375 1472 3432 illi
1517 3384 1797 3432 sexcentos
1841 3373 2186 3438 suscitarunt,

616 3471 824 3526 etiamsi
851 3470 1085 3527 nondum
1125 3468 1383 3541 Spiritum
1408 3477 1647 3526 sanctum
1689 3469 2035 3538 accepissent.
2067 3466 2190 3523 illos

621 3568 795 3635 itaque
840 3563 940 3619 hac
985 3562 1056 3620 de
1102 3577 1258 3619 causa
1310 3562 1364 3618 in
1414 3561 1649 3619 medium
1690 3559 1908 3615 adduxit
1939 3577 1954 3615 :
1981 3559 2192 3615 volebat

619 3656 1072 3726 cnim-discipulos
1101 3669 1289 3711 eorum
1321 3653 1387 3710 ad
1437 3654 1688 3725 pupulum
1729 3651 2030 3708 ducendum
2078 3663 2190 3707 stu-

617 3746 762 3801 dium
790 3746 1004 3811 imitari,
1037 3732 1246 3802 illorun.
1272 3746 1648 3811 constantiam,
1676 3744 1977 3799 ﬁrmitatem
2008 3757 2190 3800 :esse-

617 3851 719 3907 quc
745 3837 919 3902 mites,
955 3844 1012 3891 ut
1039 3835 1245 3910 Moyses
1275 3848 1405 3903 erat,
1457 3837 1573 3894 zelo
1611 3837 1800 3908 plenos
1826 3845 1881 3894 ut
1918 3837 2083 3903 Elias,
2109 3838 2187 3894 si-

619 3926 918 4000 militerque
955 3927 1230 3983 sollicitos.
1269 3927 1422 3985 Alter
1450 3929 1593 3985 enim
1647 3929 1959 3985 triennalem
1992 3929 2183 3985 famem

619 4020 737 4075 tulit
763 4030 978 4092 propter
1003 4021 1254 4095 populum
1277 4021 1550 4079 indaicum
1575 4040 1590 4089 ;
1622 4025 1758 4080 alter
1784 4038 1911 4078 vero
1938 4023 2183 4080 diccbat:

621 4109 680 4164 Si
702 4108 900 4180 quidem
929 4110 1138 4169 dimittis
1161 4114 1286 4181 ipsis
1321 4122 1597 4184 peccatum,
1623 4116 1818 4171 dimitts
1833 4132 1854 4181 ;
1881 4117 1959 4171 sin
1984 4119 2185 4188 minus,

619 4201 730 4255 dels
756 4211 834 4257 nte
858 4202 920 4257 de
940 4201 1066 4258 libro
1093 4220 1241 4273 quem
1267 4205 1510 4277 scripsisti
1540 4204 1561 4277 (
1584 4205 1750 4261 Exod.
1782 4207 1869 4264 52.
1897 4207 1968 4266 32
1994 4208 2035 4280 ).
2066 4210 2191 4266 Haec

618 4293 794 4347 omnia
824 4294 953 4364 ipsis
979 4309 1073 4363 per
1095 4293 1230 4351 hanc
1253 4296 1509 4360 visionem
1539 4298 1592 4353 in
1615 4308 1848 4354 mentem
1879 4300 2187 4356 revocabat.

619 4383 747 4438 Nam
779 4385 830 4439 in
860 4385 1079 4454 gloriam
1112 4387 1254 4441 illam
1284 4386 1504 4444 adduxit
1537 4391 1714 4459 ipsos;
1761 4407 1866 4447 non
1892 4401 1953 4448 ut
1982 4395 2034 4448 in
2082 4393 2189 4450 illis

618 4484 836 4544 starent,
867 4477 959 4532 scd
991 4487 1050 4533 ut
1077 4488 1365 4534 scammata
1396 4481 1740 4537 transilirent.
1767 4482 1989 4553 Quando
2018 4485 2180 4555 igitur

620 4569 884 4633 dixerunt,
910 4568 1152 4625 Dicamus
1188 4571 1354 4642 ignem
1381 4572 1444 4628 de
1469 4572 1596 4645 calo
1614 4574 1931 4643 descendere,
1977 4588 2033 4634 et
2059 4579 2192 4636 Elite

623 4657 1050 4724 recordatl'sunt,
1075 4662 1162 4730 qui
1196 4662 1297 4717 hoc
1322 4661 1541 4729 fecerat,
1569 4669 1644 4720 ait
1664 4666 1770 4722 illis
1797 4685 1812 4723 :
1845 4667 2063 4726 Nescitis
2093 4689 2182 4727 cst-

619 4751 700 4818 jtts
725 4749 933 4816 spiritus
956 4749 1064 4802 sitis
1095 4749 1243 4820 (Luc.
1271 4752 1324 4809 9.
1353 4754 1439 4809 54.
1462 4755 1586 4826 55);
1613 4757 1680 4814 ad
1709 4758 2020 4829 iniuriarum
2048 4764 2188 4818 obii.

621 4841 828 4894 vicuem
862 4839 979 4896 illos
1006 4842 1294 4899 adhortans
1321 4847 1388 4901 oh
1413 4832 1787 4908 charismatum
1815 4853 2186 4914 diﬁ'erentiam.

515 4937 521 4940 ‘
619 4930 694 4983 Nc
723 4940 878 4986 putes
909 4945 1006 4988 nos
1036 4933 1204 4990 Eliam
1253 4945 1310 4991 ut
1356 4938 1722 5009 imperfectum
1759 4944 2016 5005 damnare
2042 4969 2056 5005 :
2081 4966 2189 5008 non

619 5022 760 5074 vitim
788 5023 894 5076 hoc
913 5024 1140 5080 dicimus
1163 5042 1177 5092 ;
1209 5029 1405 5084 ctenim
1432 5030 1718 5099 admodum
1763 5039 2027 5106 perfectus
2049 5055 2186 5098 erat.

619 5110 818 5170 Verum
842 5114 1173 5188 temporibus
1190 5119 1328 5187 suis,
1351 5137 1470 5178 cum
1499 5129 1751 5194 puerilior
1778 5139 1902 5189 tunc
1921 5149 2072 5190 mens
2102 5135 2191 5190 bo-

622 5204 822 5259 iuinum
853 5217 1016 5274 esset,
1063 5207 1162 5294 hac
1187 5227 1320 5281 opus
1346 5222 1460 5268 erat
1490 5216 1822 5287 institutione
1855 5240 2014 5283 :nam
2046 5227 2192 5302 Moy-

621 5307 709 5348 ses
732 5298 1064 5391 quoque‘bnc
1091 5301 1294 5385 ratione
1308 5304 1572 5372 perfectus
1591 5317 1739 5377 erat;
1766 5315 1859 5370 sed
1886 5317 2003 5386 plus
2021 5298 2178 5391 erigi-

624 5393 710 5437 tur
733 5384 801 5439 ab
826 5381 1076 5454 apostolis
1109 5384 1268 5461 quam
1308 5393 1376 5449 ab
1413 5394 1524 5450 illo.
1555 5397 1676 5454 Nisi
1697 5403 1832 5457 enim
1869 5381 2192 5465 dbundasgrit

609 5472 812 5540 justitia
835 5465 1128 5550 sesirapius
1149 5499 1300 5551 quam
1314 5486 1589 5545 scribarum
1615 5501 1660 5548 et
1679 5485 2072 5567 Phasiacas-nm,
2091 5519 2191 5557 non

620 5565 866 5619 tuti'a'bitis
892 5568 946 5621 in
973 5583 1180 5639 regnum
1200 5576 1436 5632 calorum
1466 5579 1676 5652 (Matth.
1704 5585 1757 5641 5.
1779 5586 1890 5658 30).
1916 5589 2032 5648 Non
2049 5565 2188 5650 enim

746 5722 888 5776 tum
907 5724 1027 5775 alios
1044 5733 1094 5776 et
1119 5727 1234 5779 nihl.
1256 5727 1518 5794 iugandum
1545 5746 1639 5800 est,
1665 5741 1725 5792 de
1747 5755 1945 5796 excessu
1964 5736 2123 5815 quem.

1362 350 1418 406 8.
1457 346 1730 404 JOANNIS
1766 341 2236 399 CllltYSOS’l‘OMl
2275 344 2586 405 ARCIIIEP.
2625 349 3151 412 CONSTANTINOP.

3775 365 3880 420 εςιι

2299 463 2351 516 lu
2379 461 2664 536 Egyptum
2697 469 2918 540 ingressi
2942 481 3082 538 sunt,
3115 473 3209 528 sed
3238 474 3288 528 in
3318 475 3502 531 orbem
3524 484 3728 544 totum,
3756 496 3878 551 gra-

2293 556 2414 612 vius
2460 563 2514 610 et
2558 558 2710 626 pejus
2761 558 3006 615 aﬁ'ectum
3046 577 3205 636 quam
3247 562 3485 635 .Egyptii
3532 576 3699 623 erat
3727 588 3743 622 :
3775 587 3878 624 non

2294 645 2621 704 Pharaonem
2665 650 3011 720 alioquuturi.
3043 654 3138 708 sed
3168 670 3288 712 cum
3333 657 3546 713 diabolo
3589 663 3880 731 pugnatum“

2293 751 2409 805 ipso
2433 741 2685 809 nequitia:
2713 752 2957 812 tyranno.
2989 744 3120 800 Nam
3154 756 3424 803 certamen
3472 750 3604 818 ipsis
3645 761 3794 816 erat,
3826 763 3881 806 ut

2292 825 2439 882 illum
2461 830 2758 900 alligarent,
2788 843 2842 889 et
2863 849 2988 889 vasa
3012 835 3130 907 ejus
3171 838 3467 907 diriperent
3503 843 3727 906 omnia;
3753 842 3878 897 illud

2291 932 2419 974 vero
2438 917 2723 989 faciebant,
2748 938 2853 978 non
2879 939 3026 980 mare
3072 927 3392 996 dividentes,
3421 932 3514 985 sed
3543 945 3642 1001 per
3672 933 3878 1002 virgam

2289 1005 2455 1064 Jesste
2484 1009 2800 1078 profundum
2845 1015 3133 1085 impietatis
3157 1019 3508 1084 dissecantes,
3539 1023 3718 1077 multo
3753 1037 3878 1094 gra-

2291 1099 2522 1154 vioribus
2542 1103 2796 1171 agitatum
2828 1106 3093 1163 ﬂuctibus.
3125 1109 3256 1165 Vide
3283 1112 3442 1180 igitur
3467 1121 3600 1181 quot
3642 1125 3878 1184 quanta-

2289 1204 2393 1260 que
2434 1203 2650 1261 essent,
2682 1210 2817 1265 que
2859 1196 3162 1256 hominibus
3217 1210 3477 1259 terrorem
3520 1205 3874 1261 incuterent:

2288 1293 2454 1342 mors,
2484 1292 2789 1352 paupertas,
2821 1284 3060 1354 infamia,
3091 1290 3236 1346 mille
3258 1292 3419 1356 mala,
3465 1297 3758 1363 magisque
3791 1295 3876 1350 illa

2287 1376 2415 1424 tunc
2441 1370 2712 1440 timebant,
2748 1390 2907 1446 quam
2945 1377 3117 1434 Judasi
3141 1381 3266 1435 olim
3296 1383 3517 1454 pelagus
3539 1385 3694 1439 illud.
3725 1388 3877 1440 Atta-

2288 1473 2409 1513 men
2434 1461 2602 1515 suasit
2627 1462 2730 1518 illis
2757 1471 2812 1517 ut
2838 1464 2951 1520 haec
2977 1470 3155 1522 omnia
3189 1470 3415 1526 ﬁdenter
3428 1473 3875 1542 aggrederentur.

2287 1558 2483 1604 etcum
2507 1566 2696 1620 magna
2723 1555 3007 1612 securitate
3031 1560 3182 1628 quasi
3209 1576 3305 1629 per
3327 1562 3529 1618 siccum
3557 1565 3875 1620 transirent.

2288 1640 2368 1696 Ad
2399 1641 2510 1696 tunc
2539 1643 2698 1714 igitur
2728 1647 2909 1701 omnia
2953 1649 3098 1718 ipsos
3135 1651 3447 1716 concitans,
3498 1655 3622 1709 illos
3652 1655 3879 1712 adduait

2288 1731 2446 1800 quiin
2472 1731 2648 1790 Veteri
2683 1735 3020 1792 remiserant.
3066 1739 3203 1807 Quid
3237 1741 3396 1812 igitur
3423 1743 3614 1800 Petrus
3659 1747 3880 1804 [επακ

2289 1821 2414 1877 ille?
2437 1824 2488 1878 4.
2519 1823 2718 1879 Bonum
2741 1837 2815 1880 est
2847 1843 2940 1883 nos
2970 1830 3054 1883 hic
3084 1847 3205 1886 esse.
3253 1833 3386 1901 Quia
3424 1838 3564 1891 enim
3611 1838 3876 1903 audierat,

2289 1913 2460 1980 ipsum
2485 1913 2869 1986 Jerosolymam
2901 1933 3184 1978 venturum
3210 1930 3267 1978 et
3301 1939 3579 1993 passurum
3629 1942 3780 1995 esse,
3817 1944 3879 1984 ea

2288 2003 2357 2058 de
2372 2020 2526 2059 causa
2549 2006 2724 2063 adhuc
2740 2008 2935 2064 timens
2960 2021 3016 2066 et
3035 2022 3290 2079 tremens,
3303 2026 3426 2086 post
3446 2017 3879 2088 increpationetn

2288 2095 2431 2153 illam
2459 2113 2564 2153 non
2594 2100 2756 2156 audet
2779 2102 2991 2172 quidem
3020 2105 3278 2161 accedere
3323 2121 3387 2163 ac
3432 2108 3610 2165 dicere
3638 2125 3651 2160 :
3678 2109 3880 2176 Propi-

2288 2187 2387 2241 tius
2411 2189 2497 2241 tibi
2518 2190 2581 2243 sit
2603 2188 2813 2260 (Matth.
2848 2191 3069 2263 16.22),
3099 2195 3194 2250 sed
3223 2197 3411 2252 timore
3436 2198 3612 2255 adhuc
3656 2210 3876 2269 captu.

2287 2279 2472 2334 eadem
2501 2281 2632 2350 ipsa,
2657 2282 2750 2336 sed
2778 2297 2874 2353 per
2897 2285 2998 2338 alia
3031 2284 3189 2342 verba
3216 2288 3538 2346 subindicat.
3563 2289 3698 2358 Quia
3728 2293 3879 2347 enini

2290 2380 2523 2426 montem
2579 2372 2791 2429 videbat
2840 2384 2896 2431 et
2933 2388 3136 2434 vastam
3190 2379 3555 2450 solitudinem,
3603 2383 3882 2453 cogitabat

2290 2474 2534 2528 magnam
2565 2462 2635 2516 ibi
2688 2466 3025 2522 securitatem
3073 2481 3105 2522 a
3144 2467 3266 2525 loco
3302 2484 3462 2536 esse;
3513 2486 3614 2527 nec
3644 2474 3817 2529 modo
3848 2489 3879 2528 a

2291 2547 2428 2613 loco,
2447 2551 2552 2626 sed
2579 2554 2716 2622 quod
2737 2564 2957 2624 cuperet
2983 2557 3156 2624 ipsum
3185 2575 3291 2615 non
3321 2561 3457 2617 ultra
3477 2561 3880 2636 Jerusolymam

2289 2641 2479 2696 adire:
2512 2643 2620 2696 vult
2666 2645 2810 2700 enim
2857 2661 2979 2702 eum
3019 2649 3093 2704 ibi
3138 2661 3397 2722 perpetuo
3436 2668 3657 2710 manere
3693 2672 3710 2710 :
3755 2655 3882 2712 ideo

2292 2731 2626 2789 tabernacula
2651 2745 2931 2792 memorat.
2977 2737 3036 2794 Si
3062 2741 3205 2797 enim
3235 2742 3339 2798 hoc
3387 2742 3496 2806 ﬁat.
3523 2746 3734 2816 inquit,
3767 2761 3878 2803 nou

2291 2821 2422 2877 ultra
2450 2823 2837 2896 Jerosolymam
2858 2829 3245 2899 ascendemus;
3281 2835 3327 2891 si
3367 2850 3474 2892 non
3493 2837 3876 2901 ascendamtta.

2290 2913 2378 2969 ille
2401 2903 2508 2970 non
2536 2919 2812 2975 morietur.
2841 2919 2915 2976 ibi
2945 2937 3175 2994 namque
3198 2924 3410 2988 dicebat
3435 2929 3644 2987 scribas
3686 2945 3749 2987 se
3787 2948 3881 3004 ag-

2287 3019 2569 3076 gressuros
2599 3022 2740 3066 esse.
2771 3010 2876 3068 Sed
2902 3028 3005 3069 non
3030 3029 3192 3072 ausus
3210 3025 3294 3073 est
3320 3018 3391 3073 ita
3416 3018 3600 3090 loqui;
3639 3021 3758 3079 bac
3783 3039 3882 3079 au-

2290 3103 2396 3152 tem
2424 3097 2682 3168 perﬁcere
2704 3101 2911 3168 volens.
2937 3118 3134 3167 secure
3169 3107 3383 3165 dicebat
3414 3127 3429 3164 :
3454 3110 3653 3166 Bonum
3681 3123 3758 3169 est
3786 3131 3882 3169 stas

2291 3185 2374 3240 hic
2400 3203 2527 3254 esse,
2560 3189 2649 3246 ubi
2675 3199 2728 3246 et
2749 3191 2960 3265 loyses
2984 3203 3039 3250 et
3067 3194 3214 3252 Elias
3236 3199 3466 3256 adsunt:
3496 3201 3662 3268 Elias,
3694 3205 3788 3274 qui
3809 3206 3881 3259 de

2291 3278 2422 3335 celo
2449 3281 2622 3352 ignem
2643 3281 2696 3338 in
2721 3294 2955 3342 montem
2975 3287 3305 3347 descendere
3324 3292 3504 3361 jussit,
3532 3292 3877 3367 lenesque,

2272 3371 2378 3442 qui
2410 3371 2462 3426 in
2486 3373 2764 3445 caliginem
2785 3377 3076 3448 ingressus,
3101 3395 3222 3437 cum
3254 3382 3366 3440 Deo
3394 3383 3646 3457 loquutus
3666 3399 3754 3444 est
3778 3405 3795 3442 :
3822 3399 3881 3445 et

2292 3476 2450 3518 nemo
2472 3464 2604 3520 sciet
2625 3465 2841 3524 ubinam
2862 3484 3068 3527 sumus.

2360 3555 2416 3612 3.
2467 3554 2740 3614 Visdistin’
2778 3558 3068 3620 iet-ventem
3121 3563 3316 3623 Christi
3372 3576 3666 3628 amatorem
3715 3571 3740 3627 l
3799 3572 3883 3629 Ne

2290 3659 2499 3716 quaaras
2534 3663 2693 3720 quam
2732 3651 2967 3721 prudens
3007 3663 3063 3710 et
3103 3666 3382 3714 accuratus
3426 3670 3572 3716 esset
3623 3661 3878 3720 hortandi

2289 3738 2511 3806 modus,
2563 3740 2660 3798 sed
2722 3755 2880 3812 quam
2925 3742 3175 3810 fervens,
3234 3759 3598 3822 quantumque
3651 3753 3883 3810 ardebat

2288 3843 2471 3887 amore
2502 3829 2720 3887 Christi.
2748 3833 2900 3902 Quod
2928 3835 3068 3890 enim
3090 3851 3212 3893 cum
3242 3838 3369 3894 illud
3385 3841 3606 3908 diceret,
3640 3859 3750 3900 non
3778 3861 3884 3914 pro

2290 3923 2470 3993 seipse
2499 3931 2701 3980 tantum
2731 3935 2984 3982 tremeret
3011 3927 3125 3984 haec
3150 3928 3398 3998 dicendo,
3424 3932 3544 3987 audi
3571 3934 3701 4005 quid
3730 3935 3884 3992 dieat

2288 4026 2411 4069 cum
2453 4011 2696 4072 Christus
2736 4023 2965 4072 mortem
2993 4031 3144 4073 suam
3185 4033 3240 4078 et
3285 4020 3507 4077 insidias
3547 4023 3650 4078 sibi
3697 4033 3879 4095 parari

2291 4102 2660 4172 praenuntiavit
2686 4121 2702 4158 :
2727 4105 2961 4160 Animam
2992 4123 3154 4163 meam
3191 4126 3283 4180 pro
3303 4121 3351 4165 te
3377 4128 3564 4182 penam
3593 4129 3615 4169 :
3651 4116 3696 4169 si
3723 4133 3883 4187 opor-

2291 4195 2442 4248 tuerit
2465 4210 2545 4250 nte
2572 4195 2702 4252 mori
2728 4205 2922 4266 tecum,
2953 4215 3053 4254 non
3090 4209 3137 4254 te
3162 4203 3348 4272 negabo
3373 4203 3394 4276 (
3418 4203 3582 4260 Marc.
3616 4208 3704 4283 ιι,
3737 4210 3800 4266 3|
3829 4212 3879 4282 ).

2291 4284 2426 4342 Vide
2468 4288 2627 4343 etiam
2667 4291 2938 4361 quomodo
2965 4292 3017 4347 in
3066 4294 3256 4350 mediis
3304 4297 3551 4364 periculis
3595 4301 3720 4356 vita
3765 4317 3883 4361 sua

2290 4391 2476 4448 parum
2513 4381 2834 4438 consuleret.
2860 4381 3032 4440 Tanto
3068 4386 3210 4441 enim
3239 4387 3621 4447 circumstante
3646 4397 3883 4465 populo,

2291 4484 2398 4525 non
2440 4472 2600 4529 modo
2634 4488 2743 4529 non
2769 4476 2993 4546 aufugit,
3037 4474 3133 4532 sed
3159 4479 3347 4535 stricto
3372 4481 3551 4552 gladio
3578 4488 3882 4555 amputavit

2291 4560 2582 4616 auriculam
2629 4564 2769 4618 servi
2808 4565 3124 4627 sacerdotis.
3154 4566 3243 4622 Sic
3282 4569 3372 4626 ille
3403 4585 3507 4626 non
3540 4573 3685 4644 quod
3716 4592 3881 4634 suum

2292 4660 2410 4709 erat
2453 4655 2806 4722 respiciebat,
2852 4657 2946 4720 sed
2997 4675 3096 4730 pro
3141 4663 3398 4732 magistro
3441 4679 3541 4720 suo
3586 4668 3879 4726 tremebat.

2299 4742 2496 4800 Deinde
2531 4746 2652 4816 quia
2698 4747 2939 4805 absolute
2984 4750 3229 4821 loquutus
3271 4751 3472 4820 fuerat,
3497 4753 3594 4811 'ad
3637 4768 3882 4816 mentem

2293 4834 2466 4901 redit;
2495 4834 2790 4908 timensque
2820 4855 2886 4895 ne
2907 4819 3510 4915 rursus.increparetur,
3536 4847 3612 4902 ait
3643 4865 3659 4903 :
3689 4847 3755 4905 Si
3780 4852 3882 4918 vis,

2291 4921 2537 4993 faciamus
2566 4931 2647 4984 hic
2677 4932 2772 4985 (ria
2795 4933 3137 4995 tabernacula,
3169 4936 3256 4990 tibi
3279 4953 3457 5006 unum,
3491 4937 3665 5012 Hagsi
3692 4958 3880 5009 unum,

2294 5026 2340 5071 et
2372 5017 2499 5073 ﬁlia:
2523 5037 2704 5075 usuin.
2731 5021 2869 5090 Quid
2911 5023 3063 5088 dicis,
3093 5025 3298 5082 Petro?
3327 5043 3506 5085 nonne
3549 5031 3708 5100 paulo
3748 5043 3881 5089 ante

2303 5129 2333 5169 a
2363 5113 2533 5166 servis
2577 5128 2698 5168 eum
2740 5118 2994 5184 separasti
3019 5116 3043 5168 ‘t
3069 5132 3163 5171 cur
3188 5133 3309 5174 cum
3350 5123 3523 5177 servis
3551 5124 3715 5180 modo
3740 5142 3878 5183 cou-

2297 5201 2593 5258 uumeras?
2630 5203 2814 5259 Viden‘
2860 5220 3017 5275 quam
3067 5207 3359 5276 imperfecti
3408 5211 3484 5268 illi
3526 5225 3712 5270 essent
3749 5229 3879 5274 ante

2295 5307 2506 5348 crucem
2530 5292 2556 5346 τ
2589 5293 2723 5348 Nam
2750 5295 2794 5348 si
2842 5294 3000 5352 Pater
3037 5297 3198 5353 Petro
3245 5301 3523 5368 rcvelavit,
3567 5313 3624 5358 at
3649 5322 3759 5362 non
3785 5310 3878 5364 diu

2297 5382 2844 5441 revela‘tioncmillam
2875 5387 3110 5448 retinuit.
3136 5390 3229 5445 sed
3262 5407 3462 5461 pavore
3485 5393 3731 5452 turbatus
3769 5410 3875 5465 est,

2296 5487 2400 5527 non
2449 5475 2620 5530 solum
2667 5489 2732 5531 eo
2769 5491 2928 5547 quem
2970 5477 3116 5545 dixi,
3146 5480 3239 5535 sed
3281 5484 3440 5537 etiam
3471 5485 3577 5538 alio
3606 5502 3771 5556 quem
3812 5504 3877 5546 ex

2298 5564 2497 5621 visione
2542 5564 2634 5619 illa
2674 5575 3000 5636 susceperat.
3035 5569 3139 5624 Alii
3169 5570 3346 5640 itaque
3386 5577 3732 5646 evangelista:
3775 5578 3877 5637 hoc

2297 5655 2685 5727 signiﬁcantes,
2732 5660 2926 5714 mentis
2970 5660 3373 5729 eanfusionem,
3421 5681 3523 5736 qua
3572 5668 3872 5726 afﬁcieba-

2302 5755 2406 5814 tur,
2448 5761 2567 5803 cum
2606 5747 2720 5804 hanc
2765 5748 2985 5819 diceret,
3015 5765 3080 5809 ea
3109 5767 3303 5825 pavore
3328 5755 3423 5813 illo
3441 5769 3750 5832 susceptam
3787 5760 3871 5817 de
