4040 6424
230 523 462 577 claram.
490 521 702 578 Marcus
724 519 939 590 quidem
975 517 1126 586 dicit,
1158 517 1282 574 Non
1308 520 1445 575 enim
1485 518 1672 573 sciebat
1705 519 1828 585 quid

225 616 523 685 loqueretur
571 629 592 668 :
631 613 883 684 perterriti
927 627 1146 683 namque
1187 613 1392 683 fuerunt
1418 610 1437 682 (
1461 609 1629 664 Marc.
1652 609 1706 664 9.
1733 608 1830 679 6).

227 703 404 760 Lucas
428 719 557 759 vero
574 710 855 773 postquam
882 701 1036 767 dixit,
1064 699 1339 754 Faciamus
1365 701 1463 753 tria
1481 700 1828 766 tabernacula,

226 797 413 852 statim
443 793 740 862 subjunxit,
771 790 1016 847 Nesciens
1039 792 1163 862 quid
1191 793 1378 845 diceret
1414 791 1433 862 (
1459 790 1586 892 Ln\c.
1609 791 1664 846 9.
1697 790 1828 859 33).

225 888 438 944 Deinde
479 887 786 958 signiﬁcans
826 896 880 940 et
907 886 1057 940 illum
1088 893 1145 939 et
1169 885 1302 940 alios
1333 885 1525 939 timore
1546 885 1832 953 correptos

222 978 435 1046 fuisse,
463 974 538 1033 ait
587 995 600 1031 :
644 977 854 1032 Gravati
894 961 1072 1032 somno
1117 986 1259 1030 erant
1297 992 1316 1030 :
1354 993 1469 1030 cum
1511 976 1832 1046 evigilassent

219 1079 399 1125 autem
418 1111 432 1133 ,
465 1069 697 1125 viderunt
726 1069 940 1140 gloriam
974 1069 1087 1138 ejus
1114 1065 1294 1140 (Ibid.
1323 1084 1371 1122 υ.
1402 1067 1471 1122 32
1495 1066 1516 1140 )
1542 1084 1556 1131 ;
1581 1079 1828 1122 somumn

217 1174 358 1217 vero
380 1162 467 1216 hic
496 1169 650 1215 vocat
675 1175 925 1230 soporem
955 1159 1104 1213 illum
1131 1151 1221 1230 qui
1259 1176 1323 1215 ex
1374 1159 1466 1214 tali
1501 1160 1710 1214 visione
1739 1175 1830 1214 ac-

213 1255 376 1310 ‘cidit.
407 1255 538 1310 Nam
558 1255 719 1310 veluti
743 1254 882 1309 oculi
913 1269 978 1309 ex
1019 1253 1186 1308 nimio
1218 1252 1425 1324 fulgore
1459 1251 1826 1308 obtenebran~

215 1357 314 1401 ‘tur
340 1388 354 1411 ,
404 1347 484 1403 sie
521 1356 578 1402 et
623 1346 724 1400 illis
772 1346 970 1402 evenit.
1005 1345 1188 1416 Neque
1225 1345 1369 1401 enim
1419 1355 1521 1400 nox
1550 1354 1690 1412 erat,
1731 1344 1825 1399 sed

213 1436 346 1494 ’ἀίει
377 1453 390 1491 :
427 1447 481 1492 et
523 1435 795 1492 radiorum
839 1435 1096 1506 splendor
1135 1431 1413 1490 oculorum
1461 1435 1824 1490 inﬁrmitatem

212 1532 499 1602 gravabat.
549 1529 685 1596 Quid
726 1529 938 1600 igitur?
980 1529 1098 1600 lpse
1139 1528 1359 1600 quidem
1407 1527 1537 1582 nihil
1566 1527 1821 1598 loquitur,

220 1637 399 1692 neque
421 1621 631 1693 Moyses
650 1663 666 1688 ,
699 1637 872 1689 neque
899 1620 1045 1676 Elias
1078 1639 1091 1674 :
1121 1619 1216 1676 sed
1245 1621 1335 1691 qui
1362 1619 1613 1675 omnibus
1653 1618 1826 1689 major

216 1719 279 1768 ct
325 1711 430 1767 ﬁde
469 1711 682 1782 dignior
709 1721 826 1773 est,
880 1712 1036 1766 Pater
1082 1725 1269 1766 vocem
1314 1711 1512 1766 emittit
1555 1728 1620 1766 ex
1661 1711 1820 1766 nube.

173 1820 176 1822 ‘
210 1801 330 1860 Cur
358 1820 424 1860 ex
455 1803 594 1860 nube
617 1805 639 1858 ?
661 1804 751 1859 Sic
777 1820 992 1874 semper
1016 1814 1245 1873 apparet
1274 1805 1416 1860 Deus
1447 1823 1460 1858 ε
1495 1821 1617 1864 nam
1649 1803 1823 1858 Nubes

177 1909 269 1958 [et
319 1897 483 1967 caligo
518 1898 571 1950 in
601 1897 816 1950 circuitu
845 1897 955 1966 ejus
1001 1899 1018 1966 (
1050 1893 1195 1950 Psal.
1217 1895 1304 1952 96.
1338 1896 1452 1965 2);
1491 1907 1544 1950 et
1589 1911 1774 1952 rursus
1805 1914 1817 1950 :

211 1988 327 2053 Qui
353 1989 495 2059 ponit
522 1989 675 2042 nubes
698 2005 962 2043 ascensum
988 2005 1136 2042 suum
1161 1990 1178 2057 (
1208 1984 1822 2060 Psal.103.3);‘iterum-

207 2097 346 2149 que,
399 2076 648 2136 Dominus
686 2081 820 2135 sedet
861 2082 912 2134 in
959 2081 1088 2134 nube
1126 2081 1225 2135 levi
1252 2082 1270 2151 (
1298 2079 1426 2134 Isai.
1462 2080 1548 2136 l9.
1583 2082 1604 2136 l
1644 2082 1698 2150 );
1731 2090 1818 2147 et,

219 2171 398 2227 Nubes
427 2172 646 2242 suscepit
675 2187 789 2225 eum
821 2171 882 2224 ab
921 2173 1083 2225 oculis
1109 2183 1283 2225 eorum
1307 2172 1324 2240 (
1352 2172 1464 2224 Act.
1502 2174 1549 2226 l.
1575 2171 1609 2226 9
1633 2171 1652 2240 )
1681 2189 1694 2233 ;
1728 2183 1777 2225 et
1801 2214 1816 2237 ,

221 2263 383 2330 Quasi
397 2260 442 2315 F
445 2262 796 2317 iliushomiuis
820 2264 1020 2318 veniens
1046 2264 1100 2317 in
1138 2264 1350 2317 nubibus
1388 2263 1565 2334 (Dan.
1593 2265 1644 2317 7.
1681 2259 1747 2319 l3
1777 2268 1814 2334 ).

211 2357 290 2415 Ἧι
325 2361 482 2430 igitur
506 2359 727 2415 credant
756 2361 824 2416 ab
851 2360 969 2429 ipso
1017 2361 1130 2416 Deo
1163 2375 1346 2416 vocem
1377 2361 1542 2428 ferri,
1577 2363 1701 2416 inde
1729 2381 1818 2418 ve-

206 2454 318 2518 nit,
341 2464 394 2510 et
420 2454 588 2508 nubes
616 2453 785 2508 lucida
811 2463 928 2509 erat
958 2473 969 2506 :
1006 2471 1127 2508 nam
1162 2455 1213 2508 5.
1251 2455 1431 2509 Adhuc
1465 2473 1522 2510 eo
1561 2456 1810 2523 loquente,

208 2563 330 2600 ecce
351 2546 504 2601 nubes
539 2545 711 2600 ’lucida
745 2544 1058 2599 obumbravit
1088 2563 1190 2601 eos.
1226 2546 1288 2600 Et
1333 2565 1444 2600 ecce
1470 2564 1567 2601 v0.1:
1597 2548 1659 2601 de
1688 2549 1818 2602 nube

214 2638 387 2693 dicens
415 2654 434 2692 :
461 2636 560 2692 Hic
592 2647 664 2692 est
692 2637 857 2692 Filius
898 2655 1035 2693 meus
1065 2640 1299 2707 dilectus,
1328 2641 1391 2693 in-
1415 2658 1512 2706 quo
1541 2641 1666 2693 mihi
1693 2641 1816 2694 bene

212 2731 499 2798 complacui
521 2747 538 2782 ε
568 2729 735 2797 ipsum
769 2729 960 2781 audite.
991 2728 1221 2797 Quando
1259 2731 1401 2785 enim
1443 2732 1695 2794 minatur,
1731 2742 1811 2785 te-

211 2818 500 2874 nebrosam
532 2818 726 2874 nubem
755 2819 1024 2884 ostendit,
1054 2821 1510 2890 quemadmodum
1554 2822 1607 2876 iu
1636 2823 1762 2877 Sina
1795 2840 1809 2876 :

211 2909 432 2964 Intravit
462 2910 628 2974 enim,
672 2910 765 2970 ait,
795 2910 847 2964 in
876 2912 1055 2964 nubem
1100 2920 1148 2964 et
1192 2912 1244 2965 in
1283 2913 1552 2982 caliginem
1583 2911 1809 2983 Moyses,

211 3013 259 3056 et
309 3002 443 3056 velut
490 3017 648 3072 uapor
691 3003 762 3055 ita
815 3001 1072 3072 ferebatur
1110 3005 1282 3075 fumus
1314 3004 1506 3069 (Exod.
1533 3004 1623 3060 24.
1659 3005 1725 3062 18
1751 3010 1808 3074 );

207 3104 265 3147 et
321 3092 578 3164 propheta
621 3093 688 3147 de
736 3093 894 3148 minis
921 3094 1038 3162 ejus
1064 3094 1356 3161 disserens,
1386 3095 1693 3163 Tenebrosa,
1725 3098 1809 3152 in—

197 3183 348 3254 quit,
379 3201 510 3253 aqua
539 3185 591 3237 in
622 3185 834 3240 nubibus
863 3185 1036 3258 aeris(
1065 3185 1206 3242 Psal.
1237 3188 1321 3242 l7.
1359 3187 1423 3242 l2
1448 3187 1505 3259 );
1541 3189 1627 3244 hie
1655 3204 1805 3257 vero,

205 3279 332 3346 quia
373 3293 478 3332 non
532 3287 753 3342 terrere,
790 3279 882 3332 sed
914 3279 1112 3334 ducere
1155 3280 1400 3347 volebat,
1435 3282 1605 3337 nubes
1635 3283 1808 3337 lucida

203 3377 312 3425 est.
355 3369 420 3424 Et
448 3368 645 3424 Petrus
669 3369 886 3440 quidem
915 3369 1149 3436 dicebat,
1186 3371 1463 3428 Faciamus
1489 3375 1588 3428 tria
1625 3375 1809 3431 taber-

200 3459 437 3525 uacula;
479 3459 570 3515 ille
598 3474 728 3514 vero
761 3460 1166 3517 tabernaculum
1209 3464 1446 3519 ostendit
1477 3481 1582 3520 non
1617 3482 1805 3521 mauu-

200 3553 426 3606 factum.
454 3551 578 3608 Ideo
601 3552 670 3608 ibi
696 3552 912 3622 quidem
926 3553 1109 3610 fumus
1138 3566 1240 3620 est,
1263 3568 1319 3613 et
1345 3573 1514 3628 vapor
1541 3559 1803 3626 fornacis;

195 3641 296 3697 hic
321 3658 449 3698 vero
464 3642 890 3708 lux-ineﬁ'abilis,
910 3654 965 3700 et
993 3661 1117 3700 vox.
1163 3647 1366 3704 Deinde
1397 3660 1452 3703 ut
1484 3652 1805 3708 ostendatur

196 3747 314 3788 non
362 3732 431 3791 de
473 3749 581 3788 uno
628 3735 783 3788 trium
826 3735 1142 3806 simpliciter
1183 3738 1317 3802 dici,
1371 3741 1466 3796 sed
1495 3742 1562 3797 de
1590 3741 1806 3800 Christo

194 3836 436 3892 tantum,
478 3842 600 3882 cum
629 3842 729 3881 vox
762 3828 924 3884 allata
967 3839 1070 3896 est,
1101 3831 1174 3884 illi
1207 3843 1564 3889 recesserant.
1598 3833 1731 3890 Nam
1759 3838 1803 3892 si

191 3916 274 3974 de
295 3932 400 3970 uno
439 3933 503 3972 ex
534 3917 638 3980 illis
661 3919 862 3973 dictum
895 3919 1102 3987 fuisset,
1138 3937 1244 3976 non
1282 3923 1372 3980 ille
1405 3927 1691 3983 mansisset
1716 3943 1805 3983 so-

192 4008 288 4062 lus
307 4048 324 4072 ,
375 4007 586 4063 duobus
627 4010 749 4065 aliis
779 4013 1020 4066 remotis.
1051 4013 1128 4084 (α)
1151 4011 1170 4085 [
1193 4013 1300 4068 Cur
1326 4031 1456 4086 ergo
1498 4017 1666 4074 nubes
1697 4035 1802 4076 non

190 4098 473 4154 Christum
511 4101 682 4155 solum
721 4102 950 4171 operuit,
975 4104 1067 4158 sed
1095 4120 1286 4161 omnes
1321 4107 1478 4162 simul
1508 4110 1530 4163 ?
1564 4109 1618 4166 Si
1651 4111 1805 4168 Chri-

193 4201 343 4246 stum
394 4190 569 4246 solum
626 4192 1042 4259 obumbrasset,
1086 4207 1326 4267 putatum
1381 4199 1570 4258 luisset
1627 4204 1800 4274 ipsum

191 4281 476 4337 Christum
529 4285 774 4340 emisisse
831 4289 1402 4362 vocem.Quapropler
1449 4299 1795 4368 evangelista,

189 4383 259 4427 ut
283 4372 384 4428 hoc
411 4374 581 4443 ipsum
604 4376 970 4443 conﬁrmaret,
995 4380 1069 4432 ait
1093 4395 1277 4435 vocem
1311 4400 1375 4438 ex
1400 4386 1540 4441 nube
1567 4393 1798 4455 venisse,

190 4464 252 4519 id
281 4475 398 4528 est,
429 4481 495 4521 es
530 4465 704 4538 Deo.]
749 4467 813 4522 Et
843 4469 969 4538 quid
999 4473 1073 4524 ait
1102 4487 1200 4525 vox
1237 4475 1324 4527 illa
1349 4476 1371 4528 ?
1401 4475 1501 4531 Hic
1530 4492 1602 4534 est
1635 4479 1801 4537 Filius

196 4573 341 4613 meus
379 4558 613 4614 dilectus.
641 4559 699 4614 Si
737 4559 982 4625 dilectus,
1016 4579 1080 4617 ne
1113 4554 1320 4630 timeas,
1362 4567 1539 4624 Pctre.
1573 4573 1799 4641 Oporte-

188 4649 289 4704 bat
315 4650 459 4705 enim
485 4659 536 4706 te
563 4660 617 4706 et
645 4651 892 4707 virtutem
926 4656 1325 4727 potentiamque
1350 4659 1467 4728 ejus
1481 4662 1591 4729 jam
1616 4677 1796 4732 nosse,

189 4749 251 4795 et
294 4739 364 4795 de
403 4743 801 4800 resurrectione
836 4757 955 4799 esse
1000 4748 1282 4802 certiorem
1316 4765 1330 4812 ;
1364 4752 1484 4820 quia
1513 4768 1641 4808 vero
1670 4755 1797 4810 illud

190 4831 457 4903 ignoras,
499 4833 689 4889 saltem
741 4850 808 4889 ex
854 4849 987 4890 voce
1037 4836 1208 4892 Patris
1256 4838 1510 4897 ﬁdentior
1558 4854 1693 4897 esto.
1739 4847 1797 4902 Si

195 4939 428 5000 namque
456 4934 645 4994 potens
670 4934 753 4980 est
780 4926 941 4990 Deus,
975 4940 1034 4983 ut
1063 4944 1189 4984 vere
1215 4943 1404 5001 potens
1431 4945 1511 4988 est
1535 4977 1548 5002 ,
1578 4939 1793 5006 procul-

188 5015 360 5070 dubio
401 5025 459 5070 et
499 5015 670 5072 Filius
717 5019 987 5075 similiter.
1039 5021 1117 5076 Ne
1165 5023 1354 5078 timeas
1381 5042 1514 5096 ergo
1546 5032 1703 5085 mala.
1737 5031 1794 5088 Si

187 5115 375 5162 autem
408 5107 508 5161 hoc
540 5107 778 5163 nondum
815 5110 1074 5176 admittis,
1103 5113 1231 5168 illud
1257 5115 1446 5170 saltem
1489 5122 1661 5190 cogita
1685 5165 1697 5181 .
1728 5123 1792 5176 il-

194 5196 306 5251 lum
329 5207 383 5252 et
412 5197 604 5253 Filium
632 5214 771 5265 esse,
801 5210 854 5255 et
875 5202 1041 5270 diligi.
1074 5202 1173 5256 Hic
1201 5217 1276 5260 est
1305 5209 1471 5288 enim,
1502 5211 1597 5278 ait,
1625 5204 1795 5268 Filius

193 5305 335 5343 meus
381 5289 614 5344 dilectus.
663 5291 716 5345 Si
760 5308 886 5347 vero
931 5294 1186 5364 diligitur,
1256 5315 1327 5357 ne
1371 5304 1576 5357 timeas.
1628 5305 1793 5362 Nemo

191 5382 339 5434 enim
366 5395 525 5450 quem
569 5381 776 5451 diligit,
808 5385 1009 5452 abjicit.
1042 5387 1120 5440 Ne
1153 5391 1380 5445 turheris
1410 5410 1539 5460 ergo
1574 5414 1587 5452 ;
1620 5414 1790 5466 quan-

194 5472 391 5524 tumvis
419 5473 562 5526 euim
601 5473 789 5542 diligas
811 5517 823 5538 ,
855 5494 958 5528 non
995 5479 1171 5549 diligis
1197 5500 1318 5534 eum
1354 5495 1408 5536 ut
1440 5487 1595 5542 l'ater
1628 5491 1794 5558 ipsius

191 5560 382 5632 diligit.
414 5561 479 5615 In
509 5581 607 5634 quo
648 5567 770 5618 mihi
815 5568 1122 5636 complacui.
1157 5572 1268 5625 Non
1294 5576 1433 5628 enim
1465 5579 1636 5631 solum
1670 5581 1792 5635 dili-

256 5736 328 5809 (a)
363 5742 447 5795 Qui
485 5743 673 5809 uncinis
713 5743 945 5792 clauditur
985 5747 1119 5795 locus
1156 5749 1301 5799 deest
1342 5751 1389 5800 in
1416 5752 1584 5806 Editis.
1612 5763 1699 5807 sed
1727 5775 1788 5809 ex

191 5798 602 5912 dignbgzgptimts
645 5814 676 5853 ιε
710 5819 746 5850 ς.
789 5818 1054 5869 excerptas
1087 5809 1195 5868 luit,
1231 5798 1792 5884 ρδιφὶξΞκίἷέθῖἱςῖιλῖιὲ

191 5873 237 5908 tu
433 5896 443 5909 .

1232 395 1302 461 ΙΝ
1343 390 1752 460 MATTUEUII
1796 393 2028 457 llOMlL.
2071 388 2204 455 L'Vl.
2240 399 2320 494 al.
2367 390 2525 455 LVI].

3436 401 3540 462 ιιι

1939 517 2018 590 git
2058 532 2182 574 eum
2207 558 2224 586 ,
2261 518 2383 588 quia
2419 517 2643 588 genuit,
2693 518 2786 573 sed
2836 518 2958 588 quia
3008 528 3061 575 et
3102 519 3325 590 mqnalls
3354 532 3438 578 est
3469 520 3545 578 illi

1940 611 2198 677 omnino,
2245 619 2298 665 et
2327 609 2568 680 ejusdem
2612 610 2925 665 voluntatis.
2960 611 3166 682 Duplex
3211 613 3394 684 igitur,
3436 613 3549 668 imo

1941 700 2132 771 triplex
2181 710 2263 755 est
2313 700 2617 756 dilectionis
2662 711 3040 773 argumentum
3095 720 3108 755 :
3157 705 3278 774 quia
3337 703 3545 766 Filius,

1938 792 2060 860 quia
2089 791 2337 858 dilectus,
2357 792 2476 861 quia
2509 791 2561 846 in
2581 792 2697 862 ipso
2718 792 2817 847 sibi
2836 793 3182 865 complacuit.
3212 794 3350 864 Quid
3382 811 3545 866 porro

1938 883 2206 952 signiﬁcat
2259 883 2388 938 illud
2417 925 2431 947 ,
2467 886 2534 937 In
2575 901 2673 955 quo
2700 885 2826 938 mihi
2856 887 2978 940 bene
3022 888 3314 957 complacui
3338 888 3363 941 ?
3394 890 3472 943 Ac
3501 889 3545 942 si

1936 974 2181 1041 diceret,
2233 975 2288 1030 ln
2320 991 2427 1046 quo
2455 977 2675 1046 quiesco
2696 1018 2710 1043 ,
2754 994 2862 1047 quo
2885 978 3159 1038 obleclor,
3204 979 3294 1050 qui
3327 983 3546 1035 omnino

1936 1066 2158 1134 aequalis
2206 1067 2333 1120 mihi
2367 1077 2484 1132 est,
2512 1076 2566 1122 et
2596 1068 2740 1138 quod
2768 1081 2932 1125 uuam
2961 1080 3082 1125 c‘um
3112 1070 3270 1127 {-‘atre
3297 1073 3545 1128 volunta-

1938 1165 2045 1210 tem
2091 1156 2308 1222 habeat,
2357 1167 2411 1212 et
2459 1158 2600 1228 quod
2634 1157 2802 1214 Filius
2832 1175 3078 1226 manens,
3126 1175 3294 1216 unum
3325 1162 3547 1218 omnino

1928 1246 2004 1300 sit
2059 1262 2182 1301 cum
2229 1247 2504 1303 Genitore.
2544 1247 2765 1318 Ipsum,
2799 1250 3004 1319 inquit,
3039 1252 3230 1306 audite.
3270 1252 3459 1320 'Quare
3498 1253 3548 1307 si

1931 1337 2173 1408 cruciligi
2223 1340 2451 1394 voluerit
2476 1382 2492 1406 ,
2543 1355 2610 1396 ne
2639 1341 2890 1395 obsistas.
2919 1341 2974 1396 6.
3019 1339 3087 1395 Et
3121 1343 3383 1398 audientes
3412 1345 3546 1398 reci-

1934 1428 2114 1482 derunt
2135 1431 2185 1484 in
2217 1428 2373 1500 [acies
2401 1447 2540 1496 suas,
2564 1440 2611 1486 et
2636 1433 2912 1487 timuerunt
2934 1433 3103 1488 valde.
3123 1430 3180 1488 ’7.
3213 1433 3279 1488 Et
3301 1436 3546 1491 accedens

1931 1519 2084 1574 Iesus
2106 1563 2120 1585 ,
2154 1521 2315 1592 tetigit
2359 1538 2464 1586 eos,
2510 1532 2556 1576 et
2594 1524 2725 1577 dixit
2765 1541 2784 1578 :
2814 1522 3044 1595 Surgite,
3088 1535 3135 1579 et
3164 1527 3320 1581 nolite
3344 1528 3545 1582 timere;

1931 1612 1984 1666 8.
2020 1611 2267 1667 Levantes
2301 1624 2474 1668 autem
2499 1617 2674 1670 oculos
2703 1633 2844 1686 sua},
2888 1618 3140 1672 neminem
3169 1608 3403 1674 uiderunt
3442 1621 3543 1676 nisi

1931 1705 2095 1758 solum
2117 1704 2316 1762 Jesum.

2002 1799 2054 1853 ι.
2089 1800 2372 1866 Quomodo
2412 1800 2529 1858 haec
2569 1803 2852 1860 audientes
2895 1806 3127 1876 perculsi
3176 1817 3302 1862 sunt
3332 1808 3357 1859 τ
3409 1809 3548 1864 Nam

1929 1891 2158 1946 antehac
2183 1893 2384 1948 emissa
2413 1893 2510 1949 fuit
2541 1909 2644 1950 vox
2677 1894 2800 1952 talis
2842 1897 2894 1952 in
2924 1897 3160 1954 Jordaue
3189 1915 3203 1964 ;
3238 1902 3406 1957 turba:
3446 1905 3543 1958 ad-

1927 1991 2102 2049 erant,
2131 2000 2290 2039 nemo
2311 1986 2582 2056 quidpiam
2615 1987 2719 2042 tale
2749 2003 2940 2060 passus
2968 2002 3048 2044 est
3083 2010 3095 2046 :
3127 2001 3180 2046 ει
3205 2002 3391 2062 postea
3420 2009 3540 2049 rur-

1927 2092 2044 2130 sum
2063 2119 2078 2143 ,
2105 2079 2318 2147 quando
2339 2081 2542 2136 tonitru
2567 2081 2770 2137 factum
2800 2083 2964 2138 fuisse
2995 2083 3282 2151 dicebant;
3317 2086 3411 2142 sed
3439 2103 3538 2144 nec

1929 2176 2054 2224 tunc
2077 2171 2204 2240 quid
2233 2172 2408 2227 simile
2437 2183 2559 2227 sunt
2586 2175 2749 2243 passi.
2777 2175 3059 2241 Quomodo
3088 2176 3249 2246 igitur
3269 2176 3326 2231 ‘in
3353 2188 3537 2235 monte

1923 2262 2278 2318 ceciderunt?
2322 2265 2454 2332 Quia
2487 2275 2540 2321 ct
2577 2267 2811 2321 solitudo
2833 2310 2847 2334 ,
2879 2278 2936 2323 et
2979 2269 3207 2324 altitudo
3238 2273 3456 2340 montis,
3485 2281 3538 2327 et

1926 2354 2078 2423 quies
2109 2370 2298 2427 magna
2341 2369 2492 2424 erat,
2519 2368 2576 2414 et
2624 2360 3026 2430 trausﬁguratio
3074 2361 3299 2418 horrore
3341 2364 3533 2434 plena,

1925 2458 1976 2502 et
2018 2449 2104 2502 lux
2135 2451 2414 2515 immensa,
2450 2462 2503 2507 et
2551 2453 2720 2508 nubes
2757 2465 2976 2510 extensa
3011 2474 3024 2509 :
3057 2473 3176 2526 qua:
3204 2458 3382 2513 omnia
3414 2459 3536 2516 illos

1925 2540 1976 2593 in
2023 2556 2275 2611 pavorem
2337 2559 2590 2615 magnum
2647 2547 3016 2616 conjecerunt.
3074 2547 3321 2618 Undique
3365 2561 3537 2606 terror
3608 2537 3613 2542 ’

1923 2634 2194 2688 oriebatur
2219 2679 2230 2699 ,
2265 2646 2318 2691 et
2359 2639 2672 2693 ceciderunt
2705 2641 2876 2694 territi
2922 2641 3082 2695 simul
3119 2653 3172 2697 et
3216 2643 3527 2702 adorantes.

1924 2725 1999 2780 Ne
2044 2742 2205 2794 porro
2236 2728 2395 2783 timur
2428 2730 2516 2783 ille
2542 2731 2586 2784 si
2617 2731 2708 2784 diu
2742 2733 3064 2798 mansisset,
3098 2749 3280 2789 rerum
3321 2753 3526 2792 memo-

1923 2817 2053 2870 riam
2101 2818 2338 2886 deleret,
2383 2823 2562 2876 statim
2607 2824 2727 2879 illos
2767 2840 2795 2878 a
2829 2835 3036 2882 terrore
3078 2827 3347 2893 liberavit,
3381 2831 3530 2886 solus

1923 2910 2035 2978 ipse
2066 2913 2436 2982 conspicitur,
2467 2916 2791 2986 mandatque
2820 2919 2949 2988 ipsis
2983 2929 3040 2974 ut
3085 2921 3288 2975 nemini
3318 2922 3530 2990 dicant,

1919 3001 2090 3056 donec
2133 3021 2160 3055 ει
2210 3005 2437 3060 mortuis
2485 3018 2811 3077 resurgeret.
2868 3009 2946 3079 (a)
2992 3010 3045 3065 9.
3099 3008 3534 3069 Descendentibus

1919 3093 2062 3146 enim
2106 3095 2210 3148 illis
2235 3096 2300 3149 de
2344 3106 2545 3162 monte,
2586 3100 2826 3168 praecepit
2853 3102 2925 3155 eis
2967 3113 3021 3154 ut
3057 3103 3247 3158 nemini
3283 3104 3529 3172 dicerent,

1917 3182 2076 3238 donec
2105 3187 2214 3254 ipse
2239 3203 2270 3238 ιι
2315 3190 2526 3243 mortuis
2556 3200 2856 3262 resurgeret.
2912 3191 3046 3248 Nam
3079 3205 3282 3265 quanto
3324 3198 3532 3268 majora

1915 3275 1984 3329 de
2030 3275 2122 3329 illo
2166 3278 2556 3344 narrabantur,
2607 3292 2755 3336 tanto
2801 3283 3012 3339 credite
3057 3285 3364 3344 difﬁcilium
3405 3300 3531 3347 tunc

1916 3367 2101 3422 multis
2145 3379 2299 3423 erant
2341 3388 2353 3422 :
2400 3371 2712 3428 scandalum
2757 3385 2938 3432 autem
2983 3380 3162 3435 crucis
3188 3385 3364 3454 magis
3406 3384 3531 3442 inde

1911 3457 2216 3512 crescebat.
2243 3459 2446 3516 Idcirco
2464 3474 2642 3518 tacere
2653 3464 2826 3533 jubet,
2857 3480 3038 3540 neque
3056 3470 3398 3540 simpliciter,
3429 3474 3525 3531 sed

1918 3553 2456 3620 rursuspassiouem
2504 3569 2972 3625 commemorans,
3029 3577 3092 3616 ac
3143 3562 3256 3620 fere
3309 3581 3527 3621 causam

1911 3639 2100 3694 dicens
2129 3657 2227 3697 cur
2268 3652 2447 3700 tacere
2468 3646 2704 3716 juberet.
2756 3649 2940 3720 Neque
2986 3653 3129 3708 enim
3168 3655 3324 3724 jubet
3370 3675 3527 3713 num-

1914 3747 2075 3799 quam
2109 3732 2224 3788 lucc
2252 3737 2482 3806 cuipiam
2518 3737 2702 3796 dicere
2722 3783 2737 3806 ,
2769 3743 2862 3796 sed
2895 3742 3071 3800 donec
3099 3746 3213 3817 ipse
3243 3763 3272 3802 a
3300 3753 3528 3806 mortuis

1915 3835 2242 3913 resurgeret.
2273 3827 2450 3898 Atque
2486 3829 2574 3884 hic
2603 3832 2746 3901 quod
2785 3833 2980 3889 durum
3009 3849 3121 3892 erat
3156 3847 3356 3904 tacens,
3382 3844 3524 3913 quod

1907 3911 2207 3981 jucundum
2233 3927 2356 3973 erat
2394 3929 2599 3976 tantum
2631 3923 2785 3978 dixit.
2819 3926 2957 3994 Quid
2999 3945 3128 4000 ergo
3159 3943 3340 4001 postea
3371 3911 3523 3990 lan-

1915 4023 2020 4061 non
2047 4010 2358 4065 scandalum
2392 4017 2601 4083 passuri
2642 4029 2796 4072 erant
2828 4022 2850 4073 ?
2879 4019 3248 4094 Nequaquam.
3287 4026 3524 4101 Tempus

1913 4115 2128 4156 crucem
2164 4104 2477 4172 praecedens
2516 4116 2723 4163 tantum
2767 4117 3148 4182 quaerebatur:
3181 4134 3303 4174 nam
3340 4134 3521 4191 postea

1907 4191 2112 4259 Spiritu
2136 4207 2324 4250 sancto
2353 4195 2551 4266 dignati
2581 4212 2724 4263 sunt,
2757 4216 2809 4256 ει
2840 4206 3117 4273 signorum
3140 4225 3325 4268 th‘em
3359 4214 3522 4270 hahe-

1915 4282 2042 4336 bant
2062 4284 2160 4338 sibi
2190 4289 2638 4370 patrocinantem,
2666 4303 2827 4364 atque
2855 4299 3036 4352 omnia
3066 4316 3186 4371 quae
3213 4312 3340 4360 tunc
3369 4305 3519 4362 dice-

1911 4375 2039 4429 bant
2066 4367 2416 4446 acceptabilia
2449 4392 2626 4448 erant,
2656 4400 2779 4439 cum
2809 4401 2896 4441 res
2944 4367 3325 4462 ipszevclarius,
3353 4414 3516 4468 quam

1912 4468 2036 4521 tuba
2058 4470 2331 4538 quaelibet,
2363 4473 2480 4541 ejus
2506 4479 2799 4544 potentiam
2828 4481 3207 4555 praadiearent,
3249 4504 3347 4546 nec
3376 4509 3516 4563 quo-

1913 4558 2052 4628 piam
2086 4562 2480 4622 interveniente
2509 4567 2854 4628 offendiculo.

1979 4651 2168 4706 Christi
2208 4655 2451 4712 adventus
2489 4663 2739 4716 secundus
2777 4682 2932 4734 quam
2970 4671 3243 4740 gloriosus.
3272 4706 3344 4718 --
3372 4677 3512 4736 Nihil

1908 4759 2036 4814 ergo
2062 4747 2318 4815 apostolis
2352 4750 2556 4806 beatius
2581 4795 2597 4820 ,
2628 4757 2969 4831 maximeque
3005 4765 3173 4820 tribus
3202 4768 3304 4824 illis
3331 4772 3420 4841 qui
3464 4774 3514 4827 in
3599 4773 3606 4778 ’

1905 4835 2048 4889 nube
2075 4836 2252 4908 obtegi
2289 4856 2390 4894 una
2419 4857 2539 4897 cum
2587 4845 2812 4903 Domino
2865 4852 3066 4922 dignati
3119 4867 3268 4916 sunt.
3319 4835 3425 4918 Sed
3473 4866 3518 4921 si

1908 4925 2152 4990 velimus,
2194 4943 2292 4982 nos
2333 4945 2545 5003 quoque
2594 4935 2866 4995 Christum
2917 4944 3219 5003 videbimus
3253 4967 3266 5005 :
3306 4969 3410 5008 non
3462 4967 3518 5010 ut

1907 5017 1980 5069 illi
2007 5027 2128 5072 tunc
2176 5020 2229 5075 in
2276 5035 2454 5080 monte
2475 5067 2487 5087 ,
2531 5029 2624 5083 sed
2655 5033 2824 5087 multo
2850 5037 3308 5105 splendidiorem:
3341 5064 3516 5120 neque

1905 5126 2048 5162 enim
2080 5128 2157 5164 suc
2187 5124 2460 5182 postremo
2483 5121 2685 5176 veniet.
2720 5123 2852 5181 Nam
2888 5138 3011 5186 tunc
3033 5133 3312 5206 discipulis
3351 5158 3410 5197 se
3439 5156 3520 5198 at-

1906 5209 2212 5304 temperaus
2244 5215 2446 5262 tantum
2472 5212 2815 5281 splendorem
2844 5221 3051 5291 effudit,
3077 5242 3336 5297 quantum
3367 5247 3516 5304 puteo

1904 5303 2025 5346 rant
2055 5296 2130 5348 illi
2158 5295 2298 5353 ferre
2325 5315 2338 5364 ;
2373 5301 2422 5354 in
2453 5314 2695 5361 extremo
2722 5321 2902 5367 autem
2934 5295 3176 5387 tempore
3213 5324 3264 5378 in
3297 5295 3514 5399 propria

1908 5386 2079 5441 Patris
2106 5391 2275 5457 gloria
2304 5396 2502 5460 veniet,
2539 5415 2643 5454 non
2674 5417 2793 5458 cum
2825 5407 3005 5478 Moyse
3033 5386 3086 5466 et
3117 5415 3228 5470 Elia
3263 5386 3465 5477 ttinttim
3500 5467 3514 5484 ,

1903 5479 1997 5532 sed
2030 5495 2149 5534 cmn
2181 5483 2447 5540 immenso
2467 5493 2782 5560 angelorum
2811 5503 3056 5556 exercitu
3082 5547 3096 5567 ,
3127 5522 3247 5562 cum
3280 5515 3504 5567 archan-

1902 5571 2035 5638 gelis
2061 5613 2073 5631 ,
2110 5588 2229 5625 cum
2261 5573 2579 5635 Clierubinis
2606 5625 2619 5648 ,
2665 5602 2785 5638 cum
2820 5589 3123 5658 iiujusmodi
3172 5603 3515 5660 multitudine

1905 5661 2108 5715 inﬁnita
2134 5681 2146 5726 ;
2174 5680 2277 5718 non
2302 5683 2420 5719 cum
2447 5672 2587 5726 nube
2611 5686 2772 5745 caput
2796 5686 3094 5753 aperiente,
3123 5689 3215 5742 sed
3237 5693 3352 5758 ipso
3377 5702 3513 5753 excto

1904 5764 2199 5807 contracto.
2241 5756 2369 5809 Nam
2400 5761 2673 5818 sicutcum
2697 5767 2910 5833 judices
2951 5777 3163 5844 publice
3187 5756 3512 5845 sententiam

1966 5889 2037 5949 (η)
2075 5898 2116 5932 ίι
2189 5905 2333 5942 ίίηὶιδ
2364 5911 2449 5953 ι’τη·
2479 5901 2895 5960 ὶιοηιακοιειευιωη
2923 5913 3131 5965 deerant
3157 5922 3204 5968 lu
3230 5921 3392 5971 Morel.
