4040 6432
1416 260 1425 305 l

497 360 603 431 εδδ

495 489 750 563 ιντοιιιιιτί
796 471 939 556 sum,
983 488 1094 571 qui;
1120 487 1335 543 adstant
1379 487 1598 543 remotis
1647 486 1808 571 velis,
1845 500 1923 541 sic
1954 484 2075 540 illos

496 582 745 645 omnibus,
776 569 1183 649 conspiciendos
1225 577 1463 648 praebent
1498 595 1512 633 :
1542 578 1613 633 ita
1639 584 1696 633 et
1737 570 1864 633 tunc
1888 588 2076 631 omnes

496 660 641 727 illum
668 668 945 726 sedentem
975 667 1249 733 videbunt,
1286 678 1342 724 et
1366 678 1473 723 tota
1497 667 1726 724 humans
1769 677 1955 721 natura
1997 666 2074 720 si-

492 772 683 826 stetur.
715 762 934 833 ipseque
972 776 1068 833 per
1109 774 1170 816 se
1214 759 1320 814 illis
1348 758 1728 829 respondebit;
1765 767 1926 826 atque
1957 754 2074 810 aliis

490 855 634 910 dicet
669 872 684 909 :
728 853 919 923 Venite,
948 848 1193 908 benedicti
1219 850 1389 907 Patris
1434 853 1532 906 mei
1571 868 1590 905 :
1626 850 1809 906 estsi-ivi
1832 851 1965 904 enim
1985 890 2000 915 ,
2026 857 2073 903 et

491 946 701 1001 dedistis
746 945 874 1000 mihi
910 945 1220 999 manducare
1253 942 1469 1017 (Matth.
1498 942 1590 999 95.
1621 942 1715 1012 54)
1748 958 1762 996 :
1792 941 1912 997 aliis
1944 954 2074 995 vero

490 1034 635 1093 dicet
675 1054 691 1092 :
728 1034 874 1110 Euge
894 1077 914 1105 ,
936 1048 1074 1092 serue
1098 1036 1227 1093 bone
1251 1046 1299 1090 et
1317 1034 1483 1105 ﬁdelis
1507 1074 1521 1099 ,
1559 1052 1709 1106 super
1742 1049 1905 1104 pauca
1928 1032 2073 1103 fuisti

491 1125 680 1196 ﬁdelis,
707 1143 858 1198 super
883 1127 1044 1182 utalia
1074 1136 1121 1181 te
1143 1114 1445 1189 constituant
1465 1122 1625 1195 (Ibid.
1657 1140 1704 1180 υ.
1729 1122 1847 1193 Si).
1872 1122 2069 1178 Contra

491 1233 621 1275 vero
646 1219 767 1275 aliis
794 1236 809 1273 :
838 1217 920 1275 Ite
940 1220 993 1274 in
1023 1222 1192 1291 ignem
1232 1230 1474 1274 cateruam
1500 1227 1734 1287 paratum
1777 1214 1980 1271 diabolo
2022 1222 2072 1269 et

491 1311 685 1383 angelis
703 1311 815 1382 ejus
841 1307 1001 1382 (Ibid.
1032 1328 1080 1367 υ.
1115 1310 1239 1382 4ης
1269 1310 1389 1365 aliis
1413 1324 1542 1364 vero
1560 1351 1576 1375 ,
1607 1308 1763 1365 Serve
1788 1323 2004 1377 nequam
2024 1314 2071 1361 et

492 1404 633 1476 piger
657 1394 820 1475 (Ibid.
855 1418 903 1458 υ.
928 1400 1044 1475 26).
1074 1401 1142 1457 Et
1166 1401 1301 1456 alios
1342 1399 1554 1471 quidem
1597 1397 1917 1461 dissecabit,
1964 1406 2071 1451 tra-

490 1483 687 1567 detque
717 1494 1034 1560 tortoribus;
1056 1494 1191 1550 alios
1209 1505 1337 1550 vero
1361 1492 1536 1565 ligatis
1564 1491 1809 1547 manibus
1835 1500 1891 1546 et
1917 1488 2069 1560 pedi-

497 1587 595 1645 bus
626 1585 836 1656 iubebit
872 1585 1058 1657 projici
1102 1585 1155 1641 in
1186 1584 1432 1640 tenebras
1473 1582 1787 1639 exteriores.
1838 1581 1906 1637 Et
1952 1587 2071 1650 post

494 1678 724 1734 securim
752 1678 935 1733 fama:
967 1676 1221 1748 excipiet,
1252 1690 1314 1731 ac
1337 1690 1457 1745 quae
1495 1689 1526 1730 a
1555 1688 1749 1745 sagena
1779 1671 2069 1744 projiciun—

492 1777 598 1837 tur,
629 1770 753 1826 illuc
778 1769 990 1825 cadent.
1015 1766 1159 1822 Tunc
1169 1768 1296 1840 justi
1317 1763 1575 1838 [algebunt
1596 1767 1724 1819 sicut
1750 1763 1829 1819 sol
1852 1761 2065 1835 (Matth.

492 1852 581 1916 13.
609 1840 702 1932 43)
718 1876 732 1925 ;
749 1860 869 1917 ,imo
890 1859 1007 1929 plus
1027 1872 1185 1929 quam
1204 1858 1304 1914 sol.
1330 1856 1384 1913 Id
1406 1871 1537 1912 vero
1558 1855 1770 1931 dicitur,
1795 1869 1901 1909 non
1922 1851 2065 1924 quod

490 1944 579 2006 lux
621 1966 807 2006 eorum
848 1950 1007 2007 Sulari
1052 1966 1147 2021 par
1181 1959 1383 2005 tantum
1403 1950 1508 2017 sit;
1553 1947 1651 2005 sed
1679 1948 1816 2019 quia
1864 1956 2066 2001 astrum

492 2025 692 2098 nullum
722 2039 823 2097 hoc
848 2040 1178 2111 splendidius
1203 2041 1481 2106 habemus,
1510 2041 1581 2097 ab
1618 2039 1723 2095 hoc
1769 2048 1953 2094 notum
1992 2036 2071 2091 fa—

487 2111 612 2190 cere
656 2133 821 2188 voluit
859 2132 1091 2189 futurum
1129 2144 1436 2188 sanctorum
1462 2131 1822 2201 splendorem.
1847 2128 1982 2184 Nam
2013 2129 2065 2184 in

491 2205 671 2281 monte
697 2236 908 2297 quoque
930 2267 947 2289 ,
968 2236 1088 2280 cum
1112 2224 1273 2292 dixit,
1303 2222 1633 2295 Resplenduit
1653 2232 1709 2277 ut
1741 2222 1818 2278 sul
1838 2263 1853 2283 .
1879 2220 2067 2276 eadem

489 2315 559 2370 de
587 2329 746 2371 caiusa
770 2316 850 2370 sic
875 2316 1124 2386 loquutus
1149 2323 1251 2372 est.
1278 2313 1409 2370 Nam
1425 2313 1567 2385 quod
1590 2312 1760 2383 major
1785 2312 1878 2367 lux
1900 2319 2066 2374 esset,

488 2412 650 2476 quam
679 2421 740 2462 ea
763 2422 880 2476 qua:
909 2408 959 2461 in
994 2408 1242 2479 exemplo
1264 2406 1467 2473 fertur,
1513 2406 1779 2463 testiﬁcati
1821 2414 1945 2460 sunt
1983 2404 2067 2459 di-

488 2500 680 2570 scipuli
706 2500 979 2557 cadentes.
1020 2501 1074 2556 Si
1100 2514 1261 2571 porro
1291 2516 1396 2556 non
1438 2501 1695 2556 immensa
1724 2500 1815 2555 lux
1845 2498 2065 2563 fuisset,

487 2590 581 2645 sed
602 2591 731 2647 solis
755 2584 860 2646 luci
883 2606 997 2661 par,
1021 2601 1128 2647 non
1148 2591 1484 2659 cecidissent,
1508 2591 1602 2647 sed
1621 2590 1778 2647 facile
1797 2589 2062 2646 tulissent.

487 2680 622 2738 iusti
652 2682 811 2753 igitur
839 2693 963 2739 tunc
990 2682 1270 2754 fulgebunt
1314 2681 1591 2751 sicut'sol,
1642 2694 1699 2739 et
1742 2684 1861 2754 plus
1904 2697 2066 2754 quam

488 2773 570 2827 sol
604 2784 952 2844 :peecatnres
979 2787 1109 2831 vero
1137 2783 1376 2831 extrema
1422 2777 1709 2846 patientur.
1755 2774 1907 2830 Tune
1961 2785 2069 2829 non

487 2865 885 2919 commentariis
917 2878 1051 2933 opus
1092 2865 1233 2933 erit,
1260 2881 1366 2921 non
1388 2866 1738 2936 argumentis,
1766 2880 1871 2920 non
1915 2866 2102 2922 testi--

490 2957 589 3011 bus
614 2972 631 3014 :
654 2969 775 3011 nam
806 2958 920 3027 ipse
944 2956 1103 3026 iudex
1131 2957 1310 3013 omnia
1333 2966 1437 3025 est,
1480 2959 1653 3023 testis,
1693 2968 2065 3029 argumentum

489 3055 544 3101 et
566 3045 749 3117 iudex.
782 3046 973 3104 Omnia
1002 3047 1197 3119 quippe
1222 3048 1367 3104 clare
1402 3048 1548 3104 novit
1572 3049 1663 3105 ille
1690 3068 1705 3106 :
1732 3064 1854 3105 nam
1882 3049 2069 3106 Omnia

490 3137 630 3213 unda
672 3148 720 3192 et
761 3124 937 3207 aperta
981 3148 1099 3209 sunt
1144 3139 1303 3194 oculis
1349 3141 1456 3210 ejus
1498 3139 1681 3211 (Hebr.
1711 3141 1921 3213 4.13);
1960 3157 2067 3197 non

490 3209 673 3296 dives,
707 3244 811 3284 non
836 3240 1040 3302 pauper
1062 3271 1079 3295 ,
1111 3245 1217 3286 non
1247 3209 1435 3301 potens
1454 3271 1470 3297 ,
1502 3209 1607 3288 non
1643 3209 1917 3299 infirmus,
1960 3248 2068 3288 non

491 3321 705 3391 sapiens
723 3362 738 3385 ,
769 3336 875 3376 non
905 3320 1193 3389 insipiens,
1221 3336 1325 3376 non
1351 3331 1560 3390 servus,
1591 3336 1697 3379 non
1723 3319 1879 3392 liber,
1912 3338 2069 3379 nemo

489 3411 600 3465 illic
634 3410 930 3480 apparebit,
976 3410 1071 3467 sed
1118 3410 1201 3466 his
1251 3412 1493 3482 personis
1530 3414 1805 3480 contritis,
1847 3430 2068 3484 operum

492 3512 694 3557 tantum
718 3513 940 3558 examen
980 3503 1102 3557 erit.
1130 3502 1261 3558 Nam
1290 3503 1335 3558 si
1362 3504 1414 3559 in
1439 3491 1687 3574 iudiciis,
1718 3519 1839 3560 cum
1860 3506 1978 3575 quis
2003 3505 2071 3562 de

491 3576 787 3673 tyrannide
819 3602 912 3648 aut
961 3593 1029 3648 de
1080 3596 1226 3650 caede
1267 3609 1482 3650 causam
1528 3595 1700 3662 dicit,
1749 3597 2070 3668 quicumque

491 3684 674 3753 fuerit,
700 3687 814 3742 sive
844 3686 1147 3757 praefectus,
1177 3688 1291 3742 sive
1308 3687 1515 3753 consul,
1536 3688 1655 3743 sive
1678 3688 1886 3759 quidvis
1903 3689 2066 3756 aliud,

493 3780 672 3836 omnia
695 3778 912 3834 aVelant
936 3778 1163 3850 insignia
1189 3778 1480 3850 dignitatis,
1510 3790 1565 3835 et
1591 3781 1679 3851 qui
1706 3781 2069 3851 deprehensus

493 3882 609 3940 est,
638 3881 912 3929 extremas
935 3872 1025 3929 dat
1051 3877 1237 3944 pmnas‘
1262 3889 1277 3927 :
1303 3872 1472 3929 multo
1497 3876 1669 3945 magis
1703 3874 1775 3929 ibi
1801 3889 1889 3930 res
1914 3875 1985 3929 ita
2010 3890 2071 3932 se

491 3958 724 4020 habebit.

562 4057 616 4112 5.
663 4055 831 4110 Virtus
873 4053 1077 4126 facilis,
1102 4055 1322 4125 nequitia
1347 4071 1576 4111 onerosa.
1623 4053 1813 4111 Contra
1840 4070 2067 4111 usuram.

491 4176 564 4188 --
591 4145 646 4201 id
668 4161 736 4201 ne
761 4145 874 4211 fiat,
903 4159 1180 4216 ponamus,
1211 4144 1456 4207 obsecro,
1484 4145 1728 4201 sordidas
1775 4156 1987 4215 vestes,
2017 4156 2073 4203 et

493 4224 966 4291 induamur‘arma
1020 4234 1173 4299 lucis,
1229 4243 1283 4289 et
1334 4235 1501 4304 gloria
1551 4235 1644 4290 Dei
1689 4237 1904 4292 amiciet
1949 4251 2067 4293 nos.

494 4328 631 4395 Quid
656 4327 797 4381 enim
824 4341 889 4383 ex
915 4327 1194 4395 pneceptis
1222 4325 1425 4395 grave?
1444 4325 1569 4396 quid
1590 4342 1693 4380 non
1724 4325 2070 4385 facileiAudi

497 4422 653 4491 igitur
676 4419 802 4488 quid
822 4418 962 4472 dicat
982 4419 1268 4487 propheta,
1295 4426 1350 4472 et
1380 4429 1502 4471 tunc
1532 4417 1837 4474 facilitatem
1867 4419 2070 4475 intelli-

495 4530 626 4585 ges:
659 4511 834 4583 Neque
869 4512 914 4565 si
950 4511 1283 4564 incursaveris
1309 4551 1326 4576 ,
1355 4511 1500 4580 quasi
1548 4511 1830 4577 circulum,
1882 4512 2073 4567 collum

497 4619 656 4667 tuuin,
684 4614 729 4657 et
747 4618 948 4659 saccum
971 4612 1018 4656 et
1046 4602 1260 4656 cinerem
1284 4601 1631 4668 substraveris,
1654 4618 1813 4673 neque
1830 4603 1902 4657 sic
1925 4618 2073 4658 voca-

495 4698 571 4751 bis
581 4696 833 4766 jejunium
860 4694 1192 4762 acceptabile‘
1215 4708 1233 4745 :
1251 4692 1339 4746 sed
1361 4693 1497 4747 solue
1526 4710 1671 4748 omue
1695 4695 1947 4751 vinculum
1975 4698 2075 4750 iui-

497 4788 738 4859 quitatis,
783 4786 998 4840 dissolve
1040 4784 1365 4854 obligationes
1410 4785 1741 4841 violenturum
1783 4790 2073 4859 pactionum

497 4879 648 4950 (fsai.
682 4876 769 4934 58.
800 4877 853 4933 5.
889 4876 967 4947 6).
999 4873 1130 4931 Vide
1173 4874 1443 4946 prophette
1470 4877 1803 4945 sapientiam.
1834 4880 2075 4937 Onerosa

499 4973 649 5044 prius
690 4967 866 5040 posuit
909 4978 964 5025 et
1012 4967 1261 5034 sustulit,
1295 4978 1348 5023 et
1395 4982 1427 5023 a
1479 4968 1801 5027 facilioribus
1845 4975 2071 5029 salutem

494 5060 750 5131 consequi
775 5068 943 5129 rogat,
975 5059 1284 5125 ostendens,
1331 5074 1437 5112 non
1482 5058 1694 5115 labores
1742 5062 1932 5131 Deum,
1978 5065 2071 5120 sed

494 5150 850 5207 obedientiam
877 5162 1189 5219 exposcere.
1221 5149 1423 5205 Deinde
1452 5160 1511 5205 ut
1537 5164 1925 5210 commonstret
1970 5158 2077 5211 vir-

500 5254 666 5297 tutem
707 5240 937 5301 facilem,
993 5240 1281 5309 nequitiam
1330 5255 1455 5295 vero
1509 5258 1791 5300 onerosam
1846 5262 1986 5314 esse,
2042 5264 2071 5303 a

499 5333 654 5387 nudis
685 5332 987 5386 nmninibus
1027 5330 1077 5385 id
1118 5330 1362 5385 adstruit.
1390 5330 1637 5402 Nequitia
1659 5337 1799 5389 enim
1822 5375 1839 5403 ,
1872 5337 2070 5407 inquit,

496 5438 580 5480 est
600 5425 865 5480 vinculum
896 5433 949 5478 et
976 5423 1246 5494 obligatio,
1282 5424 1449 5478 virtus
1471 5433 1644 5480 autem
1676 5428 1741 5481 ab
1773 5429 1853 5483 bis
1875 5430 2071 5486 libera—

499 5521 573 5573 tio
600 5528 649 5572 et
682 5516 893 5571 solutio.
927 5516 1138 5569 Omnem
1164 5514 1505 5586 syngrapham
1533 5516 1774 5583 iniustam
1806 5520 2027 5589 disrerpc
2055 5564 2069 5587 ,

497 5614 759 5667 fmnorum
781 5618 833 5663 ct
855 5623 1133 5663 usurarum
1151 5609 1405 5678 rescripta
1426 5609 1502 5664 sic
1527 5611 1817 5681 appellans.
1846 5611 2077 5669 Dissoive

564 5743 576 5776 ί
616 5739 798 5802 Morel,
813 5752 843 5791 η
920 5756 963 5792 ιε
986 5743 1055 5792 sic
1078 5741 1265 5792 vocabis
1281 5739 1577 5805 sacriﬁcium
1594 5745 1902 5810 acceptabile.
1927 5756 2084 5810 Unus,

564 5810 647 5855 Fine
672 5818 739 5855 uc
770 5754 954 5855 tum
979 5806 1104 5855 diem
1127 5804 1479 5855 acceptabilern.

500 5810 647 5867 mque
672 5818 739 5855 uc
770 5804 954 5855 racabt‘s
979 5806 1104 5855 diem
1127 5804 1479 5867 acceptabilem.

1246 367 1303 427 8.
1343 358 1622 427 ,ιοΑΝΝιε
1653 361 2126 423 ουκγεοετοκι
2162 362 2478 420 ARClllEP.
2521 364 3058 424 CONSTANTINUP.

2186 486 2473 554 confractos
2524 486 2577 540 in
2636 486 2963 553 remissione,
3014 487 3243 544 miseros
3295 490 3564 553 videlicet.
3632 493 3787 550 Talis

2182 562 2375 645 quippe
2417 574 2629 631 debitor
2670 588 2753 634 est
2786 592 2948 653 :cum
2998 580 3188 650 viderit
3227 583 3551 639 creditorem
3578 628 3593 651 ,
3658 588 3784 656 ejus

2182 666 2389 721 animus
2418 668 2696 737 frangitur,
2745 670 3027 741 ipsumque
3068 674 3238 739 magis
3261 688 3420 745 quam
3453 675 3626 731 feram
3660 678 3776 731 for-

2182 755 2366 811 midat.
2412 756 2479 812 Et
2522 775 2766 829 pauperes
2810 770 2938 816 tecto
2986 773 3208 819 carentes
3249 766 3401 820 indue
3449 768 3504 821 in
3561 770 3783 822 domum

2182 857 2362 913 tuam;
2388 849 2434 903 si
2453 850 2635 906 sideris
2664 852 2876 917 nudum,
2906 856 3047 925 operi
3065 871 3199 921 eum,
3222 866 3269 911 et
3305 861 3541 929 proprios
3562 863 3781 918 uirsinis

2180 939 2255 991 uti
2286 955 2387 993 non
2413 940 2660 1010 despicias
2682 941 2836 1010 (Isai.
2869 943 2959 1000 58.
2990 938 3066 1016 7).
3096 945 3151 1000 In
3176 948 3438 1004 concione
3472 965 3637 1019 quam
3672 968 3778 1007 nu-

2181 1036 2277 1097 per
2321 1028 2623 1096 habuimus,
2680 1044 2800 1087 cum
2845 1033 2915 1095 de
2942 1036 3178 1104 praemiis
3205 1052 3506 1105 ageremus,
3551 1040 3779 1096 divitias

2179 1117 2303 1173 inde
2329 1130 2508 1188 partas
2531 1115 2865 1178 ostendimus
2910 1141 2923 1178 :
2950 1114 3113 1182 nunc
3141 1139 3301 1196 porro
3328 1128 3609 1185 videamus
3638 1147 3773 1187 num

2175 1207 2302 1278 quid
2330 1224 2397 1263 ex
2429 1212 2711 1280 praeceptis
2737 1211 2955 1269 difficile
2979 1214 3050 1270 sit
3070 1256 3083 1280 ,
3129 1226 3185 1271 et
3236 1229 3481 1274 naturam
3522 1232 3775 1277 nostram

2175 1306 2410 1368 superet.
2440 1300 2547 1356 Sed
2573 1300 2704 1355 nihil
2734 1303 2911 1359 simile
2940 1304 3305 1374 inveniemus;
3338 1310 3448 1364 imo
3491 1315 3777 1369 contraria

2176 1390 2375 1457 omnia,
2424 1390 2497 1446 ita
2541 1402 2601 1448 ut
2647 1410 2767 1465 quae
2806 1395 3053 1454 virtutem
3096 1410 3360 1471 spectant,
3387 1418 3640 1474 magnam
3673 1406 3778 1461 ha-

2150 1468 2336 1539 ‘heant
2385 1485 2713 1554 facilitatem,
2768 1498 2955 1545 contra
3000 1468 3148 1559 vero,
3202 1468 3437 1564 quaead
3468 1468 3774 1568 nequitiam

2177 1576 2484 1645 pertinent,
2530 1577 2768 1636 sudores
2806 1582 3083 1639 tnaximos.
3118 1584 3256 1653 Quid
3287 1588 3429 1641 enim
3462 1598 3545 1644 est
3572 1590 3776 1648 diffici-

2175 1664 2293 1731 lius,
2325 1683 2484 1738 quam
2516 1667 2792 1739 fmnerari,
2821 1686 2885 1728 ac
2908 1674 2974 1729 de
2997 1689 3154 1730 usura
3176 1686 3229 1732 et
3253 1680 3590 1747 pactionibus
3620 1684 3778 1739 solli-

2172 1756 2336 1810 citum
2379 1773 2521 1823 esse,
2565 1762 2887 1830 sponsiones
2931 1776 3206 1836 expetere,
3248 1784 3312 1825 ac
3350 1770 3419 1825 de
3447 1774 3775 1842 pigucribus

2172 1855 2414 1903 metuere
2456 1861 2521 1905 ac
2564 1860 2812 1917 tremere,
2854 1854 2923 1910 de
2971 1867 3135 1921 sorte,
3180 1859 3247 1915 de
3293 1863 3641 1932 syngraphis,
3700 1866 3776 1921 de

2174 1937 2490 2004 femoribus,
2518 1942 2586 1998 de
2614 1945 2989 2015 sponsionibus
3012 1950 3063 2003 ‘i
3088 1949 3245 2007 Tales
3289 1963 3413 2008 sunt
3456 1971 3547 2010 res
3588 1970 3775 2013 sacu-

2174 2028 2335 2085 lares.
2370 2030 2493 2087 Haec
2536 2049 2655 2105 quae
2690 2036 2897 2092 videtur
2939 2040 3233 2110 excogitata
3275 2045 3536 2101 securitas
3583 2050 3774 2118 suspi-

2178 2122 2419 2178 cionibus
2448 2123 2601 2194 plena
2623 2167 2639 2192 ,
2670 2136 2724 2181 et
2748 2131 2984 2184 omnium
3012 2130 3349 2203 fragilissima
3388 2145 3501 2205 est;
3546 2139 3773 2196 miseri-

2172 2211 2408 2268 cordiam
2474 2226 2650 2272 autem
2695 2232 2947 2276 exercere
2992 2220 3148 2279 facile
3198 2235 3281 2280 est
3297 2227 3340 2295 ³,
3390 2229 3459 2284 ab
3505 2231 3774 2303 omnique

2179 2302 2540 2359 sollicitudine
2583 2306 2792 2363 liberat.
2839 2306 2917 2366 Ne
2962 2312 3122 2383 igitur
3173 2315 3378 2373 alienas
3428 2302 3772 2378 calamitates

2176 2392 2531 2463 negotiemur,
2562 2411 2632 2453 ne
2653 2398 2707 2453 in
2732 2399 2937 2475 lucrum
2965 2412 3233 2462 vertamus
3262 2408 3349 2463 illa
3376 2424 3495 2480 qua:
3536 2412 3605 2467 ad
3658 2415 3770 2468 mi.

2173 2483 2522 2539 sericordiam
2549 2498 2813 2555 speetant.
2846 2490 2972 2547 Scio
2997 2492 3249 2564 quidem,
3281 2499 3478 2554 multus
3510 2501 3629 2556 hinc
3651 2519 3769 2558 non

2172 2572 2402 2631 libenter
2428 2576 2613 2633 audire
2638 2596 2652 2631 :
2678 2580 2771 2635 sed
2799 2582 2926 2651 quid
2955 2598 3019 2639 ex
3050 2585 3262 2642 silentio
3288 2588 3419 2644 lucri
3445 2593 3771 2650 accederet?

2173 2664 2229 2722 Si
2262 2676 2488 2736 taceam,
2514 2680 2571 2725 et
2594 2672 2793 2729 nemini
2823 2675 3120 2732 molestiam
3144 2681 3323 2737 verbis
3351 2682 3576 2738 inferam
3602 2725 3619 2747 .
3654 2704 3768 2743 non

2173 2769 2362 2830 potero
2415 2778 2510 2832 per
2556 2765 2829 2821 silentium
2881 2784 2975 2825 vos
3018 2786 3049 2825 a
3097 2774 3356 2843 supplicio
3392 2790 3621 2842 eruere;
3652 2779 3768 2835 imo

2175 2849 2301 2907 hinc
2326 2855 2505 2909 omnia
2546 2859 2815 2912 contraria
2843 2861 3096 2916 eveniunt
3127 2882 3140 2917 :
3169 2866 3427 2935 supplicia
3456 2879 3724 2938 augentur
3743 2912 3764 2938 ,

2175 2952 2339 3014 atque
2365 2946 2672 3015 liujusmodi
2718 2950 2953 3018 silentii,
2986 2968 3090 3006 non
3124 2969 3219 3009 vos
3250 2965 3451 3011 tantum
3482 3000 3496 3024 ,
3532 2958 3629 3013 sed
3660 2976 3769 3033 ego

2173 3035 2333 3089 etiam
2363 3051 2548 3105 poenas
2574 3038 2779 3094 darem.
2806 3040 2886 3095 Ad
2918 3043 3048 3112 quid
3073 3044 3234 3115 igitur
3254 3049 3541 3103 verborum
3563 3051 3767 3108 adula-

2174 3114 2269 3190 tio,
2301 3127 2514 3197 quando
2536 3128 2626 3184 illa
2650 3129 2717 3184 ad
2743 3134 3072 3201 operandum
3100 3114 3234 3191 nihil
3248 3138 3400 3209 juvat
3421 3182 3435 3204 ,
3465 3141 3576 3197 imo
3596 3144 3764 3201 etiam

2176 3216 2382 3272 nocet?
2434 3220 2575 3289 quod
2624 3219 2831 3276 lucrum
2883 3224 3049 3280 verbo
3096 3225 3331 3283 laetitiam
3366 3271 3383 3297 ,
3433 3246 3494 3287 re
3539 3232 3767 3291 dolores

2173 3302 2411 3387 afferre?
2447 3324 2605 3367 aures
2641 3312 2947 3371 demulcere
2971 3327 3029 3372 et
3061 3320 3295 3375 animam
3323 3323 3586 3393 supplicio
3610 3326 3768 3381 addi-

2173 3401 2331 3456 cere?
2372 3402 2498 3458 ideo
2522 3420 2743 3461 necesse
2785 3418 2869 3463 est
2912 3408 2999 3466 hic
3042 3410 3246 3480 dolere,
3296 3423 3370 3472 ne
3418 3417 3528 3472 illic
3574 3435 3765 3489 pinnas

2174 3491 2380 3548 demus.
2414 3492 2545 3549 Nam
2574 3498 2773 3566 gravis,
2802 3500 2978 3568 gravis
3003 3513 3149 3559 certe
3168 3515 3226 3560 et
3244 3508 3466 3571 omnino
3491 3514 3766 3569 curandus

2174 3582 2392 3638 morbus
2436 3586 2728 3642 Ecclesiam
2773 3589 2985 3646 inrasit.
3023 3593 3121 3660 Qui
3154 3596 3521 3680 prohibentur.
3548 3604 3645 3658 'vel
3693 3620 3761 3662 ex

2170 3675 2331 3746 justis
2356 3676 2629 3734 laboribus
2658 3684 2910 3756 pecunias
2934 3688 3292 3759 aecu'mulare,
3326 3693 3430 3748 imo
3453 3675 3542 3766 qui
3565 3696 3766 3766 jubeuo

2174 3773 2262 3820 tur
2290 3782 2422 3837 opes
2448 3784 2572 3825 suas
2593 3774 2777 3842 egenis
2808 3777 3021 3847 aperire
3042 3814 3058 3847 ,
3091 3795 3158 3835 ex
3188 3781 3414 3858 aliorum
3446 3802 3766 3859 paupertate

2173 3857 2484 3943 ditescunt,
2519 3865 2818 3933 speciosam
2849 3872 3089 3937 rapinam
3116 3876 3485 3947 excogitantes
3529 3857 3585 3936 et
3627 3884 3767 3951 bene

2174 3949 2465 4005 coloratam
2488 3955 2785 4010 avaritiam.
2808 3957 2886 4013 Ne
2906 3962 3036 4016 mihi
3059 3976 3308 4021 externas
3334 3967 3481 4039 leges
3505 3972 3761 4042 obiicias:

2176 4042 2490 4113 publicanus
2535 4050 2678 4103 enim
2730 4050 2897 4122 legem
2928 4053 3073 4121 illam
3104 4060 3425 4115 exteriorem
3458 4076 3677 4133 servat,
3712 4078 3767 4123 et

2177 4142 2355 4191 tamen
2400 4137 2492 4192 dat
2534 4155 2740 4209 paruas.
2783 4142 2934 4211 Quod
2973 4147 3132 4216 etiam
3163 4163 3263 4205 nos
3309 4153 3605 4222 palietnur,
3662 4160 3765 4213 nisi

2176 4224 2482 4283 desinamus
2514 4246 2774 4302 pauperes
2797 4245 3063 4306 atterere,
3113 4250 3168 4296 et
3198 4245 3440 4313 penuria:
3484 4253 3768 4318 egestatis-

2176 4334 2281 4390 que
2319 4324 2601 4380 occasione
2640 4338 2871 4399 sumpta,
2911 4330 3219 4401 impudente
3247 4337 3391 4393 abuti
3422 4354 3603 4395 usura.
3637 4342 3767 4400 ideo
3870 4410 3879 4411 ί

2176 4413 2317 4467 enim
2368 4416 2641 4484 pecunias.
2665 4417 2863 4488 habes,
2895 4430 2951 4476 ut
2981 4437 3347 4494 paupertatem
3392 4433 3573 4489 solvas
3596 4476 3612 4501 ,
3657 4452 3766 4493 non

2177 4513 2235 4559 ut
2257 4522 2378 4561 eam
2404 4508 2708 4576 opprimas;
2742 4520 2798 4565 tu
2829 4528 2957 4569 vero
2977 4552 2993 4584 ,
3022 4519 3173 4586 quasi
3203 4534 3360 4590 Opem
3391 4521 3571 4580 ferens
3596 4566 3611 4591 ,
3642 4543 3767 4583 ma-

2174 4599 2347 4670 jorem
2394 4599 2559 4655 infers
2601 4603 2957 4661 calamitatem
2984 4650 3000 4674 ,
3048 4620 3103 4666 et
3130 4611 3504 4671 liberalitatem
3537 4625 3765 4688 pecunia

2180 4693 2387 4748 vendis.
2427 4693 2608 4749 Vende
2628 4737 2642 4760 ,
2678 4711 2782 4752 non
2815 4711 2936 4753 veto
2960 4741 2976 4767 ,
3014 4703 3108 4758 sed
3138 4720 3234 4774 pro
3265 4722 3429 4779 regno
3456 4712 3715 4769 caelorum
3750 4734 3764 4769 :

2181 4798 2248 4839 ne
2281 4800 2497 4853 parvmn
2524 4789 2753 4858 accipias
2779 4793 2958 4860 Operis
2985 4792 3203 4863 hujusce
3231 4800 3466 4866 pretium
3487 4843 3503 4867 ,
3539 4819 3760 4862 usuram

2180 4877 2520 4931 centesimam
2553 4876 2661 4951 (a),
2694 4880 2786 4935 sed
2818 4882 2976 4938 vitam
3023 4886 3401 4946 immortalem.
3430 4894 3537 4948 Cur
3562 4910 3769 4967 pauper

2181 4980 2234 5026 et
2286 4987 2486 5027 etenus
2533 4975 2630 5028 es?
2682 4990 2777 5029 cur
2825 4978 2999 5046 pusilli
3027 4982 3209 5047 animi,
3260 4996 3317 5038 ut
3360 5003 3549 5059 magna
3596 5008 3767 5063 parvo

2182 5064 2355 5132 pretio
2403 5065 2607 5119 vendas
2636 5105 2650 5132 ,
2693 5076 2747 5120 et
2798 5082 2895 5137 pro
2942 5069 3158 5127 caducis
3205 5064 3446 5142 pecuniis
3473 5079 3609 5147 des,
3639 5098 3765 5141 cum

2181 5162 2455 5224 oporteret
2488 5166 2583 5225 pm
2624 5172 2788 5227 regno
2814 5158 3046 5215 vendere
3086 5176 3300 5233 semper
3329 5174 3622 5227 manente?
3668 5191 3768 5232 cur

2184 5247 2291 5305 Deo
2344 5248 2557 5316 relicto,
2604 5247 2831 5307 humana
2874 5254 3137 5310 lucraris?
3180 5272 3277 5314 cur
3320 5260 3486 5320 divite
3528 5266 3715 5323 relicto
3746 5310 3765 5339 ,

2244 5436 2261 5503 ξ
2298 5437 2485 5503 Μοῖρι.ξ
2507 5436 2568 5485 de
2593 5436 2825 5503 {uenarum
2846 5434 3213 5503 sponsionibus.

2243 5501 2263 5530 ²
2300 5505 2441 5552 Unus.
2470 5498 2744 5559 impendere
2770 5506 2926 5547 mitem
2948 5496 3092 5556 facile
3115 5507 3201 5550 est.

2247 5561 2317 5621 (α)
2350 5562 2464 5611 Erat
2510 5562 2927 5627 [wrrocemgsimu
2953 5573 3112 5627 usurae
3132 5576 3309 5623 genus,
3352 5577 3450 5626 quo
3489 5566 3572 5627 qui
3599 5565 3645 5616 iu
3673 5569 3761 5619 fe»

2181 5637 2272 5671 nus
2293 5624 2621 5693 accipiebant,
2640 5621 2840 5679 singulis
2862 5624 3111 5670 mensibus
3141 5621 3456 5693 eenteSinfam
3480 5621 3630 5677 sortis
3653 5642 3763 5693 par-

2181 5693 2280 5735 tem
2304 5686 2569 5743 solvereut,
2612 5686 2673 5732 ita
2701 5693 2751 5730 ut.
2774 5688 3250 5752 ρριὶιυηχιιιειιεὶρὶυε
3282 5696 3465 5737 sortem
3486 5686 3762 5752 καθίει-ἐπι.

2180 5756 2259 5797 De
2281 5751 2483 5809 ruliqms
2506 5750 2795 5813 centesimae
2808 5749 3076 5813 generibus
3096 5749 3202 5797 \‘ide
3221 5763 3363 5811 supra
3395 5752 3442 5798 in
3479 5749 3767 5813 praefatione

2183 5811 2237 5861 all
2258 5808 2477 5874 qmrmm
2502 5817 2715 5869 'l‘omum,
2740 5808 2838 5869 ἓν.
