4040 6424
249 435 358 503 557

247 555 471 635 pauperi
498 552 796 614 molestiam
819 543 1004 614 inl'ersi
1023 556 1076 602 et
1097 539 1409 614 largientem
1431 543 1848 609 praetercurrens

249 625 382 711 cum
409 655 618 723 ingrato
649 656 797 716 pacta
830 642 968 698 inis?
998 640 1095 694 Ille
1124 635 1352 693 reddere
1379 627 1730 700 concupiscit,
1760 625 1848 678 hic

259 760 407 817 egre
435 720 630 798 reddit.
665 739 762 794 Hic
805 738 889 792 vix
916 731 1268 789 centesimum
1299 733 1580 788 numerat;
1608 720 1698 775 ille
1723 732 1852 773 cen-

255 812 461 908 tuplum
490 844 540 886 et
587 845 811 900 regnum
857 827 1133 880 cazlorum.
1186 820 1285 874 llic
1329 832 1450 871 cum
1496 812 1753 869 conviciis
1795 817 1850 862 et

254 899 617 985 contumeliis,
662 899 759 977 ille
803 935 922 974 cum
963 914 1212 970 laudibus
1237 922 1289 966 et
1314 906 1599 978 encomiis.
1632 903 1727 957 Hic
1754 899 1849 954 tibi

255 1016 512 1072 invidiam
564 1013 744 1081 parit,
799 1009 886 1062 ille
937 1006 1027 1061 libi
1069 1015 1298 1059 coronas
1345 999 1530 1054 nectit.
1563 995 1658 1049 llic
1683 993 1769 1046 vix
1797 992 1848 1045 in

259 1110 366 1166 hoc
405 1108 636 1170 saeculo,
671 1105 761 1158 ille
805 1112 857 1156 et
887 1101 938 1154 in
967 1099 1072 1152 hoc
1098 1107 1152 1151 et
1181 1097 1232 1148 in
1265 1094 1464 1148 futuro.
1496 1091 1691 1144 Annon
1719 1098 1851 1153 ergo

255 1208 515 1255 extrema:
560 1192 848 1250 dementiae
892 1198 996 1255 est,
1047 1203 1116 1242 ne
1165 1186 1306 1239 scire
1346 1180 1561 1252 quidem
1603 1174 1852 1231 lucrari?

258 1293 406 1359 Quot
449 1287 673 1344 fmnoris
715 1297 876 1339 causa
926 1289 1124 1335 sortem
1162 1278 1323 1330 etiam
1365 1268 1698 1328 amiserunt?
1723 1273 1856 1338 qttot

258 1393 484 1455 propter
507 1392 697 1435 usuras
724 1378 776 1431 in
807 1372 1040 1445 pericula
1069 1367 1401 1426 inciderunt?
1427 1376 1557 1435 quot
1599 1371 1655 1419 et
1696 1375 1756 1415 se
1800 1369 1857 1415 et

260 1452 398 1532 alios
424 1473 474 1528 in
505 1479 798 1526 extremam
832 1471 1196 1534 paupertatem
1228 1460 1543 1529 deiecerunt
1571 1452 1640 1509 ob
1669 1453 1853 1507 incre-

259 1565 480 1623 dibilem
507 1561 826 1617 avaritiam?

335 1659 390 1716 ϐ.
416 1657 493 1714 Ne
522 1656 650 1711 mihi
680 1653 882 1708 dixeris
907 1693 920 1716 ,
953 1649 1100 1703 illum
1131 1649 1289 1700 talem
1317 1645 1545 1699 libenter
1568 1640 1812 1708 accipere
1836 1679 1852 1704 ,

261 1761 321 1806 et
361 1751 429 1805 de
473 1747 676 1802 [tenore
733 1743 958 1814 gratiam
1003 1739 1220 1793 habere.
1264 1735 1391 1789 Illud
1436 1736 1578 1789 enim
1627 1745 1721 1798 per
1771 1731 1856 1783 in-

261 1821 649 1900 humanitatem
693 1847 840 1892 tuam
899 1833 1094 1890 evenit.
1141 1830 1271 1885 Nam
1318 1840 1372 1884 et
1421 1826 1687 1882 Abraham
1733 1837 1858 1906 cupi

261 1951 485 1993 uxorem
534 1932 777 1988 barbaris
825 1926 1064 1990 tradidit,
1118 1923 1337 1978 insidias
1387 1921 1503 1975 illas
1532 1919 1633 1973 sibi
1677 1924 1859 1986 gratas

261 2029 496 2087 reddidit
520 2024 687 2098 (Gen.
719 2021 804 2076 12.
836 2023 902 2074 15
922 2020 972 2089 );
1001 2035 1106 2072 non
1135 2017 1364 2070 libenter
1386 2057 1400 2079 ,
1434 2012 1528 2068 sed
1559 2013 1628 2066 ob
1657 2019 1858 2065 metum

264 2120 580 2180 Pharaonis.
611 2118 699 2172 Sic
725 2115 884 2170 etiam
930 2127 1130 2182 pauper
1155 2151 1170 2172 ,
1202 2110 1323 2178 quia
1371 2123 1430 2161 re
1471 2105 1637 2176 gratis
1681 2103 1859 2157 oblata

263 2216 487 2284 dignum
533 2210 680 2264 illum
747 2221 852 2261 nou
910 2216 1142 2263 censes,
1193 2200 1261 2255 de
1309 2191 1624 2252 Crudelitate
1663 2197 1863 2266 gratias

261 2323 427 2378 agere
472 2303 700 2373 cogitur.
746 2298 826 2354 Tu
859 2308 1036 2350 autem
1069 2294 1200 2348 mihi
1245 2291 1463 2355 videris,
1495 2291 1590 2342 sia
1619 2289 1861 2358 periculo

265 2397 573 2467 quempiam
602 2392 926 2450 viudicares,
957 2387 1262 2442 mercedem
1295 2395 1347 2439 te
1379 2384 1476 2436 hac
1501 2383 1569 2436 de
1600 2396 1761 2435 causa
1793 2380 1863 2434 ab

264 2490 364 2544 illo
405 2489 763 2556 tlagitaturum
813 2494 956 2534 esse.
1003 2477 1190 2541 Absit,
1221 2476 1449 2546 inquies.
1496 2473 1633 2540 Quid
1683 2471 1862 2526 dicis?

266 2581 400 2634 Cum
423 2595 451 2632 a
474 2577 659 2646 majori
681 2573 821 2627 malo
848 2572 1066 2633 liberas,
1087 2584 1190 2623 non
1216 2568 1295 2622 vis
1317 2566 1573 2636 pecunias
1596 2566 1811 2634 exigere
1841 2579 1855 2616 ε

263 2672 396 2733 dum
427 2690 524 2745 pro
568 2687 625 2728 re
653 2672 862 2724 minore
895 2675 1096 2720 tantam
1128 2663 1349 2717 exhibes
1374 2658 1862 2715 inhumanitatem?

266 2769 385 2825 Non
431 2765 578 2818 vides
623 2769 882 2832 quantum
928 2757 1053 2810 huic
1097 2755 1174 2809 rei
1221 2753 1467 2807 imminet
1491 2749 1860 2818 supplicium?

270 2875 377 2913 non
425 2853 579 2909 audis
623 2850 748 2906 illud
799 2850 851 2903 in
884 2847 1063 2901 Veteri
1105 2846 1264 2898 etiam
1295 2843 1643 2897 Testamento
1675 2839 1860 2908 prohi-

268 2951 385 3008 beri
416 2947 589 3020 (Deut.
616 2943 750 3016 15)?
780 2941 885 2998 Sed
910 2939 1036 3011 quid
1070 2937 1221 2992 multi
1269 2933 1692 2991 causiﬁcantur?
1725 2933 1860 2987 Dum

268 3046 447 3098 faenus
480 3037 707 3105 accipio,
755 3033 826 3088 do
871 3029 1113 3102 pauperi.
1164 3027 1310 3083 Bona
1341 3025 1524 3091 verba,
1555 3024 1626 3079 mi
1659 3023 1860 3089 homo;

271 3129 576 3203 huiusmodi
629 3125 888 3183 sacrificia
938 3139 1044 3176 non
1092 3121 1206 3175 vult
1255 3119 1416 3175 Deus.
1465 3118 1544 3172 Ne
1588 3118 1758 3187 legem
1792 3117 1862 3170 ita

265 3224 466 3280 callide
504 3217 710 3275 eludas.
762 3215 952 3270 Melius
999 3221 1082 3267 est
1126 3211 1342 3281 pauperi
1374 3225 1478 3266 non
1505 3209 1636 3264 dare
1659 3251 1673 3270 ,
1702 3223 1860 3278 quant

267 3316 396 3373 inde
441 3320 711 3383 sumptum
739 3307 866 3362 dare
909 3324 922 3360 :
965 3306 1085 3375 quia
1125 3304 1409 3374 pecuniam
1450 3302 1613 3369 justis
1656 3310 1860 3370 partam

267 3405 538 3464 laboribus
562 3416 704 3471 saepe
726 3398 907 3454 reddis
934 3397 1169 3466 iniquam
1197 3395 1266 3449 ob
1296 3394 1509 3464 iniquos
1537 3392 1699 3458 fctus,
1729 3407 1792 3447 ac
1813 3392 1858 3448 si

268 3502 390 3572 quis
416 3495 696 3554 fecundum
727 3502 939 3547 uterum
973 3498 1139 3560 cogat.
1154 3486 1470 3558 scorpiones
1497 3501 1708 3556 parere.
1754 3485 1859 3540 Ec-

267 3592 394 3664 quid
423 3591 595 3659 legem
627 3586 720 3641 Dei
751 3583 1026 3640 memoro?
1053 3584 1242 3637 Annon
1274 3594 1369 3634 vos
1398 3579 1497 3650 ipsi
1520 3578 1709 3634 sordes
1733 3576 1861 3632 illud

268 3699 392 3740 esse
431 3679 646 3736 dicitis?
673 3679 729 3734 Si
757 3687 936 3732 autem
976 3691 1074 3730 vos
1120 3673 1208 3744 qui
1248 3673 1455 3726 lucrum
1503 3670 1752 3732 refertis,
1791 3670 1862 3723 ita

269 3775 536 3838 Statuitis;
579 3771 750 3842 cogita
793 3782 952 3838 quam
1003 3768 1141 3821 Deus
1180 3764 1248 3820 de
1290 3764 1441 3818 vobis
1468 3763 1605 3818 feret
1646 3771 1864 3817 senten-

271 3870 422 3924 tiam.
450 3865 601 3932 Quod
632 3865 676 3919 si
703 3861 835 3917 velis
860 3867 1114 3915 externos
1141 3857 1473 3927 legislatures
1503 3855 1859 3932 interrogare,

268 3957 454 4015 audies
507 3956 628 4010 illos
682 3952 732 4008 id
788 3960 1046 4007 extrema:
1100 3947 1445 4017 impudentiae
1492 3935 1613 4001 esse
1651 3953 1858 4014 putare.

268 4051 428 4104 Certe
459 4048 525 4103 iis
565 4046 654 4116 qui
703 4044 989 4114 dignitates
1036 4049 1330 4110 occupant,
1368 4039 1564 4109 quique
1603 4037 1861 4093 Senatunt

269 4155 521 4214 magnum
549 4138 901 4210 constituunt,
931 4150 1036 4189 non
1066 4134 1193 4189 licet
1221 4132 1523 4202 huiusmodi
1567 4130 1718 4185 lucro
1767 4128 1860 4184 de-

271 4233 580 4293 honestari;
609 4229 705 4285 sed
738 4231 822 4284 lex
849 4227 988 4298 apud
1020 4227 1139 4280 illus
1167 4234 1284 4290 est,
1333 4239 1452 4294 quae
1494 4224 1544 4279 id
1592 4223 1858 4294 prohibet.

269 4323 551 4395 Quomodo
582 4322 741 4392 igitur
761 4335 866 4375 non
899 4317 1224 4373 horrendum
1254 4316 1445 4383 fuerit,
1470 4316 1513 4370 si
1544 4332 1648 4372 non
1677 4323 1861 4386 parem

271 4437 2418 4475 ’,Μ-...-

1252 415 1317 480 IN
1357 406 1766 479 inﬁrmum
1800 405 2039 468 ﬂOIlL.
2081 406 2239 463 LVII.
2280 408 2352 462 al.
2392 393 2578 465 LV'ut.

3456 397 3561 456 558

1955 525 2157 581 cmlesti
2187 524 2385 581 civitati
2408 515 2672 580 honorem
2700 514 2906 578 tribuas
2930 561 2946 587 ,
2981 513 3198 590 qualem
3224 511 3562 591 legislatures

1951 621 2317 678 Romanorum
2355 617 2566 673 senatui
2593 615 2869 680 tribuunt,
2896 611 2991 670 sed
3017 602 3282 668 minorem
3311 609 3445 667 cado
3472 627 3563 664 re-

1953 714 2096 770 feras
2141 729 2300 785 quam
2335 722 2527 774 teme,
2570 718 2746 779 neque
2772 718 2825 764 te
2856 703 3054 776 pudeat
3081 713 3244 760 tanta:
3276 701 3564 773 turpitudi-

1954 807 2082 863 nis?
2123 806 2259 874 Quid
2292 805 2438 859 enim
2480 803 2720 856 insanius
2747 795 2944 874 fuerit,
2991 807 3152 867 quam
3193 798 3238 852 si
3281 797 3400 867 quis
3445 798 3564 852 sine

1957 909 2122 962 terra,
2155 897 2270 952 sine
2292 895 2492 967 pluvia,
2518 895 2636 948 sine
2659 899 2842 946 aratro
2862 881 3132 946 seminare
3158 881 3428 944 voluerit?
3451 887 3563 944 Hac

1953 989 2022 1046 de
2051 1004 2210 1044 causa
2243 987 2443 1042 zizania
2466 1026 2480 1052 ,
2513 1000 2634 1055 quae
2677 983 2785 1054 igni
2814 973 3075 1057 tradenda
3101 978 3228 1036 sunt
3256 1021 3272 1047 ,
3315 989 3561 1047 metunt,

1954 1081 2045 1153 qui
2074 1069 2271 1134 malam
2301 1077 2608 1147 hujusmodi
2634 1075 3017 1146 agriculturam
3048 1058 3447 1153 excogitartmt.

2034 1171 2313 1228 Faenorum
2342 1169 2552 1224 damna.
2584 1197 2656 1208 —-
2685 1169 2881 1222 Annon
2912 1158 3097 1220 multa:
3125 1174 3251 1219 sunt
3275 1152 3435 1235 iusta:
3464 1178 3561 1218 ne-

1954 1261 2321 1334 gotiatimtes?
2350 1275 2623 1331 agrorum,
2650 1273 2895 1330 gregum,
2918 1264 3311 1317 armentorum,
3343 1258 3568 1310 manua-

1958 1357 2085 1411 lium
2135 1355 2380 1409 laborum
2401 1394 2416 1419 ,
2467 1352 2748 1421 solersque
2795 1350 2872 1404 rei
2906 1348 3188 1404 familiaris
3223 1348 3397 1403 cura?
3422 1346 3564 1416 Quid

1959 1447 2160 1502 insanis
2189 1454 2246 1498 ut
2266 1444 2449 1513 spinas
2490 1443 2685 1496 frustra
2713 1438 2994 1496 demetas?
3031 1440 3098 1493 At
3130 1436 3338 1494 fructus
3366 1449 3525 1493 terra:
3545 1480 3562 1505 ,

1958 1537 2169 1608 inquies
2189 1577 2204 1599 ,
2229 1536 2412 1590 multis
2434 1543 2558 1588 sunt
2575 1534 2790 1588 casibus
2823 1532 3080 1598 obnoxii,
3103 1531 3348 1602 grandini
3369 1573 3384 1596 ,
3410 1531 3564 1588 rubi-

1957 1629 2099 1700 gini,
2127 1618 2386 1683 imbribus
2415 1616 2632 1680 nimiis?
2657 1623 2761 1680 Sed
2794 1639 2901 1678 non
2934 1631 3012 1679 tot
3038 1623 3282 1688 Casibus,
3309 1634 3442 1693 quot
3466 1618 3566 1679 fte-

1960 1737 2081 1778 nus.
2110 1719 2243 1776 Nam
2273 1718 2529 1790 quidquid
2558 1718 2628 1773 ibi
2657 1705 2933 1783 acciderit,
2963 1715 3194 1790 reditum
3225 1715 3568 1770 solummodo

1959 1806 2138 1876 laedit,
2166 1821 2311 1867 sorte
2337 1788 2584 1875 interim,
2616 1808 2738 1864 sive
2777 1823 2908 1878 agro
2954 1788 3206 1862 madente
3248 1807 3437 1862 illaesa.
3470 1793 3568 1862 Hic

1960 1922 2092 1962 vero
2121 1905 2273 1960 multi
2303 1919 2447 1974 saepe
2477 1905 2529 1957 in
2560 1903 2673 1972 ipsa
2694 1910 2843 1956 sorte
2864 1900 3197 1970 naufragium
3231 1901 3372 1968 passi
3405 1911 3565 1954 sunt:

1961 2007 2017 2052 et
2041 2007 2328 2066 antequam
2363 1995 2617 2050 damnum
2663 1992 2906 2054 accidat,
2939 1992 2992 2046 in
3021 2002 3278 2061 perpetua
3307 1978 3570 2047 sollicitu-

1961 2087 2088 2143 diue
2140 2098 2440 2142 versantur.
2483 2083 2617 2139 Nam
2664 2085 2961 2139 faenerator
3014 2097 3304 2151 numquam
3360 2097 3421 2137 re
3472 2097 3568 2138 sua

1964 2182 2174 2244 fruitur,
2203 2181 2296 2235 sed
2326 2180 2485 2234 etiam
2517 2178 2731 2248 quando
2759 2176 2936 2231 fmnus
2959 2175 3200 2241 affertur,
3221 2192 3326 2231 non
3348 2177 3567 2248 gaudet,

1963 2276 2105 2345 quod
2146 2285 2432 2343 proventus
2472 2271 2725 2337 accedat,
2768 2270 2862 2325 sed
2906 2269 3095 2334 dolet,
3141 2269 3285 2339 quod
3331 2273 3569 2326 nondum

1965 2377 2164 2423 sortem
2194 2373 2447 2436 exaequet
2475 2379 2632 2419 usura
2652 2403 2668 2430 ,
2697 2377 2760 2417 ac
2797 2351 3109 2434 priusquam
3146 2360 3234 2417 hic
3264 2360 3405 2418 fetus
3428 2372 3572 2419 totus

1967 2459 2225 2529 prodeat,
2255 2457 2403 2515 illum
2431 2465 2600 2510 totum
2641 2467 2835 2524 parere
2873 2451 3094 2517 nititur,
3126 2452 3331 2506 foenora
3363 2451 3416 2507 in
3447 2468 3568 2508 sor-

1965 2561 2074 2607 tem
2099 2561 2424 2607 convertens
2447 2587 2462 2615 ,
2492 2559 2546 2606 et
2576 2550 2682 2603 vim
2714 2537 2954 2601 inferens
2985 2554 3042 2600 ut
3072 2545 3346 2600 abortivos
3369 2547 3570 2616 vipera:

1965 2655 2151 2716 partus
2175 2643 2319 2698 edat.
2349 2642 2500 2696 Talia
2545 2648 2692 2695 certe
2738 2646 2864 2693 sunt
2908 2637 3152 2704 fmnora,
3196 2653 3316 2707 quae
3362 2653 3570 2694 amatas

1965 2736 2214 2791 miserius
2240 2735 2434 2789 rodunt
2461 2742 2516 2788 et
2547 2731 2783 2786 lacerant
2808 2769 2821 2792 ,
2850 2743 3010 2799 quam
3040 2727 3259 2798 viperae.
3286 2725 3400 2782 Hoc
3429 2728 3568 2798 inju~

1964 2831 2124 2884 stitia:
2154 2828 2425 2905 vinculum
2456 2834 2543 2880 est
2573 2839 2586 2877 :
2619 2823 2735 2878 hac
2772 2817 3027 2892 obligatio
3073 2821 3431 2876 violentarum
3477 2837 3571 2891 pa-

1976 2914 2246 2970 ctionum.
2266 2913 2367 2976 Do,
2389 2913 2590 2982 inquit,
2614 2927 2721 2965 non
2743 2920 2803 2966 ut
2820 2912 3080 2980 accipias,
3101 2908 3197 2964 sed
3215 2912 3444 2980 utplura
3461 2907 3578 2963 red-

1975 3007 2096 3063 das.
2116 3006 2183 3062 At
2201 3006 2346 3061 Deus
2365 3015 2511 3059 vetat
2537 3006 2589 3059 id
2614 3007 2866 3075 accipere
2892 3006 3040 3074 quod
3071 3005 3234 3058 datur
3257 3023 3270 3059 :
3292 3003 3452 3070 Date,
3486 3003 3572 3057 in-

1975 3103 2114 3171 quit,
2136 3101 2316 3162 illis,a
2333 3097 2522 3168 quibus
2540 3085 2676 3151 nihil
2700 3102 2937 3165 accipere
2961 3097 3187 3164 speratis
3204 3095 3354 3165 (Luc.
3382 3094 3437 3150 6.
3452 3093 3570 3161 35);

1976 3201 2034 3248 tu
2053 3206 2184 3245 vero
2204 3190 2326 3261 plus
2346 3205 2512 3260 quam
2532 3189 2753 3243 dederis
2771 3188 2946 3257 exigis
2971 3206 2984 3240 :
3014 3198 3069 3240 et
3097 3186 3244 3257 quod
3279 3192 3389 3240 non
3420 3173 3573 3241 dedi-

1976 3285 2073 3350 sti,
2102 3293 2159 3337 ut
2178 3282 2424 3338 debitum
2447 3281 2544 3335 tibi
2569 3279 2720 3350 cegis
2743 3294 3036 3332 numerare
3054 3294 3178 3332 eum
3199 3279 3292 3347 qui
3318 3290 3572 3334 mutuum

1965 3380 2192 3450 accepit.
2227 3378 2290 3432 Et
2321 3385 2478 3446 putas
2509 3362 2635 3428 hinc
2661 3369 2755 3425 tibi
2777 3379 2910 3440 Opes
2933 3366 3140 3437 augeri,
3169 3374 3234 3421 ac
3264 3377 3362 3436 pro
3383 3367 3577 3436 opibus

1967 3478 2146 3547 ignem
2193 3470 2285 3524 tibi
2328 3454 2582 3523 accendis
2626 3460 3141 3532 iuexstinguibilem.
3173 3451 3328 3527 Qsod
3361 3475 3428 3514 ne
3459 3459 3574 3525 fiat,

1966 3569 2066 3624 hos
2093 3567 2358 3622 foenorum
2381 3569 2564 3633 partus
2587 3559 2756 3613 malos
2772 3565 2827 3613 et
2847 3557 3058 3627 iniquos
3079 3555 3479 3619 exscindam'us,
3495 3562 3580 3610 ex-

1966 3661 2232 3716 siccemus
2261 3654 2406 3710 hunc
2445 3651 2806 3722 perniciosum
2830 3658 3045 3703 uterum
3066 3687 3082 3714 ,
3105 3661 3171 3703 ac
3197 3661 3323 3702 vera
3351 3661 3579 3718 magna-

1967 3771 2070 3826 que
2111 3757 2255 3806 Iucra
2297 3735 2502 3803 tantum
2537 3755 2944 3816 persequamur.
2964 3740 3223 3809 Quasnam
3265 3740 3382 3800 haec
3410 3741 3582 3796 sunt?

1967 3845 2263 3902 Audiamus
2288 3839 2512 3896 Paulum
2532 3838 2820 3898 dicentem,
2844 3833 3066 3904 Magnus
3087 3842 3160 3889 est
3180 3845 3401 3904 qurestus
3423 3833 3583 3902 pietas

1966 3956 2080 3993 cum
2107 3934 2400 4007 sufﬁcientia
2417 3932 2436 4002 (
2449 3934 2464 3986 I
2482 3931 2637 3987 .Tim.
2653 3930 2706 3985 6.
2723 3930 2800 3999 6).
2822 3920 2914 3984 His
2934 3929 3094 4000 igitur
3121 3936 3329 3988 tantum
3346 3926 3583 3982 ditemur

1966 4030 2190 4096 divitiis,
2214 4035 2272 4082 ut
2298 4035 2351 4081 et
2381 4025 2467 4080 hic
2496 4022 2886 4093 tranquillitate
2908 4019 3170 4096 fruamur,
3191 4027 3246 4074 et
3263 4018 3435 4072 futura
3452 4033 3583 4072 con-

1967 4137 2256 4198 sequamur
2271 4120 2429 4181 bona,
2450 4116 2617 4188 gratia
2629 4126 2684 4170 et
2696 4083 3023 4184 benignita'te
3041 4111 3251 4166 Domini
3267 4110 3435 4166 nostri
3454 4110 3582 4166 Jesu

1968 4193 2190 4281 Christi,
2213 4214 2296 4269 cui
2328 4213 2494 4283 gloria
2518 4220 2569 4265 et
2598 4207 2882 4280 imperium
2926 4221 3048 4260 cum
3086 4193 3249 4260 Patre
3292 4213 3346 4257 et
3380 4200 3582 4273 Spiritu

1969 4319 2176 4374 sancto,
2195 4314 2646 4372 nuncctsemper,
2667 4309 2722 4355 et
2742 4299 2794 4352 in
2813 4296 3008 4351 smcula
3027 4295 3372 4351 saeculorum.
3388 4295 3581 4350 Amen.

2432 4437 2696 4447 _.._.____

1417 4525 1765 4587 HOMlLlA
1819 4523 2009 4585 LVII.
2055 4519 2141 4582 al.
2188 4516 2410 4578 LVIII.

265 4678 400 4733 CAP.
434 4676 520 4730 17.
546 4689 598 4727 v.
622 4673 711 4728 i0.
748 4672 814 4725 Et
858 4672 1289 4741 interrogaverunt
1339 4686 1453 4724 eum
1497 4668 1734 4736 discipuli
1760 4669 1869 4736 ejus

342 4766 561 4820 dicentes
602 4779 621 4817 :
671 4761 807 4828 Quid
849 4763 1004 4832 igitur
1043 4761 1215 4814 dicunt
1251 4759 1466 4825 scribta,
1515 4759 1649 4826 quod
1694 4758 1867 4813 Etiam

344 4866 571 4927 oporteat
602 4856 820 4925 primum
847 4855 1014 4908 venire
1031 4854 1056 4906 ?

348 4950 398 5003 1.
428 4946 542 5003 Non
587 4961 716 5016 ergo
751 4961 780 4999 a
802 4943 1092 5014 Scripturis
1118 4942 1168 4997 id
1189 4931 1448 5007 sciebant,
1478 4944 1571 4998 scd
1598 4943 1787 4998 scribae
1817 4941 1866 4997 id

274 5040 382 5094 illis
421 5037 728 5098 narrabant,
757 5044 808 5089 et
844 5035 958 5088 hzec
996 5033 1177 5102 opinio
1216 5033 1268 5087 in
1314 5033 1501 5103 vulgus
1527 5031 1871 5088 circumfere—

273 5131 463 5194 batur,
501 5129 638 5181 sicut
665 5138 719 5181 et
748 5127 816 5181 de
845 5125 1076 5179 Christo.
1111 5124 1233 5178 Ideo
1260 5124 1593 5179 Samaritana
1618 5124 1830 5179 dicebat
1854 5143 1866 5177 :

274 5220 490 5276 Messias
529 5219 679 5280 venit,
717 5229 763 5270 et
802 5233 915 5269 cum
967 5217 1190 5281 venerit,
1234 5217 1321 5268 ille
1367 5216 1684 5268 annuntiabit
1731 5216 1870 5269 nobis

272 5311 445 5363 omnia
468 5311 483 5375 ί
509 5308 664 5359 Joan.
691 5308 742 5360 1i.
826 5307 840 5362 ‘t
873 5325 883 5357 :
931 5319 983 5359 et
1017 5307 1085 5358 iiii
1120 5307 1518 5375 interrogabant
1566 5306 1826 5361 Joannem
1854 5347 1868 5367 ,

276 5388 416 5453 Uias
450 5415 496 5450 es
543 5408 609 5450 tu.
677 5411 720 5447 ut
762 5398 1003 5465 prop/tela
1032 5397 1210 5456 (Joan.
1235 5397 1286 5450 1.
1313 5396 1444 5461 ﬁl)?
1473 5397 1623 5457 Nam,
1655 5407 1709 5448 ut.
1739 5397 1868 5458 dixi,

275 5493 390 5545 haec
418 5491 598 5557 opmit-
627 5491 920 5542 nix-aluerat
948 5499 998 5541 et
1023 5493 1087 5542 de
1110 5488 1322 5541 Christo
1351 5499 1398 5541 et
1430 5488 1494 5541 de
1521 5489 1668 5553 Elia;
1701 5504 1904 5557 neque

275 5583 348 5637 illi
406 5592 553 5636 recte.
606 5585 720 5635 hzee
775 5583 1276 5648 interpretabantur.
1335 5580 1625 5649 Scriptura:
1674 5580 1871 5649 quippe

243 5741 246 5744 ,
273 5674 411 5729 duos
438 5683 652 5729 narrant
677 5673 874 5725 Christi
913 5674 1172 5727 adventus
1198 5690 1210 5734 ;
1243 5670 1382 5724 hunc
1413 5671 1499 5738 qui
1529 5672 1636 5738 jam
1676 5671 1791 5732 fuit,
1822 5681 1875 5724 et

276 5765 547 5820 futurum:
588 5778 719 5831 quos
762 5764 1067 5831 SlgulﬁCnltS
1112 5761 1306 5815 Paulus
1342 5762 1589 5815 dicebat:
1624 5762 1874 5832 Apparuit

276 5857 445 5925 Νη
474 5853 566 5907 Dei
609 5858 847 5908 salutaris
892 5855 1118 5907 omnibus
1160 5853 1465 5922 hominiq’ms,
1498 5856 1728 5908 erudiens
1763 5872 1868 5918 nos,

1980 4678 2036 4721 ut
2064 4667 2368 4737 abnegautes
2395 4664 2700 4730 impietatem
2730 4670 2776 4713 et
2801 4658 3069 4713 saecularia
3103 4655 3355 4711 desideria
3379 4695 3392 4718 ,
3422 4653 3588 4708 sobrie

1975 4769 2022 4814 et
2051 4765 2190 4828 juste
2229 4767 2274 4810 et
2316 4757 2397 4824 pie
2425 4754 2648 4808 vivamus
2692 4751 2832 4821 (Tit.
2868 4750 2924 4804 2.
2958 4750 3046 4805 11.
3079 4748 3200 4818 12).
3231 4745 3372 4802 Ecce
3421 4761 3584 4799 unum

1976 4850 2286 4905 adventum.
2313 4836 2450 4902 Audi
2472 4844 2743 4916 quomodo
2768 4851 2823 4897 et
2844 4843 3070 4896 alterum
3094 4848 3278 4910 postea
3306 4836 3546 4893 declaret
3571 4853 3584 4888 :

1980 4931 2346 5011 Exspectantes
2372 4941 2567 4994 beatam
2596 4953 2773 5008 spem,
2798 4944 2842 4989 et
2877 4936 3147 4989 adventum
3169 4933 3344 5002 magni
3375 4931 3466 4986 Dei
3498 4932 3513 4961 ί
3542 4930 3588 4983 ει

1982 5035 2269 5091 Saluatoris
2299 5033 2462 5087 nostri
2494 5029 2619 5083 Jesu
2648 5020 2836 5082 Christi
2869 5023 3042 5092 (Ibid.
3074 5041 3122 5077 υ.
3155 5025 3268 5096 15).
3305 5021 3588 5092 Prophetm

1979 5143 2191 5199 quoque
2228 5136 2514 5193 utrumque
2539 5121 2825 5174 adventum
2850 5125 3184 5172 memorant:
3219 5126 3379 5185 atque
3409 5113 3589 5178 unius,

1979 5219 2070 5287 qui
2102 5217 2370 5272 secundus
2414 5224 2518 5278 est,
2553 5226 2942 5282 praecursorem
2973 5209 3155 5263 dicunt
3203 5207 3437 5260 futurum
3469 5219 3589 5258 esse

1982 5309 2171 5363 Elian].
2198 5307 2398 5361 Prioris
2424 5320 2554 5359 vero
2577 5302 2944 5365 fuitJoannes,
2968 5298 3387 5376 quemChristus
3418 5296 3590 5350 Eliam

1982 5403 2205 5456 vocabat
2238 5418 2250 5453 :
2295 5416 2400 5453 non
2445 5396 2586 5465 quod
2620 5395 2767 5450 Elias
2799 5403 2964 5454 esset,
2997 5394 3086 5448 sed
3117 5391 3258 5461 quod
3289 5390 3408 5459 ejus
3437 5389 3591 5442 mini-

1982 5497 2202 5548 swrium
2254 5493 2522 5562 impleret.
2549 5489 2697 5546 Sicut
2729 5489 2871 5543 enim
2907 5489 2994 5541 ille
3037 5501 3336 5554 praecursor
3376 5493 3479 5537 erit
3510 5497 3593 5536 se—

1983 5587 2140 5641 cundi
2171 5585 2450 5643 adventus,
2477 5583 2545 5636 ita
2575 5593 2628 5636 et
2657 5583 2740 5635 hic
2769 5579 2961 5650 prioris
2992 5577 3110 5631 fuit.
3135 5577 3239 5631 Sed
3272 5575 3464 5628 scriba:
3496 5575 3593 5626 ista

1983 5678 2390 5734 confundentes.
2413 5677 2772 5746 pupulumque
2799 5681 3187 5741 perrertentes,
3210 5670 3294 5721 iiii.
3326 5684 3349 5722 δ
3368 5676 3592 5733 tantum,

2051 5862 2065 5893 ¹
2105 5857 2215 5909 υιιο
2241 5865 2369 5912 διες..
2395 5862 2439 5906 ct
2465 5853 2725 5904 adventum
2750 5854 2917 5918 gloria:
2937 5850 3098 5910 magni
3131 5848 3229 5898 Dei.
