4040 6428
424 395 528 455 559

423 527 537 582 sive
583 520 802 580 secundi
839 517 1226 583 meminerunt,
1254 527 1317 569 ac
1339 511 1589 574 dicebant
1615 509 1757 582 plebi
1781 526 1798 566 :
1830 509 1887 564 Si
1916 509 2003 566 ille

421 626 564 672 esset
585 611 850 676 Christus,
881 609 1117 682 oportuit
1138 604 1306 662 Etiam
1351 601 1671 673 Prtreedere.
1694 598 1820 656 ideo
1839 599 2000 654 disci-

425 701 530 772 puli
555 691 633 773 sic
657 700 942 770 loquuntur
970 717 984 750 :
1018 695 1151 761 Quid
1177 705 1251 750 est
1277 693 1414 765 quod
1455 693 1630 746 scribat
1655 684 1847 753 dicunt,
1870 691 2004 756 quod

426 793 592 850 Etiam
631 799 856 859 oporteat
887 789 1106 859 primum
1144 783 1348 847 venire?
1376 785 1484 838 llac
1512 784 1580 838 de
1615 796 1773 843 causa
1817 781 2001 835 Pbari-

421 883 515 939 sati
545 881 615 944 ad,
633 863 891 938 Joannem
915 880 1208 942 miserunt,
1239 884 1292 930 et
1319 871 1713 941 interrogabant
1738 887 1750 923 :
1784 868 1929 923 Elius
1949 886 2002 924 es

422 984 476 1026 tu
511 969 709 1042 (Joan.
742 971 795 1025 l.
823 969 886 1023 Ἦ
921 967 976 1036 )?
1003 967 1196 1028 nullam
1232 963 1426 1039 prioris
1467 961 1727 1016 adventus
1771 961 1999 1015 mentio-

420 1078 545 1119 nem
588 1060 861 1121 facientes.
904 1059 1070 1125 Quam
1105 1071 1234 1126 ergo
1271 1054 1593 1110 solutiottem
1633 1051 1808 1110 attulit
1847 1049 2003 1104 Citri-

419 1151 572 1208 stus?
596 1150 747 1218 Quod
767 1149 968 1205 scilicet
999 1147 1140 1202 Elias
1167 1153 1421 1211 venturus
1458 1145 1528 1198 sit
1563 1154 1688 1198 ante
1709 1141 1998 1197 secundum

419 1255 575 1296 suum
613 1237 916 1303 adventum,
943 1247 998 1292 et
1037 1250 1177 1290 nunc
1202 1234 1311 1302 jam
1342 1234 1485 1289 Elius
1513 1231 1699 1297 venit;
1727 1230 1805 1286 sic
1840 1229 2000 1285 lenoc-

420 1346 542 1396 nem
571 1344 767 1386 vocans
790 1324 918 1383 .Hic
944 1329 1091 1386 venit
1109 1323 1365 1388 Elias..Si
1390 1338 1514 1378 vero
1526 1315 1819 1377 Thesbiten
1850 1335 1998 1388 quie-

419 1436 528 1485 ras,
577 1420 774 1475 vestiet.
831 1405 965 1474 ideo.
997 1416 1208 1472 dicebat
1239 1432 1256 1467 τ
1289 1413 1434 1468 Elius
1477 1413 1655 1477 veniet,
1684 1423 1730 1465 et
1777 1409 2000 1464 restituet

420 1509 609 1563 omnia.
643 1508 894 1576 Quanam
921 1505 1141 1560 omnia?
1165 1503 1294 1570 Qua:
1316 1501 1602 1556 Malacltias
1631 1499 1889 1570 prepbeta
1917 1498 1999 1554 di—

417 1599 572 1652 ecbat
595 1616 609 1653 :
633 1587 845 1651 “Mittam
865 1596 993 1649 enim
1016 1593 1149 1650 vobis
1167 1591 1336 1647 Etiam
1362 1589 1644 1656 Thesbiten,
1671 1589 1757 1660 qui
1775 1589 1999 1642 restituet

415 1705 516 1752 tor.
533 1689 692 1759 patris
715 1689 786 1742 ad
811 1687 997 1755 ﬁlium,
1030 1701 1092 1739 ne
1130 1685 1328 1738 ueniens
1348 1682 1622 1753 percutiam
1648 1686 1833 1734 terram
1859 1679 1999 1732 radio

418 1777 544 1831 situs
590 1774 761 1847 (Mal.
807 1775 860 1830 4.
888 1774 984 1846 5).
1020 1772 1204 1847 Viden’
1237 1771 1628 1826 acciti-stionem
1675 1770 1998 1838 praphetica‘:

419 1845 813 1934 praedictionis?
843 1861 974 1935 Quia
1018 1845 1159 1918 enim
1196 1860 1454 1917 Joannem
1504 1859 1675 1914 Eliam
1718 1865 1999 1913 vocaverat

415 1960 656 2014 Christus
684 1959 754 2013 ob
781 1956 1057 2010 ministerii
1084 1953 1524 2015 similitudinem,
1559 1936 1866 2020 "epulares
1896 1949 1998 2004 hoc

417 2051 586 2118 ipsum
612 2061 754 2102 nunc
780 2061 807 2098 a
841 2048 1093 2116 propheta
1117 2043 1220 2099 dici
1241 2082 1256 2109 ,
1285 2043 1400 2111 ejus
1431 2043 1651 2109 patriam
1680 2038 1881 2096 addidit
1909 2037 1995 2093 di-

417 2154 541 2193 cens
566 2179 582 2204 ,
615 2137 909 2192 Thesbiten.
963 2134 1195 2190 Joannes
1238 2144 1367 2188 vero
1413 2131 1661 2186 Titesbita
1712 2144 1816 2184 non
1857 2135 1993 2184 erat.

419 2220 573 2284 Aliud
595 2228 752 2283 etiam
779 2229 985 2297 insigne
1012 2225 1177 2289 addit,
1208 2238 1330 2279 eum
1358 2224 1506 2286 dicit,
1538 2220 1619 2276 Ne
1639 2222 1836 2276 veniens
1874 2235 1992 2290 per—

413 2321 597 2373 atimn
635 2327 816 2372 terram
844 2318 1106 2380 radicitus,
1140 2314 1429 2370 secundum
1471 2314 1584 2382 ejus
1611 2312 1892 2368 adventum
1933 2312 1996 2365 il~

421 2419 523 2465 tum
563 2409 852 2465 terribilem
883 2409 1176 2463 declarans.
1213 2405 1271 2460 ln
1319 2405 1508 2473 primo‘
1531 2405 1674 2458 enim
1716 2403 1824 2458 non
1854 2402 1997 2458 venit

419 2511 693 2570 percutere
745 2512 959 2557 terram.
995 2498 1114 2552 Non
1139 2496 1270 2550 enim
1300 2496 1410 2549 veni
1435 2535 1448 2556 ,
1478 2494 1668 2563 inquit,
1697 2504 1749 2545 ut
1771 2493 1997 2565 judicent

415 2592 687 2656 utendum,
716 2591 804 2646 sed
831 2599 881 2643 ut
916 2581 1111 2643 saluum
1139 2589 1322 2658 faciam
1353 2584 1546 2654 (λαως.
1588 2583 1676 2638 η.
1717 2584 1782 2638 4'1
1811 2584 1850 2656 ).
1887 2583 1997 2639 Hoc

417 2700 541 2755 ergo
571 2685 695 2738 dicit
724 2682 1024 2751 significans
1042 2723 1058 2745 ,
1079 2678 1371 2735 Thesbiten
1401 2685 1680 2732 venturum
1710 2691 1833 2732 esse
1874 2687 1996 2731 ante

415 2777 699 2836 adventum
727 2776 878 2828 illum
907 2774 957 2826 in
984 2786 1089 2842 quo
1119 2771 1376 2842 judicium
1406 2770 1513 2823 ﬁet.
1536 2768 1761 2822 Causam
1788 2782 1997 2838 quoque

400 2881 508 2933 οων
534 2876 784 2922 venturus
811 2867 880 2919 sit
917 2865 1091 2920 docet.
1125 2864 1377 2929 Qumnam
1403 2863 1490 2916 illa
1519 2860 1643 2916 est?
1677 2859 1745 2916 Ut
1783 2858 1996 2915 Iudaeos

406 2958 624 3014 inducat
649 2959 714 3022 ad
738 2956 1061 3013 credendum
1081 2957 1143 3009 'iu
1167 2954 1456 3017 Christum,
1477 2969 1544 3008 ne
1570 2953 1660 3006 illo
1682 2953 1996 3007 adveniente

404 3063 599 3116 omnes
627 3046 862 3103 funditus
885 3056 1120 3116 pereant.
1142 3045 1478 3115 Quapropter
1506 3042 1558 3099 id
1588 3043 1691 3098 illis
1712 3043 1763 3097 in
1795 3057 1997 3096 memn—

413 3142 548 3217 riam,
576 3157 833 3197 revocans
858 3141 985 3195 dicit
1016 3157 1028 3192 :
1064 3138 1128 3193 Et
1176 3138 1398 3192 restituet
1438 3138 1631 3200 omnia;
1663 3135 1714 3190 id
1754 3145 1855 3199 est,
1898 3133 1994 3189 Ju-

406 3217 650 3290 dteorum
672 3234 759 3304 qui
785 3244 916 3301 tunc
945 3229 1722 3301 superertntt,.incredulitatem
1741 3227 1990 3296 corriget:

416 3311 638 3396 ideoque
684 3323 1084 3385 accuratissime
1115 3322 1360 3392 loquutus
1401 3331 1502 3374 est.
1532 3319 1647 3374 NOn
1674 3319 1813 3372 enim
1839 3317 1993 3380 dixit,

413 3414 678 3473 Restitnet
720 3431 812 3476 cor
849 3414 943 3468 ﬁlii
990 3427 1112 3483 erga
1146 3396 1348 3481 patrem
1374 3451 1389 3477 ,
1420 3412 1512 3466 sed
1537 3452 1553 3477 ,
1590 3408 1759 3462 Putris
1787 3424 1908 3480 ergo
1932 3408 1998 3478 ﬁ-

408 3508 554 3562 lium.
577 3505 708 3574 Quia
732 3506 872 3560 enim
899 3503 1066 3570 Jndzei
1101 3513 1280 3574 patres
1304 3496 1456 3556 eran't
1483 3501 1866 3569 apostolorum,
1894 3499 1997 3553 hoc

412 3581 514 3652 sibi
544 3582 673 3660 vult,
701 3595 961 3650 Restituet
987 3594 1052 3648 ad
1088 3589 1334 3662 dogmata
1368 3592 1594 3645 ﬁliorum
1624 3606 1863 3654 suorum,
1896 3590 1998 3646 hoc

411 3697 517 3753 est,
546 3688 928 3757 apostolorum,
957 3700 1050 3751 cor
1090 3695 1292 3753 patrum
1332 3685 1588 3752 ipsorum,
1617 3680 1720 3736 hoc
1760 3691 1844 3736 est
1878 3681 1997 3735 ani-

413 3795 558 3835 mum
579 3779 778 3836 Judaici
805 3779 1037 3854 generis.

481 3868 707 3937 Joannes
724 3865 955 3940 Baptista
973 3862 1114 3922 Ettu‘s
1135 3867 1419 3920 ὀξεῖαι-ιι
1429 3864 1480 3919 ‘2'.
1505 3859 1630 3918 Dico
1649 3872 1818 3918 autem
1835 3863 1993 3930 vobis,

421 3960 561 4016 Elius
589 3964 692 4024 iam
731 3963 878 4027 venit,
911 3969 958 4013 et
985 3976 1084 4013 non
1125 3966 1462 4029 cognoverunt
1491 3973 1623 4021 eum,
1655 3957 1744 4010 sed
1772 3959 1996 4026 fecerunt

413 4058 463 4110 in
485 4074 541 4108 eo
565 4070 885 4124 quiscumque
914 4053 1192 4107 voluerunt.
1215 4052 1303 4106 Sic
1328 4061 1374 4104 et
1401 4049 1567 4105 Filius
1592 4050 1805 4103 hominis
1829 4065 1998 4119 passu-

415 4163 502 4199 rus
528 4156 599 4211 est
617 4144 676 4198 ab
699 4137 844 4212 ipsis.
878 4145 964 4198 13.
990 4142 1130 4197 Tunc
1158 4142 1532 4206 intellexerunt,
1555 4142 1688 4203 quod
1709 4142 1771 4194 de
1799 4140 1999 4195 Joanne

417 4227 509 4290 hoc
525 4233 728 4288 dixisset
750 4234 835 4286 eis.
861 4233 1077 4287 Etiamsi
1099 4248 1196 4287 nec
1216 4234 1424 4297 scribae,
1443 4246 1540 4286 nec
1559 4230 1845 4300 Scriptum
1887 4227 2001 4285 [nec

415 4324 654 4380 dictarem
685 4342 696 4378 :
731 4328 826 4379 sed
874 4326 994 4394 quia
1025 4333 1079 4378 et
1116 4324 1398 4388 acutiores,
1425 4330 1476 4376 et
1503 4320 1568 4374 ad
1613 4336 1674 4375 ea
1704 4337 1821 4391 qua:
1851 4320 2000 4376 dice-

414 4418 606 4471 ltnntnr
634 4417 945 4472 attentiurcs
971 4425 1142 4478 erant,
1171 4416 1277 4468 cito
1306 4413 1698 4468 intellexerunt.
1720 4413 1996 4469 Undenam

417 4506 466 4561 id
508 4508 883 4562 intellexerunt
912 4505 1196 4576 discipuli?
1225 4503 1339 4559 Jam
1369 4503 1577 4559 dixerat
1603 4503 1680 4558 eis
1706 4545 1719 4567 ,
1768 4502 1888 4573 Ipse
1927 4513 1999 4558 est

418 4595 560 4652 Elius
597 4598 681 4663 qui
711 4609 946 4654 venturus
990 4605 1101 4658 est;
1148 4594 1231 4648 hic
1258 4609 1385 4648 vero
1414 4593 1560 4658 dicit,
1588 4591 1704 4646 Iam
1732 4595 1863 4646 uenit
1891 4610 1908 4658 ;
1945 4604 1998 4648 et

410 4698 647 4751 rursum,
681 4685 821 4747 Elius
841 4686 997 4756 veniet
1027 4695 1073 4740 et
1102 4686 1322 4739 restituet
1347 4684 1516 4737 omnia
1542 4683 1756 4753 (Matth.
1779 4685 1862 4739 ll.
1887 4683 1995 4754 14).

414 4777 522 4834 Sed
550 4795 618 4836 ne
657 4779 903 4845 turberis,
943 4792 1115 4848 neque
1155 4762 1393 4832 errorem
1424 4777 1476 4832 in
1507 4775 1665 4832 dictis
1689 4778 1995 4847 suspiceris,

414 4874 463 4926 si
509 4872 668 4938 modo
694 4885 973 4926 venturum
1018 4887 1136 4926 esse
1161 4913 1174 4934 ,
1217 4870 1376 4925 modo
1417 4872 1626 4925 venisse
1667 4869 1828 4925 dicat.
1877 4869 2000 4926 llaec

416 4967 594 5022 omnia
636 4981 759 5022 vera
781 4976 910 5028 sunt
933 4981 947 5028 ;
974 4979 1097 5024 nam
1125 4979 1243 5017 cum
1272 4963 1395 5026 dicit
1429 4962 1596 5036 [illam
1627 4972 1907 5018 venturum
1947 4971 2001 5017 et

415 5058 788 5112 restituturum
821 5069 940 5108 esse
971 5053 1149 5107 omnia
1174 5095 1188 5117 ,
1216 5052 1284 5107 de
1314 5055 1427 5121 ipso
1467 5052 1581 5107 Elia
1612 5053 1863 5123 loquitur,
1907 5052 2000 5109 de-

415 5163 522 5217 que
550 5146 722 5202 futura
751 5143 1052 5200 JlldilBOl‘llm
1083 5144 1468 5208 conversione;
1499 5159 1618 5197 cum
1646 5155 1821 5198 autem
1851 5143 1999 5210 dicit,

419 5236 630 5307 ἴρηκι
654 5240 738 5307 qui
775 5246 1009 5291 venturus
1039 5245 1179 5302 erat,
1209 5247 1424 5305 propter
1452 5236 1730 5290 ministerii
1758 5235 2003 5291 similitu-

419 5329 609 5393 dinem,
644 5330 900 5385 Joannem
933 5330 1101 5383 Ellam
1134 5339 1308 5384 vocat.
1344 5327 1470 5382 Nam
1499 5328 1768 5399 prephctze
1818 5345 2003 5398 quem-

420 5441 523 5491 que
553 5441 728 5499 regem
762 5427 952 5480 virtute
980 5427 1180 5480 clarum
1217 5424 1469 5481 Davidem
1502 5426 1778 5489 vocabant,
1811 5433 1866 5481 et
1907 5424 1999 5480 Ju-

421 5515 574 5569 dzeos
604 5515 864 5584 principes
889 5515 1266 5578 Sodomorum,
1295 5530 1356 5571 ac
1389 5516 1522 5569 illius
1542 5513 1871 5584 1Etlii0pum,
1915 5517 1998 5571 id-

415 5622 524 5676 que
566 5622 628 5660 ex
672 5622 878 5661 morum
907 5607 1274 5661 similitudine.
1307 5607 1456 5660 Sicut
1479 5605 1622 5660 enim
1666 5607 1753 5660 ille
1781 5608 1999 5663 secundi

421 5698 681 5753 adventus
714 5713 1008 5764 pratcursor
1052 5697 1258 5752 futurus
1278 5709 1377 5761 cSt,
1405 5696 1471 5751 ita
1497 5697 1581 5752 hic
1608 5697 1764 5766 primi
1796 5696 1911 5752 fuit.

493 5792 546 5847 9..
572 5792 749 5860 Neque
779 5791 895 5846 ideo
918 5799 1116 5845 tantum
1147 5791 1315 5845 Ellam
1355 5806 1494 5862 smpe
1527 5801 1677 5848 vocat
1704 5792 1872 5857 illum,
1905 5791 1996 5847 sed

1092 385 1150 442 5.
1189 379 1466 441 JOANNIS
1491 374 1958 449 εηιιῖεοδῖωίι
1997 368 2314 432 ARCHiEP.
2351 368 2883 431 CONSTANTINOP.

3587 375 3698 435 ἤδη

2107 468 2171 541 ut
2182 484 2430 541 ostendat
2451 500 2510 541 se
2536 468 2657 540 cum
2680 485 2847 539 veteri
2885 483 3002 551 lege
3026 475 3311 538 admodum
3341 486 3692 554 concordare,

2105 589 2154 634 et
2188 578 2327 634 hunc
2364 576 2655 634 adventum
2685 577 2977 632 secundum
3018 575 3348 647 prophetiam
3386 591 3525 635 esse.
3571 578 3695 635 Ideo

2104 669 2411 740 subiungit:
2453 666 2637 736 Venit,
2662 681 2710 723 et
2734 685 2835 724 non
2863 677 3198 737 cognoverunt
3223 683 3336 721 eum
3355 708 3370 733 ,
3400 677 3447 721 et
3471 672 3696 740 fecerunt

2104 762 2150 816 ei
2173 776 2495 835 quiscunque
2515 759 2799 815 notarunt.
2831 758 2968 827 Quid
2997 758 3100 813 sibi
3127 760 3237 813 vult
3258 757 3408 826 illud,
3427 759 3697 824 Qum-

2102 867 2199 909 ηαδ
2237 851 2566 906 roltserunt‘?
2594 851 2647 906 In
2681 864 2952 905 carcerem
2998 857 3315 913 truserunt,
3356 850 3696 904 contumeliis

2108 942 2415 1004 aifecerunt,
2441 939 2772 1005 occiderunt,
2797 945 2959 1007 caput
2987 938 3039 992 in
3069 936 3219 992 disco
3245 937 3502 991 tulerunt.
3532 937 3625 993 Sic
3645 945 3696 992 et

2103 1030 2272 1087 Filius
2309 1030 2524 1086 hominis
2552 1046 2797 1102 passurus
2829 1041 2902 1083 est
2927 1028 2991 1083 ab
3037 1030 3178 1099 ipsis.
3215 1028 3398 1082 Viden’
3422 1028 3696 1097 quomodo

2103 1113 2288 1177 rursus
2311 1131 2613 1193 opportune
2639 1120 2745 1175 illis
2774 1121 3077 1190 passionem
3098 1133 3248 1174 suain
3277 1125 3692 1188 aestimemus-at,

2099 1227 2166 1267 es
2190 1211 2412 1268 Joattnis
2435 1212 2679 1282 passione
2705 1225 2950 1282 magnam
2986 1210 3090 1266 illis
3114 1211 3346 1266 all'erens
3362 1209 3691 1265 consolatio-

2100 1302 2257 1358 nem?
2278 1302 2462 1371 Neque
2481 1302 2609 1358 ltiuc
2635 1312 2856 1366 tantum,
2882 1301 2978 1356 sed
3005 1299 3147 1371 quod
3169 1300 3332 1355 etiam
3364 1310 3556 1370 magna
3583 1311 3694 1355 sta-

2099 1394 2194 1446 tim
2241 1392 2495 1452 miracula
2533 1392 2678 1447 edat.
2709 1391 2844 1447 Nam
2884 1406 3007 1448 eum
3038 1391 3106 1446 de
3136 1391 3381 1461 passione
3416 1390 3690 1459 ioquisur,

2098 1482 2378 1538 confestim
2421 1482 2685 1538 mirabilia
2715 1491 2908 1552 pstrat,
2936 1490 2992 1536 et
3015 1491 3298 1551 antequam
3326 1479 3379 1536 id
3415 1479 3690 1549 loquatur,

2101 1583 2155 1627 et
2185 1582 2460 1642 postquam
2491 1572 2746 1642 loquutus
2793 1580 2910 1638 est,
2939 1571 2991 1626 id
3017 1571 3160 1638 quod
3187 1586 3329 1642 saepe
3349 1571 3689 1626 observatur.

2104 1662 2243 1717 Tune
2281 1664 2455 1733 igitur,
2483 1663 2673 1733 inquit,
2701 1663 2851 1732 capit
2887 1662 3165 1728 ostendere,
3191 1663 3326 1732 quod
3347 1669 3600 1729 oporteret
3643 1671 3693 1714 et

2098 1771 2211 1808 eum
2239 1757 2377 1808 abire
2401 1754 2792 1826 Jerosolynsam,
2811 1764 2856 1806 et
2883 1753 3065 1815 occidi,
3084 1762 3134 1807 et
3151 1751 3311 1807 mlta
3338 1753 3445 1823 pati
3468 1750 3687 1818 (latus.

2100 1846 2186 1902 16.
2215 1846 2330 1915 2i).
2360 1845 2501 1900 Tunc
2523 1887 2538 1910 ,
2569 1842 2948 1916 qua-itionem?
2976 1844 3200 1911 Quando
3227 1845 3281 1900 in
3318 1844 3692 1902 confessum

2098 1937 2268 2006 ipsum
2296 1951 2416 1992 esse
2441 1935 2710 1990 Christum
2741 1945 2795 1991 et
2823 1935 3016 1989 Filium
3039 1935 3146 1990 Dei.
3169 1936 3375 1990 dorsus
3397 1937 3448 1989 in
3477 1945 3684 1998 monte,

2094 2027 2311 2098 quando
2342 2026 2530 2081 miram
2559 2024 2666 2082 iliis
2691 2025 2949 2082 visionem
2981 2025 3243 2090 rxnibttit,
3273 2041 3396 2081 cunt
3422 2025 3489 2080 de
3513 2026 3687 2096 gloria

2097 2118 2263 2188 ipsius
2289 2117 2636 2189 loquerentur
2669 2117 2960 2187 prophcltt‘,
2993 2117 3297 2186 passionem
3313 2117 3453 2186 ipsis
3477 2130 3687 2171 memo-

2095 2209 2251 2263 ravit.
2286 2208 2572 2278 Postquam
2598 2208 2738 2262 enim
2769 2207 2989 2263 Joannis
3032 2206 3306 2262 historiam
3337 2214 3683 2272 narraverat,

2096 2300 2366 2370 subjuuxit
2395 2318 2410 2354 :
2444 2298 2534 2355 Sic
2571 2309 2619 2354 et
2645 2299 2810 2353 Filius
2840 2299 3056 2352 hominis
3089 2313 3332 2367 passurus
3359 2306 3432 2352 est
3456 2297 3522 2351 ab
3537 2297 3684 2368 ipsist

2097 2391 2203 2447 Nec
2230 2392 2453 2447 multum
2483 2401 2664 2461 postea
2681 2431 2696 2453 ,
2723 2404 2847 2445 cunt
2883 2389 3179 2444 du'monem
3207 2388 3384 2458 eiecit,
3415 2403 3572 2457 quem
3597 2388 3686 2443 di-

2058 2482 2060 2486 ’
2097 2481 2287 2552 scipuli
2317 2482 2588 2549 expellere
2612 2482 2718 2535 non
2747 2489 3066 2548 potuerant:
3098 2489 3222 2534 tunc
3259 2479 3423 2544 enim,
3464 2477 3591 2532 Cum
3631 2479 3686 2533 in

2099 2570 2366 2627 Catilinam
2406 2581 2781 2635 reuertantur,
2828 2570 3018 2639 inquit,
3047 2569 3176 2624 dixit
3214 2571 3284 2623 eis
3324 2567 3476 2622 Jestts
3502 2583 3522 2621 :
3547 2566 3686 2622 Tra—

2097 2665 2291 2718 dendus
2329 2673 2401 2717 est
2427 2661 2475 2716 F
2476 2664 2594 2717 ilius
2622 2662 2838 2724 hominis
2866 2662 2920 2715 in
2944 2676 3128 2716 manus
3163 2661 3422 2717 hominum
3451 2670 3684 2728 peccato-

2095 2769 2226 2813 rum,
2239 2763 2287 2806 et
2302 2751 2528 2806 occident
2541 2768 2674 2815 eum,
2698 2761 2743 2805 et
2761 2752 2905 2805 tertia
2923 2751 3005 2804 die
3022 2761 3243 2820 resurget
3263 2747 3570 2823 (12811.17.
3591 2749 3683 2806 ξι.

2092 2842 2224 2911 εξ).
2255 2842 2367 2898 Hoc
2395 2835 2573 2897 salem
2612 2842 2863 2909 iaciebat,
2903 2849 2960 2895 ut
2993 2841 3358 2911 magnitudine
3394 2842 3684 2896 miraculo-

2096 2951 2214 2990 rum
2254 2935 2458 2991 doloris
2485 2941 2763 2991 eaeesstttn
2805 2935 3099 2999 minueret,
3129 2943 3184 2990 et
3215 2934 3526 2990 omnimodo
3562 2934 3685 2989 illos

2095 3026 2402 3093 solaretur,
2446 3025 2895 3098 quemadmodum
2951 3025 3053 3080 hoc
3081 3026 3199 3080 loco
3245 3035 3416 3081 morte
3460 3025 3686 3082 Joannis

2095 3127 2510 3173 commemorata
2554 3109 2973 3187 magnam‘ipsis
3013 3116 3433 3172 consolationem
3483 3117 3678 3172 attulit.

2091 3206 2148 3264 Si
2175 3209 2293 3278 quis
2321 3225 2448 3264 vero
2480 3208 2675 3264 dixerit
2706 3225 2720 3261 :
2749 3207 2856 3262 Cur
2882 3223 2987 3263 non
3009 3209 3171 3263 etiam
3201 3221 3343 3262 nunc
3369 3207 3542 3267 Etiam
3565 3222 3686 3264 sus,

2096 3299 2276 3353 citavit
2312 3309 2366 3355 et
2404 3301 2570 3367 misit,
2599 3315 2720 3354 cum
2765 3308 2842 3353 tot
2872 3307 3118 3368 tantaque
3149 3298 3286 3354 bona
3327 3299 3444 3370 ejus
3481 3297 3684 3354 adven-

2099 3399 2208 3445 tum
2255 3391 2638 3454 testilicentur?
2665 3389 3106 3460 respondebimus
3126 3431 3141 3456 ,
3173 3389 3304 3460 quia.
3323 3403 3467 3444 nunc
3495 3389 3679 3454 etiatn,

2097 3498 2218 3538 cum
2270 3483 2555 3538 crederent
2593 3483 2764 3553 ipsum
2806 3481 3078 3536 Christum
3137 3495 3264 3538 esse
3305 3479 3478 3538 Etiam
3503 3522 3516 3545 ,
3570 3495 3679 3535 nou

2099 3583 2276 3629 tamen
2300 3573 2644 3640 crediderunt
2686 3574 2757 3629 ei.
2787 3571 2921 3628 Nam
2953 3572 3053 3626 Atii
3082 3613 3097 3636 ,
3150 3572 3323 3641 inquit
3341 3611 3366 3633 ,.
3416 3570 3587 3625 Etiam
3635 3580 3684 3624 ts

2097 3665 2270 3719 dicunt
2293 3703 2311 3729 ,
2362 3664 2452 3717 alii
2493 3662 2770 3718 Ieremiant
2817 3660 3032 3734 (Matth.
3078 3661 3164 3716 l6.
3196 3661 3319 3731 id»).
3355 3661 3515 3731 Atqui
3545 3650 3689 3716 inter

2092 3755 2354 3813 Joannem
2382 3766 2437 3813 et
2465 3756 2634 3811 Etiam
2648 3757 2860 3810 nullum
2890 3764 3009 3810 erat
3047 3755 3376 3818 discrimen,
3413 3755 3513 3808 nisi
3541 3763 3682 3810 tem-

2097 3854 2243 3923 poris
2280 3861 2507 3906 tantum.
2533 3849 2814 3919 Quomodo
2841 3864 2991 3921 ergo,
3010 3849 3245 3919 inquies,
3278 3857 3408 3906 tunc
3426 3847 3684 3903 credituri

2097 3945 2246 3998 sunt?
2274 3944 2430 3999 Certe
2457 3943 2548 3998 ille
2575 3953 2699 3998 tunc
2722 3943 2966 3998 restituet
2992 3942 3190 4008 omnia,
3223 3955 3334 3996 non
3353 3939 3515 3995 modo
3538 3937 3681 4010 quod

2099 4047 2256 4093 notus
2288 4039 2396 4103 sit,
2429 4037 2522 4094 sed
2553 4037 2695 4107 quod
2746 4037 2913 4106 gloria
2958 4035 3156 4090 Christi
3207 4034 3274 4088 ad
3315 4034 3461 4089 illum
3515 4049 3684 4103 usque

2097 4133 2238 4189 diem
2268 4131 2557 4188 admodum
2588 4129 2920 4194 ostendenda
2953 4137 3006 4183 et
3030 4128 3272 4196 augenda
3303 4128 3374 4182 sit
3396 4169 3412 4192 ,
3459 4134 3519 4182 es
3541 4127 3682 4196 apud

2098 4240 2286 4281 omnes
2319 4225 2433 4280 sole
2475 4222 2802 4291 splendidior
2832 4221 2898 4275 sit
2925 4219 3118 4273 futura.
3147 4217 3276 4272 Cum
3305 4217 3483 4287 itaque
3507 4218 3684 4272 veniet

2100 4315 2208 4381 ille,
2236 4324 2509 4384 postquam
2552 4322 2694 4368 tanta
2745 4310 3076 4381 praecesserit
3130 4308 3503 4372 existimatio,
3531 4317 3680 4362 tanta

2098 4406 2423 4473 exspectatio
2448 4445 2465 4471 ,
2490 4404 2675 4458 eadem
2706 4404 2817 4474 ipsa
2843 4401 3140 4470 praedicans
3170 4440 3187 4464 ,
3221 4407 3277 4452 et
3306 4396 3490 4454 Iesum
3533 4399 3554 4430 ⁸
3582 4413 3683 4452 an-

2098 4495 2383 4563 nuntians,
2415 4493 2621 4551 facilins
2661 4493 2801 4547 dicta
2829 4493 2971 4546 illius
2997 4490 3311 4560 suscipient.
3344 4489 3476 4544 Cum
3503 4501 3680 4546 autem

2097 4586 2245 4652 dicit,
2272 4585 2394 4640 Non
2414 4593 2747 4656 cognoverunt
2776 4600 2907 4648 eum,
2937 4593 2992 4638 et
3020 4582 3137 4637 illos
3155 4596 3413 4637 excusare
3443 4581 3676 4648 videtur,

2091 4688 2153 4735 et
2181 4692 2286 4734 non
2315 4679 2392 4734 sic
2421 4677 2582 4734 modo
2606 4692 2700 4731 eos
2749 4675 3083 4741 consolatur,
3124 4673 3217 4728 Sed
3241 4672 3399 4743 quod
3432 4673 3674 4729 ostendat

2098 4787 2158 4828 se
2187 4772 2382 4841 injuste
2411 4785 2688 4841 passurum
2717 4784 2836 4825 esse
2865 4811 2877 4834 ,
2908 4777 2962 4823 et
2987 4767 3129 4838 quod
3164 4767 3330 4822 tristia
3360 4767 3449 4821 ilia
3473 4765 3684 4821 duobus

2099 4862 2368 4917 miraculis
2396 4861 2728 4932 obtegantur,
2779 4860 2873 4914 illo
2920 4860 2971 4914 in
3001 4869 3184 4914 monte
3222 4859 3367 4914 edito
3414 4900 3428 4926 ,
3475 4867 3530 4914 et
3578 4859 3684 4915 alio

2101 4961 2228 5008 tunc
2242 4951 2465 5007 edendo.
2490 4937 2582 5005 liis
2599 4965 2758 5022 porro
2776 4950 2994 5016 auditis,
3023 4965 3130 5005 non
3159 4951 3491 5020 interrogant
3511 4949 3682 5015 illum,

2100 5044 2434 5116 quandonam
2469 5043 2613 5097 Elias
2643 5054 2898 5099 venturus
2925 5044 3014 5104 sit.
3048 5043 3161 5098 sive
3199 5043 3268 5097 ob
3294 5058 3580 5099 maerorem
3604 5043 3692 5100 ius

2099 5146 2232 5191 rurae
2261 5135 2540 5205 passionis,
2582 5136 2694 5190 sive
2724 5135 2865 5203 quod
2900 5135 2998 5204 ipsi
3023 5135 3290 5190 timerent.
3333 5133 3488 5205 Saepe
3527 5151 3681 5190 nanu-

2099 5241 2204 5296 que
2218 5240 2340 5281 cum
2363 5225 2541 5280 vident
2564 5221 2710 5278 illum
2728 5224 2870 5279 clare
2899 5222 3040 5294 loqui
3063 5229 3224 5288 nolle,
3249 5230 3428 5280 tacent
3443 5224 3686 5280 demum.

2100 5319 2231 5374 Cum
2259 5317 2421 5388 igitur
2459 5318 2511 5372 in
2538 5317 2751 5373 Galilaea
2787 5317 3120 5371 versantibus
3161 5317 3365 5372 diceret
3391 5358 3406 5384 ,
3434 5316 3687 5373 Futurum

2101 5418 2172 5463 est
2199 5417 2254 5461 ut
2284 5405 2448 5461 Filius
2475 5407 2692 5462 hominis
2716 5407 2967 5470 tradatur,
3003 5416 3051 5461 et
3091 5407 3318 5461 occident
3361 5424 3478 5461 eum
3503 5449 3521 5472 ,
3561 5409 3687 5462 θυι)-

2097 5498 2306 5570 juuxit,
2340 5497 2406 5552 Et
2447 5498 2729 5553 contristati
2756 5508 2871 5552 sunt
2918 5499 3066 5553 valde
3107 5513 3126 5554 :
3164 5499 3306 5570 quod
3347 5498 3690 5554 subindicant

2165 5680 2181 5708 ι
2216 5683 2341 5739 tite.
2369 5672 2486 5733 Quid
2505 5671 2600 5739 sibi
2631 5671 2730 5724 vult
2768 5671 2909 5734 illud,
2955 5689 2982 5720 cr
3003 5687 3327 5739 qtttecmttqtte-
3363 5673 3637 5735 animm,
3664 5685 3686 5716 ἱ

2098 5738 2280 5789 desunt
2303 5737 2351 5785 iu
2377 5735 2537 5785 Morel.

2166 5800 2186 5832 ³
2222 5806 2363 5857 Unus,
2381 5796 2559 5862 (illum,
2580 5811 2684 5861 pro,
2713 5806 2895 5848 Jesnstt.
