4040 6428
294 407 388 466 561

290 522 400 574 duo
437 515 807 585 evangelista;
858 507 1067 562 Marcus
1106 502 1322 573 quidem
1351 500 1522 553 dicit:
1562 491 1877 585 Ignorabant

290 611 516 673 uerbum,
548 582 637 659 nec
664 602 774 656 ausi
799 608 913 653 sunt
941 597 1088 652 illum
1111 596 1421 660 interrogare
1451 587 1646 658 (Marc.
1675 585 1728 640 9.
1762 582 1877 644 32):

294 703 464 758 Lucas
506 714 634 753 vero
680 715 691 748 :
726 693 852 747 Erat
890 688 1238 744 absconditum
1280 686 1342 737 ab
1373 685 1486 741 eis,
1537 697 1600 733 ne
1644 677 1881 731 sentirent

294 795 441 849 illud.
472 807 560 844 nec
588 789 699 841 ausi
720 796 969 840 suntcum
999 783 1312 848 interrogare
1338 779 1472 828 circa
1502 773 1700 826 verbum
1728 768 1878 833 (Luc.

295 886 346 941 9.
374 881 494 950 45).
538 880 625 934 Η.
675 878 798 931 Cum
828 874 1072 926 emissent
1111 880 1277 922 autent
1307 867 1375 920 ad
1416 865 1646 928 turbam,
1677 860 1882 914 accessit

297 972 362 1025 ad
400 949 512 1024 eum
539 971 685 1022 homo
711 983 842 1037 genu
872 965 1076 1037 ﬂectens
1122 970 1238 1013 ante
1264 975 1376 1011 eum
1398 998 1414 1022 ,
1455 965 1498 1009 et
1522 956 1691 1006 dicens
1724 967 1742 1004 :
1781 949 1884 1001 Do-

288 1066 446 1125 mine,
472 1061 700 1117 miserere
714 1036 831 1124 filio
856 1036 990 1118 meo,
1018 1052 1258 1118 quoniam
1292 1049 1542 1102 lunaticus
1564 1053 1656 1109 est,
1682 1051 1729 1094 et
1754 1042 1886 1093 male

295 1163 507 1223 patitur.
540 1149 691 1218 Scep:
717 1149 848 1199 enim
875 1145 1012 1198 cadit
1045 1146 1096 1196 in
1126 1144 1315 1212 ignem,
1349 1150 1394 1194 et
1420 1154 1554 1206 saepe
1579 1138 1632 1188 in
1658 1150 1840 1203 aquam
1866 1148 1884 1184 :

304 1245 395 1299 15.
429 1251 475 1294 et
502 1239 660 1293 obtuli
689 1256 798 1291 eum
829 1237 1090 1306 discipulis
1117 1237 1214 1287 tuis
1233 1274 1248 1300 ,
1278 1242 1323 1286 et
1357 1247 1456 1284 non
1481 1237 1749 1299 potuerunt
1771 1241 1884 1277 eum

295 1319 494 1389 citrare.
519 1332 672 1386 Hunc
701 1331 970 1386 hominem
1002 1327 1158 1381 valde
1189 1327 1240 1379 in
1270 1323 1373 1379 ﬁde
1401 1322 1671 1376 inﬁrmant
1700 1327 1883 1371 osten-

297 1429 372 1482 dit
403 1427 674 1496 Scriptura
711 1442 722 1475 :
767 1422 817 1475 id
858 1420 998 1490 quod
1041 1435 1104 1474 ex
1151 1418 1331 1476 multis
1360 1416 1534 1485 palam
1579 1422 1660 1467 est
1711 1431 1722 1465 :
1775 1420 1883 1463 tum

296 1516 439 1586 quod
478 1515 724 1573 Christus
763 1513 944 1574 dicat,
991 1508 1179 1564 Omnia
1223 1507 1482 1575 possibilia
1509 1513 1626 1558 sunt
1667 1501 1886 1556 credenti

300 1606 495 1676 (Marc.
527 1605 580 1659 9.
604 1603 699 1658 Ἡ.
724 1604 815 1668 ‘25)
851 1619 864 1664 ;
891 1611 998 1654 tum
1027 1599 1169 1668 quod
1203 1601 1246 1652 is
1277 1601 1363 1667 qui
1391 1596 1651 1657 accessit,
1703 1594 1844 1646 dicat
1872 1632 1886 1651 ,

303 1699 508 1766 Adjuva
540 1695 939 1750 incredulitatem
971 1709 1131 1745 meam
1158 1707 1177 1754 ;
1221 1691 1327 1744 imo
1355 1690 1513 1743 etiam
1545 1703 1607 1741 ex
1652 1701 1716 1740 eo
1745 1683 1887 1754 quod

300 1791 546 1847 Christus
572 1788 801 1844 dmmoni
847 1786 1124 1857 prtecipiat
1148 1826 1161 1846 ,
1204 1799 1272 1838 ne
1302 1783 1436 1836 ultra
1462 1783 1625 1834 intret
1654 1781 1705 1832 in
1729 1792 1886 1839 eum;

301 1901 364 1938 ac
395 1898 605 1938 rursum
635 1923 648 1946 ,
697 1881 838 1950 quod
868 1883 1027 1932 homo
1061 1879 1145 1932 ille
1171 1875 1384 1929 Christo
1415 1875 1554 1928 dicat
1581 1915 1594 1935 ,
1639 1871 1698 1925 Si
1728 1879 1886 1940 pales.

304 1979 381 2030 Ac
407 1974 613 2041 inquies
639 2015 652 2034 .
680 1973 724 2026 si
756 1971 898 2026 illius
929 1968 1273 2024 incredulitas
1300 1969 1351 2019 in
1379 1980 1536 2020 causa
1577 1964 1701 2026 fuit,
1749 1959 1889 2031 quod

303 2066 514 2119 daemon
543 2079 647 2117 non
673 2062 886 2124 exierit,
910 2075 1006 2114 cur
1026 2068 1242 2114 accusat
1267 2056 1599 2126 discipulos?
1623 2053 1688 2109 Ut
1714 2062 1894 2112 osten-

305 2156 392 2209 dat
422 2169 515 2213 eos
543 2167 696 2222 posse
729 2194 743 2217 ,
797 2151 1006 2206 etiamsi
1053 2164 1213 2204 nemo
1299 2163 1426 2205 eum
1468 2147 1572 2202 lide
1611 2147 1882 2212 adducat,

307 2261 479 2314 a-gros
505 2258 713 2297 curare.
751 2239 818 2300 Ut
863 2241 1004 2294 enim
1048 2254 1193 2306 swpe
1234 2236 1540 2290 accedentis
1583 2234 1715 2288 ﬁdes
1763 2232 1894 2287 satis

322 2337 412 2390 luit
446 2337 511 2394 ad
560 2335 820 2404 postulata
846 2333 931 2389 vel
961 2348 989 2385 a
1019 2330 1313 2384 minoribus
1345 2326 1672 2397 impetranda
1698 2366 1713 2390 ,
1745 2326 1822 2379 sic
1845 2333 1898 2376 ct

311 2427 582 2496 operantis
605 2441 748 2493 szepe
771 2426 938 2480 virtus
967 2422 1062 2475 fuit
1084 2421 1233 2484 satis,
1258 2417 1751 2474 sineaccedeutium
1772 2415 1894 2477 ﬁde,

312 2521 377 2572 ad
406 2518 656 2572 miracula
705 2515 982 2586 patranda.
1017 2514 1140 2566 Ilzec
1167 2513 1324 2565 ambo
1378 2511 1428 2562 iu
1472 2507 1761 2576 Scripturis
1805 2517 1898 2559 de-

315 2619 679 2663 monstrantur
708 2627 720 2662 :
751 2606 1030 2660 Cornelius
1060 2605 1200 2658 enim
1241 2602 1354 2659 sola
1387 2600 1489 2656 ﬁde
1520 2599 1742 2670 gratiam
1776 2598 1898 2668 Spi-

317 2700 452 2759 ritus
472 2700 691 2752 attraxit
714 2698 851 2762 (Act.
877 2697 966 2764 10)
1002 2715 1015 2750 :
1049 2697 1116 2749 ab
1137 2694 1353 2757 Elisaeo,
1380 2692 1595 2746 nomine
1628 2690 1900 2748 credente.

319 2801 572 2846 mortuus
606 2791 904 2846 suscitatus
926 2802 1007 2843 est
1027 2790 1100 2844 (4.
1124 2787 1247 2857 Reg.
1268 2787 1347 2839 15.
1370 2784 1483 2844 2-1).
1505 2783 1635 2836 Nam
1661 2785 1750 2850 qui
1777 2798 1901 2848 pro-

311 2879 546 2948 jeci'raut
572 2919 587 2942 ,
641 2895 742 2931 nou
772 2894 832 2930 ex
868 2877 997 2940 ﬁde,
1027 2877 1119 2930 sed
1152 2877 1220 2928 ob
1249 2887 1446 2932 metum
1480 2885 1681 2929 temere
1725 2875 1901 2943 proje-

322 2979 510 3024 ceruut
533 3012 547 3035 ,
577 2979 630 3024 et
658 2969 948 3038 periculum
995 2977 1295 3022 metuentes
1341 2968 1584 3036 fugerunt
1620 2984 1632 3019 :
1676 2967 1720 3020 is
1751 2969 1860 3036 ipse
1885 3009 1899 3029 ,

317 3063 404 3132 qui
439 3062 702 3131 projectus
733 3062 828 3116 fuit
857 3103 869 3125 ,
902 3070 1142 3118 mortuus
1167 3071 1281 3115 erat
1307 3103 1320 3124 ,
1360 3077 1531 3130 exque
1563 3061 1673 3114 sola
1708 3063 1902 3115 virtute

321 3156 454 3207 sacri
485 3155 746 3221 corporis,
781 3164 1019 3206 nmrtuus
1050 3154 1364 3208 resurrexit.
1396 3151 1547 3209 Unde
1574 3154 1747 3220 palam
1781 3163 1862 3207 est
1886 3195 1900 3218 ,

318 3244 603 3313 discipulos
633 3245 924 3298 imbecillos
948 3243 1150 3307 fuisse;
1184 3253 1233 3297 at
1274 3258 1377 3297 non
1405 3258 1626 3298 onmes:
1662 3259 1780 3296 nam
1813 3259 1898 3297 co-

319 3336 512 3392 lumna:
541 3336 644 3390 illa:
675 3352 778 3388 non
810 3335 1048 3388 aderant.

403 3507 454 3561 5.
494 3507 596 3560 Sed
633 3507 844 3561 aliunde
877 3510 995 3562 vide
1036 3503 1266 3562 hominis
1323 3509 1747 3583 impudentiam,
1778 3526 1912 3579 quo-

333 3599 493 3654 modo
538 3600 588 3653 in
629 3612 918 3669 conspectu
962 3602 1129 3654 turbae
1176 3601 1356 3654 Jesum
1411 3612 1682 3669 precetur,
1732 3613 1913 3655 cnttlta

332 3694 623 3762 discipulos
663 3694 881 3761 loquens
916 3713 926 3747 :
966 3709 1088 3746 nam
1136 3695 1251 3747 ait:
1297 3695 1456 3748 Attuli
1497 3712 1609 3746 eum
1656 3696 1918 3760 discipulis

333 3786 449 3842 tuis,
483 3794 527 3836 et
558 3801 656 3837 non
690 3795 954 3851 potuerunt
979 3801 1091 3837 cum
1120 3801 1316 3837 curare.
1351 3784 1453 3838 Sed
1480 3784 1722 3838 (ΗΠ-ἰδίας
1753 3785 1916 3838 dtsvi~

334 3875 487 3944 pulos
514 3891 636 3928 suos
670 3875 841 3944 palam
873 3890 1133 3928 excusans
1155 3917 1167 3938 ,
1197 3875 1452 3942 majorem
1481 3877 1554 3929 illi
1580 3877 1789 3945 culpam
1823 3879 1913 3931 tri-

332 3967 443 4019 huit
464 4006 477 4029 ,
509 3965 690 4020 dicens
719 3984 731 4017 :
765 3965 851 4019 16.
886 3964 929 4018 0
973 3966 1226 4034 generatio
1267 3967 1528 4020 incredula
1569 3978 1612 4021 et
1645 3985 1872 4036 perversa
1900 4013 1914 4033 ,

331 4073 583 4124 usquequo
613 4056 863 4110 vobiscum
885 4073 968 4110 ero
986 4057 1009 4108 ?
1025 4073 1128 4110 non
1161 4056 1301 4112 hunc
1327 4058 1499 4112 solum
1522 4058 1822 4126 alloquitur,
1854 4074 1918 4112 ne

332 4147 569 4200 turbaret
595 4163 737 4209 eum,
761 4148 854 4200 scd
886 4157 937 4200 et
967 4161 1154 4201 omnes
1183 4146 1416 4201 Judzeos.
1446 4148 1635 4201 Multos
1667 4150 1808 4202 enim
1841 4152 1915 4200 oi-

333 4239 510 4290 lensos
536 4238 694 4290 fuisse
720 4237 1005 4291 verisimile
1027 4248 1107 4291 est
1127 4278 1140 4301 ,
1174 4237 1414 4307 maleque
1438 4237 1504 4292 de
1525 4238 1799 4304 discipulis
1831 4257 1919 4292 su-

331 4329 562 4395 spicatos
602 4343 740 4381 esse.
782 4328 915 4381 Cum
947 4337 1123 4381 autem
1154 4328 1318 4392 dicit,
1356 4328 1623 4398 Usquequo
1667 4331 1918 4383 vobiscum

332 4420 465 4472 ero?
496 4420 727 4474 ostendit
754 4428 1006 4486 quantum
1041 4432 1266 4474 mortem
1305 4430 1534 4489 optaret,
1565 4431 1617 4474 et
1645 4422 1918 4476 desidera-

333 4520 412 4564 ret
441 4512 558 4562 hinc
582 4512 804 4581 migrare
832 4529 843 4570 :
870 4513 1073 4582 sibique
1105 4529 1208 4566 non
1237 4513 1489 4582 cruciﬁgi,
1519 4513 1612 4567 sed
1637 4531 1755 4568 cum
1791 4517 1917 4584 ipsis

331 4603 528 4656 versari
564 4605 841 4656 molestum
873 4619 1011 4658 esse.
1046 4604 1152 4658 Nec
1176 4614 1456 4660 contentus
1489 4608 1779 4668 iucusasse,
1805 4610 1875 4660 ait
1902 4627 1912 4658 :

334 4693 521 4760 Afferte
547 4696 645 4746 huc
670 4696 832 4761 ipsum
855 4697 920 4747 ad
948 4713 1059 4759 me;
1091 4696 1485 4765 interrogatque
1517 4696 1685 4759 illum,
1717 4709 1916 4766 quanto

333 4793 572 4852 tempore
601 4785 848 4838 detentus
877 4797 1040 4850 esset,
1070 4793 1119 4838 et
1149 4784 1435 4853 discipulos
1460 4803 1740 4852 excusans,
1773 4801 1821 4842 et
1857 4790 1920 4841 il-

331 4878 437 4929 lum
471 4877 522 4930 in
549 4891 694 4944 spem
725 4877 914 4930 bonum
947 4891 1128 4946 agens,
1164 4886 1222 4930 ut
1248 4876 1508 4938 crederet,
1539 4893 1596 4930 se
1625 4894 1654 4931 a
1684 4880 1823 4932 malo
1854 4880 1916 4932 li-

330 4965 646 5020 berandum.
676 4968 849 5035 Ipsum
879 4984 1006 5021 vero
1037 4968 1263 5036 discerpi
1297 4969 1422 5021 sinit
1449 5011 1460 5032 ,
1496 4985 1603 5023 non
1634 4971 1698 5024 ad
1732 4983 1914 5026 osten-

330 5057 580 5111 tationem
604 5058 743 5126 (quia
763 5060 901 5112 enim
921 5060 1069 5112 turba
1090 5059 1407 5125 conﬂuebat,
1429 5061 1725 5128 increpavit
1745 5064 1914 5134 eutu),

327 5146 422 5202 scd
452 5160 665 5216 propter
697 5148 866 5216 ipsum
897 5159 1132 5218 patrem,
1163 5161 1213 5202 nt
1245 5166 1364 5204 cum
1394 5151 1597 5206 videret
1619 5153 1914 5209 daemonem

330 5240 527 5292 turbati
557 5255 620 5291 eo
642 5240 780 5307 quod
811 5241 956 5292 illum
989 5252 1230 5295 vocasset
1258 5284 1268 5303 ,
1298 5243 1372 5295 sic
1399 5243 1586 5297 saltem
1620 5243 1778 5299 futuri
1815 5247 1914 5298 mi-

331 5331 491 5384 raculi
535 5329 689 5384 ﬁdem
728 5332 1046 5400 susciperet.
1085 5332 1348 5398 Quoniam
1390 5349 1514 5388 vero
1549 5335 1683 5388 dixit
1723 5336 1810 5388 ille
1836 5375 1850 5398 ,
1885 5351 1913 5387 a

327 5437 493 5490 pitero
518 5432 758 5474 vexatum
782 5436 920 5487 esse,
953 5433 1024 5484 et,
1051 5422 1110 5476 Si
1135 5432 1294 5492 potes,
1318 5424 1502 5493 adjuva
1523 5442 1618 5484 me.
1642 5426 1774 5478 dixit
1802 5426 1912 5492 ille,

330 5511 514 5564 Omnia
541 5511 801 5578 possibilia
828 5522 941 5564 sunt
969 5513 1188 5566 credenti
1217 5513 1406 5580 (Marc.
1439 5514 1490 5568 9.
1517 5514 1728 5585 20-22)
1750 5557 1763 5577 ,
1795 5532 1916 5570 rur-

327 5617 442 5654 sum
487 5603 632 5655 illum
675 5603 982 5671 objurgaus.
1031 5604 1092 5656 Et
1126 5604 1336 5672 quando
1381 5605 1623 5672 leprosus
1651 5607 1818 5672 dixit,
1853 5606 1914 5661 Si

327 5694 419 5755 vis,
451 5701 588 5759 potes
619 5709 696 5744 me
725 5693 971 5745 mundare
1001 5692 1148 5762 (Luc.
1181 5694 1233 5748 5.
1269 5694 1352 5747 12.
1387 5693 1505 5765 15),
1535 5695 1648 5764 ejus
1682 5704 1913 5763 potesta-

327 5799 430 5840 tem
467 5788 778 5840 testiﬁcatus
803 5830 816 5851 ,
852 5787 996 5840 illum
1041 5787 1258 5842 laudans
1295 5797 1348 5842 et
1377 5789 1573 5843 dictum
1621 5789 1746 5841 illud
1778 5805 1910 5849 con-

329 5877 547 5933 ﬁrmans
572 5877 722 5943 dixit,
755 5877 900 5944 l'olo,
926 5880 1189 5936 mundare.
1216 5879 1436 5946 Quando
1463 5889 1638 5934 autem
1670 5882 1750 5934 laic
1781 5881 1908 5934 nihil

1289 385 1351 441 IN
1393 375 1802 437 MATTHEUM
1843 370 2072 428 llO.\llL.
2116 370 2270 424 LVII.
2313 368 2382 420 al.
2431 361 2606 418 LVIII.

3483 355 3590 410 862

1989 485 2153 554 ipsius
2185 489 2445 552 potestate
2465 478 2684 547 dignum
2711 474 2938 543 loquens
2960 470 3112 536 dixit,
3130 469 3191 525 Si
3219 478 3378 539 potes,
3404 469 3594 538 adjuvn

1989 593 2086 643 me,
2113 576 2231 629 vide
2260 571 2527 641 quomodo
2557 568 2704 622 illum
2733 565 2986 634 corrigat,
3022 563 3190 634 utqui
3221 573 3405 616 contra
3431 577 3592 631 quam

1992 684 2087 738 par
2115 674 2230 721 erat
2259 665 2584 733 loqueretur.
2620 657 2760 726 Quid
2789 658 2930 711 enim
2960 655 3075 708 ait?
3109 653 3169 709 Si
3201 665 3341 723 potes
3366 652 3590 719 credere,

1991 763 2160 816 omnia
2187 758 2446 830 possibilia
2478 764 2594 808 sunt
2623 752 2886 814 credenti;
2918 749 2968 803 id
2999 756 3113 808 est,
3139 747 3306 801 Tanta
3340 761 3457 800 mea
3487 750 3594 799 vlr-

1992 865 2075 906 tus
2106 862 2186 906 est
2212 893 2224 913 ,
2258 861 2310 903 ut
2339 859 2392 904 et
2422 848 2512 902 alii
2544 861 2665 900 meo
2705 843 2922 898 nomine
2951 841 3158 910 possint
3207 838 3460 892 miracula
3495 852 3592 906 pa-

1992 955 2155 998 trare.
2203 943 2384 1010 Itaque
2433 941 2476 992 si
2526 947 2579 990 tu
2622 935 2811 990 credas
2843 944 2899 987 ut
2944 941 3157 1002 oportet
3187 930 3407 985 credere
3434 972 3448 993 ,
3480 932 3594 999 ipse

1991 1053 2204 1108 quoque
2233 1049 2422 1089 curare
2450 1043 2605 1101 potes
2633 1040 2684 1083 et
2714 1027 2856 1080 hunc
2880 1037 2935 1080 et
2959 1025 3094 1079 alios
3125 1023 3341 1078 multos.
3377 1021 3442 1076 Et
3475 1036 3594 1076 cum

1992 1130 2106 1182 lucc
2133 1127 2373 1188 dixisset,
2404 1122 2792 1178 daamoniacum
2818 1117 3084 1173 liberavit.
3105 1116 3183 1169 Tu
3216 1130 3342 1169 vero
3376 1129 3443 1168 ne
3472 1112 3595 1167 inde

1994 1228 2196 1271 tantum
2214 1217 2330 1284 ejus
2352 1211 2742 1284 providentiam
2759 1219 2812 1264 et
2834 1206 3240 1262 beneficentiam
3258 1202 3593 1268 consideres,

1992 1308 2084 1362 sed
2115 1309 2273 1362 etiam
2304 1321 2367 1359 ex
2392 1304 2485 1358 illo
2516 1311 2760 1372 tempore
2785 1314 2893 1370 quo
2916 1297 3184 1353 concessit
3210 1298 3352 1348 intus
3375 1309 3597 1348 manere

1991 1399 2313 1453 daemonem.
2345 1395 2454 1449 Nisi
2477 1393 2620 1447 enim
2650 1406 2838 1460 magna
2862 1399 2988 1442 tunc
3012 1386 3345 1456 providentia
3369 1384 3461 1440 iile
3482 1399 3598 1438 ser-

1994 1500 2147 1543 vatus
2171 1488 2376 1552 luisset,
2404 1483 2610 1554 jamdiu
2635 1482 2901 1552 periisset.
2935 1479 3067 1533 Nam
3093 1489 3145 1532 et
3169 1479 3220 1530 in
3250 1478 3422 1544 ignem
3449 1476 3598 1529 illum

1993 1581 2332 1649 conjiciebat,
2366 1579 2556 1648 inquit,
2588 1587 2641 1630 et
2668 1576 2718 1628 in
2750 1588 2960 1641 aquam.
2989 1571 3088 1639 Qui
3112 1585 3237 1624 vero
3267 1571 3315 1623 id
3344 1569 3601 1634 audebat,

1995 1673 2277 1729 occidisset
2307 1671 2489 1739 utique
2522 1668 2623 1721 nisi
2654 1668 2707 1719 in
2737 1674 2882 1718 tanto
2913 1667 3089 1717 lurore
3119 1661 3328 1715 frenum
3358 1661 3433 1714 illi
3455 1660 3602 1714 Deus

1997 1765 2293 1833 iujecisset:
2317 1760 2459 1831 quod
2487 1770 2540 1814 et
2568 1759 2642 1812 illi
2671 1757 2814 1827 passi
2844 1755 3084 1816 fuissent,
3109 1753 3206 1823 ,qui
3235 1753 3358 1805 nudi
3394 1767 3485 1819 per
3506 1751 3600 1805 de-

1996 1865 2137 1908 serta
2161 1850 2471 1915 currebant,
2499 1859 2549 1903 et
2579 1847 2841 1918 lapidibus
2863 1860 2982 1899 sese
3005 1843 3354 1913 impetebant.
3381 1842 3534 1907 Quod
3554 1842 3598 1895 si

1997 1947 2285 2001 lunaticum
2308 1953 2479 2006 vocet,
2506 1958 2572 1996 ne
2600 1939 2832 1995 turberis
2852 1956 2862 1991 :
2884 1952 3006 1992 nam
3033 1937 3110 1990 sic
3133 1945 3287 1990 vocat
3311 1934 3475 1990 lilium
3494 1935 3607 1990 tlte-

1997 2039 2228 2094 moniaei
2258 2045 2428 2107 pater.

2071 2128 2308 2181 Lunatici
2333 2143 2424 2179 cur
2449 2125 2520 2178 sic
2549 2123 2692 2178 dicti.
2729 2121 2949 2188 Quidam
2972 2119 3134 2174 sancti
3165 2127 3357 2172 montes
3376 2126 3603 2170 transtu-

2001 2221 2187 2276 lerunt.
2210 2248 2280 2258 —
2304 2216 2411 2272 Cur
2440 2231 2570 2284 ergo
2595 2214 2726 2268 dicit
2747 2211 3097 2281 evangelista,
3130 2210 3307 2277 ipsum
3339 2208 3600 2261 Iunaticos

2001 2313 2198 2367 multos
2242 2308 2563 2364 curavisse?
2609 2306 2686 2359 Ex
2734 2304 2877 2373 vulgi
2923 2302 3177 2371 opinione
3216 2301 3294 2355 sic
3343 2299 3602 2368 loquitur.

2003 2406 2221 2458 Dremon
2249 2403 2443 2471 quippe
2466 2408 2524 2454 ιιι
2547 2399 2646 2453 hoc
2669 2399 2993 2452 elementum
3013 2393 3390 2456 calumnietur,
3414 2407 3605 2446 secum.

2003 2495 2128 2548 dum
2163 2494 2302 2547 luna:
2329 2507 2544 2547 cursum
2578 2487 2778 2541 invadit
2811 2486 3077 2548 homines,
3111 2493 3166 2539 et
3192 2482 3413 2537 dimittit
3444 2498 3459 2535 :
3494 2497 3605 2537 non

2005 2585 2144 2653 quod
2176 2584 2259 2638 illa
2302 2582 2351 2636 id
2389 2590 2660 2650 operetur,
2690 2578 2827 2632 absit
2857 2594 2870 2638 ;
2905 2575 2998 2630 sed
3032 2575 3082 2629 id
3114 2573 3281 2629 efﬁcit
3312 2589 3406 2642 per
3433 2571 3599 2626 vafri—

2007 2677 2131 2730 tiem
2170 2675 2379 2728 daemon
2405 2715 2418 2738 ,
2449 2681 2506 2726 ut
2546 2671 2595 2725 id
2632 2672 2902 2724 elemento
2949 2669 3192 2736 imputet.
3228 2667 3459 2734 Ideoque
3493 2667 3607 2720 haec

2008 2769 2134 2822 falsa
2165 2768 2348 2837 opinio
2377 2765 2515 2832 apud
2563 2765 2877 2833 insipientes
2908 2760 3164 2823 invaluit,
3200 2764 3383 2827 sicque
3411 2757 3604 2821 delusi,

2009 2859 2109 2912 hoc
2139 2859 2354 2911 nomine
2381 2856 2655 2910 dwmonas
2699 2851 3002 2920 hujusmodi
3034 2850 3309 2921 appellant
3340 2868 3351 2904 :
3383 2849 3433 2904 id
3465 2847 3606 2917 quod

2008 2949 2226 3001 minime
2269 2962 2452 3000 verum
2493 2953 2594 2998 est.
2636 2943 2720 2998 18.
2763 2941 2907 2995 Tunc
2935 2948 3249 2994 accesserunt
3275 2940 3510 3010 discipuli
3539 2939 3608 2997 ad

2007 3056 2116 3091 eum
2144 3049 2352 3102 secreto,
2378 3049 2422 3090 et
2443 3038 2878 3105 interrogaverunt
2907 3049 3042 3096 eum,
3073 3048 3164 3084 cur
3195 3048 3294 3085 non
3327 3031 3608 3100 potuissent

2009 3130 2105 3198 ipsi
2131 3129 2408 3181 dremonem
2431 3128 2629 3190 ejicere.
2657 3123 2924 3180 Timuisse
2949 3121 3078 3175 mihi
3101 3121 3370 3188 videntur,
3395 3136 3461 3175 ne
3481 3136 3610 3175 cou-

2009 3238 2214 3276 cessam
2243 3223 2339 3274 sibi
2363 3219 2586 3290 gratiam
2610 3217 2907 3270 amiserint.
2937 3215 3262 3268 Potesmtem
3286 3214 3427 3268 enim
3452 3228 3607 3268 acce-

2011 3325 2198 3383 perant
2238 3324 2422 3367 contra
2467 3313 2704 3380 impuros
2732 3308 3031 3366 dmmonas.
3082 3305 3206 3362 ldco
3237 3306 3609 3375 interrogant,

2019 3422 2266 3460 seorsum
2305 3406 2627 3457 accedentes
2651 3443 2664 3466 ,
2700 3417 2807 3454 non
2849 3401 2994 3468 quod
3026 3398 3420 3452 erubescerent
3450 3396 3620 3464 (cum

2018 3500 2185 3562 enim,
2217 3497 2334 3566 ipso
2365 3507 2510 3559 actu,
2539 3491 2924 3566 [impotentia-1
2948 3490 3181 3545 convicti
3216 3489 3471 3553 fuissent,
3505 3504 3622 3548 non

2018 3601 2134 3643 erat
2159 3591 2271 3658 jam
2298 3605 2396 3644 cur
2428 3589 2478 3640 id
2507 3584 2821 3642 conﬁtendo
2853 3581 3292 3650 erubescerent),
3341 3581 3437 3634 sed
3469 3581 3615 3649 quod

2018 3681 2084 3734 de
2119 3695 2318 3733 arcana
2353 3689 2408 3733 ct
2439 3692 2632 3746 magna
2672 3693 2729 3730 re
2765 3677 2916 3728 illum
2965 3681 3152 3728 essent
3199 3669 3613 3739 interrogaturi.

2019 3770 2160 3836 Quid
2205 3771 2372 3841 igitur
2418 3770 2720 3824 Christus?
2773 3767 2866 3822 90.
2920 3765 3150 3834 Propter
3183 3762 3616 3816 incredulitatem

2019 3875 2284 3928 vestram,
2339 3867 2435 3918 ait.
2496 3863 2558 3917 Si
2604 3863 2754 3922 enim
2789 3861 3084 3913 habueritis
3125 3859 3286 3926 [idem
3319 3856 3457 3908 sicut
3494 3870 3620 3925 gra-

2022 3971 2145 4007 num
2200 3956 2401 4023 sinapis
2428 3995 2442 4018 ,
2487 3954 2679 4006 dicetis
2732 3952 2902 4005 monti
2941 3951 3094 4014 huic,
3139 3948 3330 4001 Transi
3363 3947 3516 4011 hinc,
3566 3953 3624 3998 ct-

2023 4048 2291 4109 transibit,
2326 4058 2372 4100 et
2407 4047 2540 4099 nihil
2575 4043 2904 4113 impossibile
2942 4042 3084 4096 vobis
3111 4042 3233 4094 erit.
3268 4040 3424 4106 Quod
3460 4038 3504 4092 si
3532 4037 3618 4090 di-

2024 4139 2202 4201 xeris,
2246 4137 2475 4193 Ubinam
2523 4144 2758 4190 montem
2807 4133 3245 4187 transtulerunt?
3283 4131 3457 4186 dicam
3503 4133 3631 4190 illos.

2024 4230 2192 4282 multo
2221 4229 2418 4297 majora
2452 4227 2662 4288 iecisse,
2693 4239 2813 4279 cum
2844 4225 2992 4278 mille
3024 4233 3266 4276 mortuos
3287 4223 3620 4277 suscitarint.

2023 4322 2204 4391 Neque
2244 4322 2383 4387 paris
2431 4318 2706 4387 potestatis
2748 4325 2867 4376 est,
2905 4325 3140 4370 montem
3185 4315 3512 4377 transferre,
3559 4329 3623 4365 ae
3706 4362 3708 4364 ,

2025 4424 2250 4468 mortem
2283 4427 2309 4464 a
2344 4425 2568 4478 corpore
2597 4408 2815 4478 pellere.
2850 4406 3076 4462 Narrant
3107 4415 3227 4476 post
3256 4407 3378 4459 illos
3405 4399 3621 4458 sanctos

2023 4503 2279 4572 quosdam
2312 4501 2415 4558 illis
2444 4501 2698 4564 minores,
2733 4507 2942 4552 montes
2974 4498 3292 4551 necessitate
3314 4495 3620 4563 postulante

2027 4594 2381 4652 transtulisse.
2425 4592 2579 4648 Unde
2621 4592 2817 4660 liqueat
2854 4590 2971 4642 illos
3009 4604 3221 4658 quoque
3270 4588 3622 4640 translaturos

2024 4684 2206 4743 fuisse,
2226 4685 2266 4736 si
2293 4683 2340 4734 id
2367 4682 2654 4736 necessitas
2677 4680 3016 4748 postulasset.
3042 4679 3097 4732 Si
3125 4689 3301 4731 autem
3331 4692 3622 4745 numquam

2026 4791 2245 4829 necesse
2288 4775 2466 4838 fuerit,
2508 4789 2574 4827 ne
2619 4768 2811 4841 arguas
2843 4771 2984 4824 illos.
3028 4769 3276 4838 Alioquin
3306 4776 3482 4822 autem
3515 4784 3624 4823 non

2023 4867 2157 4920 dixit
2188 4867 2320 4935 ipse,
2353 4864 2581 4917 Omnino
2610 4862 2975 4924 transferetis,
3012 4860 3104 4914 sed
3135 4903 3144 4918 .
3182 4859 3232 4913 Id
3269 4859 3532 4928 poteritis.
3566 4860 3623 4924 Si

2025 4975 2183 5029 porro
2229 4973 2333 5015 non
2374 4957 2803 5016 transtulerunt,
2853 4970 2958 5008 non
3002 4953 3142 5022 quod
3196 4969 3309 5006 non
3350 4961 3570 5020 possent
3607 4995 3619 5014 ,

2023 5049 2336 5122 (quomodo
2364 5048 2504 5101 enim
2537 5047 2624 5117 qui
2656 5046 2855 5114 majora
2888 5045 3192 5114 possent?)
3225 5043 3318 5098 sed
3345 5043 3487 5113 quod
3522 5059 3624 5096 no-

2023 5144 2216 5199 luerint
2246 5143 2444 5212 absque
2477 5141 2811 5195 necvssitale.
2851 5139 3028 5194 Potuit
3052 5140 3213 5194 etiam
3243 5138 3292 5193 id
3319 5138 3577 5193 accidisse
3609 5180 3622 5202 ,

2022 5237 2118 5288 etsi
2163 5236 2420 5305 scriptum
2461 5249 2565 5286 non
2595 5233 2750 5286 fuerit
2777 5249 2790 5296 ;
2824 5248 2997 5301 neque
3022 5234 3165 5287 enim
3191 5233 3370 5287 omnia
3395 5248 3515 5303 quae
3545 5233 3621 5289 illi

2022 5329 2241 5383 edidere
2268 5327 2519 5381 miracula
2551 5328 2745 5394 scripta
2775 5335 2918 5378 sunt.
2950 5326 3100 5380 Tunc
3131 5341 3291 5395 porro
3319 5325 3484 5380 multo
3525 5327 3622 5380 im-

2022 5419 2369 5489 perfectiores
2404 5427 2577 5473 erant.
2622 5417 2756 5484 Quid
2807 5417 3006 5486 igitur?
3037 5433 3104 5470 an
3148 5418 3383 5472 nondum
3417 5426 3620 5471 tantam

2024 5513 2180 5567 ﬁdem
2223 5510 2524 5564 habebant?
2560 5509 2673 5563 Non
2705 5509 2888 5577 utique
2918 5508 3223 5570 habebant,
3255 5523 3428 5578 neque
3458 5507 3620 5562 iidem

2023 5606 2121 5674 ipsi
2165 5620 2377 5658 semper
2418 5604 2563 5655 luere
2594 5621 2604 5654 :
2639 5600 3069 5668 quandoquidem
3104 5601 3293 5654 Petrus
3325 5614 3466 5654 nunc
3497 5600 3619 5654 bea-

2023 5706 2107 5751 tus
2137 5697 2475 5766 praedicatur,
2517 5710 2656 5748 nunc
2697 5695 3038 5761 increpatur;
3071 5692 3267 5762 reliqui
3310 5707 3437 5745 vero
3467 5691 3618 5758 quasi

2022 5789 2334 5856 insipientes
2371 5797 2666 5846 arguuntur
2712 5786 2780 5839 ab
2827 5787 2942 5853 ipso
2970 5828 2982 5849 ,
3028 5785 3167 5853 quod
3215 5783 3522 5853 parabolam
3551 5781 3620 5834 de

2025 5878 2288 5936 fermento
2315 5894 2422 5936 non
2457 5877 2866 5934 intellexissent.
2915 5875 3150 5948 Contigit
3189 5886 3367 5930 autem
3407 5883 3464 5932 ut
3493 5883 3619 5940 tunc
