4040 6598
474 415 580 471 565

473 527 719 599 discipuli
747 523 1106 580 imbecillitate
1132 521 1435 592 laborarent
1466 537 1480 576 :
1509 519 1586 574 sic
1609 518 1751 574 enim
1780 527 1905 573 ante
1930 532 2052 573 cru-

473 637 590 678 cem
612 628 665 676 et
688 619 986 689 passionem
1011 614 1238 670 fuerant.
1268 613 1363 668 llic
1388 626 1548 684 porro
1567 612 1634 668 de
1655 613 1925 682 signorum
1948 608 2057 666 ﬁde

476 713 722 784 loquitur,
754 720 809 764 et
837 708 1045 777 sinapin
1068 705 1331 770 adhibet,
1362 716 1422 760 ut
1446 707 1562 774 ejus
1586 703 1903 759 ined‘abilem
1936 703 2048 757 vir-

475 811 637 857 tutem
687 799 967 870 significet.
1013 797 1161 853 Licet
1199 797 1340 852 enim
1395 794 1536 851 mole
1588 796 1806 848 minima
1853 794 2053 864 sinapis

476 894 716 950 rideatur
735 907 853 947 esse
881 933 894 954 ,
931 892 1037 944 vim
1063 899 1240 944 tamen
1283 888 1713 961 habet/omnium
1745 887 2049 942 maximam.

475 985 684 1040 Doceus
726 983 903 1053 igitur,
947 983 1207 1036 sinceram
1249 979 1406 1034 fidem
1442 978 1537 1032 vel-
1557 978 1828 1032 minimam
1856 991 2049 1046 magna

472 1091 630 1147 posse
649 1117 665 1141 ,
696 1073 902 1144 sinapin
939 1077 1324 1127 commemorat
1354 1087 1368 1123 :
1403 1083 1576 1140 neque
1601 1067 1688 1122 hic
1711 1066 1932 1138 gradum
1974 1067 2048 1120 si-

471 1178 641 1234 stens,
666 1176 872 1222 montes
897 1164 1118 1231 addidit,
1137 1172 1192 1218 et
1218 1163 1353 1217 ultra
1377 1172 1690 1232 progressus
1715 1158 1879 1214 dixit:
1901 1156 2051 1212 Nihil

470 1259 608 1312 nobis
634 1255 940 1326 impossibile
964 1257 1075 1310 erit.

541 1351 596 1404 6.
625 1347 847 1422 Spiritus
866 1347 1039 1402 virtus.
1067 1342 1275 1422 Ieiunia
1295 1353 1339 1398 et
1363 1342 1588 1397 oratione
1606 1354 1733 1410 Opus
1756 1349 1828 1395 est
1847 1341 1915 1392 ad
1938 1339 2048 1392 da:-

473 1455 649 1494 ntonas
668 1421 944 1509 pellendos.
965 1465 1032 1478 --
1052 1433 1132 1491 Tu
1154 1421 1281 1491 vero
1306 1434 1393 1491 hic
1418 1434 1629 1489 illorum
1659 1429 2047 1502 philosophiam

472 1533 704 1594 mirare,
733 1540 786 1584 et
824 1529 1052 1598 Spiritus
1093 1525 1340 1581 virtutem“
1377 1542 1393 1578 τ
1430 1523 1821 1595 philosophiam
1847 1563 1862 1588 ,
1904 1521 2047 1592 quod

469 1636 623 1676 suam
647 1622 1010 1690 impeteutiam
1039 1633 1144 1673 non
1166 1616 1551 1679 occultaverint
1575 1631 1590 1678 ;
1619 1611 1846 1684 Spiritus
1873 1614 2045 1667 virtu-

470 1721 615 1774 tem,
647 1709 787 1780 quod
828 1722 921 1763 eos
941 1749 956 1774 ,
987 1707 1073 1779 qui
1106 1722 1205 1762 nec
1241 1706 1398 1762 iidem
1435 1705 1569 1760 sicut
1596 1716 1818 1774 granum
1850 1703 2048 1774 sinapis

469 1803 775 1869 habebant,
810 1803 888 1858 sic
922 1800 1171 1870 paulatim
1200 1797 1484 1863 extulerit,
1519 1807 1574 1851 ut
1625 1795 1747 1851 ﬁdei
1786 1795 1959 1850 fontes
1995 1803 2050 1848 et

469 1893 682 1948 ﬂumina
697 1892 748 1946 in
763 1891 866 1947 illis
879 1890 1217 1947 scaturirent.
1235 1889 1297 1944 2i
1311 1928 1325 1942 .
1346 1887 1515 1944 Genus
1533 1898 1699 1941 autem
1721 1887 1814 1940 Itoc
1830 1902 1929 1940 non
1949 1886 2043 1952 eji-

468 1989 617 2052 citur,
645 1985 742 2039 nisi
778 1977 832 2038 in
871 1981 1100 2037 oratione
1134 1991 1182 2035 et
1222 1981 1427 2051 jejunio
1451 2019 1465 2042 ,
1498 1978 1694 2047 adjecit
1721 1978 1851 2032 ille»:
1877 1988 2045 2046 genus

466 2075 766 2130 daunonum
788 2089 946 2129 omne
959 2072 1107 2138 dicit,
1132 2087 1238 2128 non
1261 2081 1462 2126 tantum
1478 2083 1644 2141 genus
1666 2067 2040 2124 lunaticorum.

465 2165 654 2221 Viden’
685 2163 955 2235 quomodo
980 2163 1168 2234 jejunii
1197 2161 1397 2218 semina
1426 2155 1598 2228 jacit?
1627 2160 1732 2215 Nec
1764 2161 1891 2215 mihi
1922 2175 2044 2213 raro

466 2256 711 2325 exemplo
743 2255 889 2310 dicas
909 2294 924 2319 ,
951 2254 1209 2325 quosdam
1247 2254 1364 2308 sine
1396 2253 1598 2322 jejunio
1629 2251 1902 2306 daemonas
1930 2251 2041 2320 eje-

466 2349 625 2403 cisse.
653 2346 782 2400 Nam
809 2347 854 2401 si
885 2359 1020 2400 unus
1044 2353 1136 2399 aut
1162 2343 1298 2398 alter
1327 2340 1652 2411 increpando
1674 2341 1753 2394 sic
1776 2339 2044 2409 expulisse

467 2446 732 2502 narretur,
766 2435 878 2492 fieri
910 2435 1094 2505 nequit
1121 2442 1176 2488 ut
1206 2434 1251 2488 si
1281 2433 1328 2488 is
1353 2433 1441 2502 qui
1469 2430 1518 2488 id
1544 2432 1740 2501 patitur
1762 2431 1813 2485 in
1840 2429 2046 2484 deliciis

463 2530 627 2592 vivat,
654 2530 727 2583 ab
748 2527 851 2583 hoc
879 2542 1135 2598 umquam.
1159 2523 1340 2580 furere
1369 2523 1641 2581 liberetur.
1667 2520 1878 2590 Jejunio
1901 2520 2044 2574 enim

463 2632 520 2679 et
547 2622 786 2676 oratione
816 2619 1048 2677 maxime
1073 2631 1206 2687 opus
1229 2624 1311 2672 est
1338 2616 1408 2679 ei,
1432 2613 1521 2685 qui
1551 2614 1650 2668 hoc
1674 2612 1864 2670 morbo
1892 2610 2042 2670 laboo

463 2723 565 2768 rat.
597 2712 700 2767 Sed
725 2713 770 2766 si
800 2709 904 2767 fide
928 2723 1059 2779 opus
1091 2718 1206 2773 est,
1240 2705 1468 2776 inquies,
1500 2720 1596 2759 cur
1619 2719 1754 2772 opus
1778 2710 1861 2757 est
1884 2711 1938 2757 et
1957 2701 2044 2770 je-

462 2802 651 2874 junio?
674 2801 806 2870 Quia
829 2814 948 2855 cum
981 2797 1083 2853 [ide
1104 2797 1364 2867 jejunium
1393 2810 1496 2850 non
1519 2807 1731 2865 parvam
1763 2792 1909 2862 addit
1939 2791 2040 2844 for-

467 2883 744 2950 titudinem
778 2911 792 2947 :
833 2891 1220 2962 philosophiam
1259 2888 1456 2960 quippe
1498 2900 1741 2956 magnam
1789 2883 2042 2944 indit.‘ct

468 2985 715 3056 angelum
745 2983 1056 3039 ex'homine
1085 2979 1269 3046 cfllcit,
1299 2990 1492 3034 etcum
1521 2977 1849 3045 incorporeis
1874 2973 2040 3028 virtu—

466 3077 604 3141 tibus
631 3083 862 3146 pugnat;
890 3088 1074 3128 verum
1096 3087 1202 3125 nun
1231 3070 1426 3126 suilicit
1446 3068 1594 3135 illud,
1623 3067 1716 3123 sed
1743 3065 1863 3121 addi
1886 3065 2042 3120 debet

469 3168 672 3231 oratio,
699 3181 817 3237 qutc
848 3166 1010 3220 etiam
1040 3173 1240 3235 prteeat
1267 3169 1496 3233 oportet.
1531 3159 1658 3214 Vide
1685 3173 1812 3228 ergo
1843 3164 2038 3226 quanta

467 3261 604 3316 bona
645 3274 710 3314 ex
746 3266 968 3325 utroque
1005 3255 1306 3324 gignantur.
1337 3252 1472 3322 Quia
1503 3250 1648 3305 enim
1676 3249 1765 3320 qui
1797 3257 2043 3318 precatur

466 3361 527 3406 ut
551 3350 727 3410 decet.
753 3357 809 3404 et
842 3346 1048 3415 jejuuat
1068 3385 1082 3408 ,
1113 3354 1222 3398 non
1257 3343 1448 3407 multis,
1481 3339 1714 3409 indiget;
1747 3339 1836 3408 qui
1864 3345 2040 3391 autem

465 3452 572 3497 ιιοιι
607 3440 784 3497 multis
819 3438 1052 3508 indiget,
1097 3451 1202 3491 non
1244 3434 1480 3504 pecunia:
1509 3446 1693 3485 amans
1727 3429 1922 3496 fuerit;
1951 3433 2042 3502 qui

467 3534 704 3605 pecunias
727 3531 912 3586 amans
934 3545 1038 3585 non
1059 3538 1161 3592 est,
1188 3526 1254 3581 ad
1279 3526 1670 3595 eleemosynam
1700 3539 1899 3594 pronus
1919 3525 2040 3579 crit.

464 3625 565 3692 Qui
600 3624 803 3695 jejunat
829 3663 843 3688 ,
873 3621 1037 3676 levior
1065 3628 1220 3675 estet
1248 3617 1398 3686 quasi
1424 3615 1628 3679 alatus,
1656 3615 2044 3685 vigilanterque

469 3724 608 3780 orat,
627 3714 795 3770 malas
811 3711 1286 3782 concupiscientias
1304 3707 1612 3778 exstinguit.
1639 3706 1912 3775 Deumque
1930 3704 2040 3774 pia-

409 3844 412 3846 ~
465 3816 572 3869 cat,
596 3807 786 3861 elatam
812 3804 1042 3880 animam
1071 3801 1334 3880 humiliat.
1369 3799 1492 3856 Ideo
1511 3798 1733 3868 apostoli
1763 3796 1874 3852 fere
1896 3809 2040 3851 sem-

468 3913 565 3968 per
583 3878 915 3967 jejunabant.
941 3895 1042 3962 Qui
1065 3878 1228 3948 oratis
1252 3891 1491 3962 ieiunat,
1523 3891 1675 3945 binas
1701 3889 1861 3945 habet
1888 3887 1999 3942 alas
2021 3929 2037 3953 ,

424 3982 427 3985 ’
466 3994 602 4064 ipsis
615 3994 788 4046 ventis
807 3993 1056 4056 leviores.
1071 3990 1190 4045 Non
1209 3989 1352 4045 enim
1367 3989 1582 4055 oscitat,
1597 4003 1706 4047 non
1722 3972 2034 4058 pandicula-

470 4090 556 4133 tur
575 4093 673 4135 uec
697 4088 875 4147 torpet
893 4079 1125 4138 orando,
1154 4080 1212 4130 ut
1238 4076 1396 4132 multi
1428 4077 1608 4134 solent
1632 4093 1647 4134 τ
1674 4073 1770 4130 sed
1799 4082 1885 4130 est
1908 4074 2034 4144 igne

467 4167 761 4232 ardentior,
783 4177 838 4222 et
867 4176 1007 4221 terra
1034 4167 1310 4235 superior:
1335 4165 1561 4235 ideoque
1587 4165 1819 4219 maxime
1843 4165 2042 4218 dtenm-

465 4272 594 4316 num
620 4255 788 4311 hostis
815 4265 870 4311 et
895 4253 1158 4310 inimicus.
1186 4254 1327 4309 Nihil
1359 4255 1498 4309 enim
1531 4256 1798 4324 potentius
1829 4255 2043 4310 homine

465 4347 631 4419 probe
670 4356 874 4402 orante.
915 4345 1048 4401 Nam
1088 4346 1133 4400 si
1172 4346 1364 4401 mulier
1403 4346 1486 4399 illa
1508 4344 1660 4416 (Luc.
1690 4345 1776 4401 18.
1804 4346 1894 4416 5),
1921 4361 2045 4401 cru-

464 4440 636 4495 d'elcm
667 4439 955 4510 principem
976 4480 992 4505 ,
1020 4441 1108 4509 qui
1136 4453 1234 4493 nec
1258 4437 1423 4493 Deum
1450 4439 1687 4502 timebat,
1718 4439 1822 4492 nec
1869 4437 2040 4492 homi-

467 4547 587 4590 nem
618 4530 980 4596 rererebatur,
1010 4531 1228 4585 ﬂectere
1255 4529 1422 4600 petuit
1446 4547 1459 4584 :
1481 4529 1648 4583 multo
1678 4530 1845 4598 magis
1875 4528 2039 4585 Deum

465 4625 662 4689 ﬂectet,
691 4625 780 4696 qui
805 4623 1112 4695 frequenter
1138 4624 1338 4688 instat,
1365 4622 1456 4693 qui
1487 4621 1658 4676 ventri
1685 4620 1952 4691 imperat,
1977 4639 2041 4678 ac

463 4713 678 4771 delicias
707 4714 871 4784 ejicit.
2055 4765 2082 4772 _

534 4802 654 4860 Non
697 4804 1058 4875 indulgentium
1101 4806 1314 4861 deliciis.
1356 4805 1501 4862 Culte
1519 4817 1568 4862 et
1592 4807 1849 4862 edacitatis
1878 4807 2039 4863 uiola.

460 4925 532 4943 ~—
558 4896 707 4964 Quod
735 4897 778 4950 si
797 4897 1062 4952 infirmum
1085 4898 1176 4952 tibi
1199 4911 1505 4970 corpusest,
1538 4909 1595 4954 ut
1629 4915 1733 4955 non
1757 4899 1929 4970 possis
1953 4913 2040 4954 as-

458 4989 614 5045 sidue
658 4987 902 5059 ieiunare
921 5030 936 5052 ,
963 4997 1018 5043 at
1043 4990 1305 5044 iuiirmum
1338 5005 1441 5046 non
1469 5000 1552 5046 est
1577 4990 1642 5044 ad
1669 4991 1951 5051 orandum.
1978 5000 2033 5046 et

459 5081 525 5136 ad
553 5082 748 5136 ventris
773 5081 991 5137 delicias
1016 5083 1364 5150 spernendae.
1413 5081 1556 5137 Nam.
1587 5083 1632 5136 si
1658 5082 1905 5152 jejunare
1931 5095 2036 5136 non

461 5180 630 5242 potes.
661 5181 715 5225 at
755 5182 902 5241 potes
933 5187 1037 5227 non
1088 5170 1290 5227 deliciis
1336 5172 1680 5230 incumbere:
1711 5173 1836 5228 illud
1863 5183 2039 5228 autem

463 5276 565 5318 uno
600 5275 816 5330 parvum
835 5272 939 5328 est,
966 5278 1066 5318 nec
1080 5279 1108 5318 a
1127 5263 1330 5332 jejunio
1351 5265 1570 5320 multum
1594 5264 1755 5320 distat
1779 5283 1794 5330 ;
1822 5266 1913 5321 scd
1933 5263 2043 5319 siit»-

464 5353 569 5406 iicit
610 5350 684 5406 ad‘
705 5352 900 5407 diaboli
929 5353 1158 5408 furorem
1185 5354 1560 5424 dejiciendum.
1595 5354 1735 5411 Nihil
1785 5357 1926 5411 enim
1970 5357 2038 5410 ita

463 5453 606 5497 amat
655 5444 741 5497 ille
766 5485 781 5508 ,
807 5454 863 5499 ut
899 5445 1036 5515 gula:
1065 5437 1282 5501 delicias
1310 5455 1365 5502 et
1419 5445 1752 5513 ebrietatem,
1793 5463 1913 5517 quae
1959 5456 2040 5501 est

460 5535 699 5589 omnium
730 5542 899 5592 mater
935 5537 1214 5592 malorum.
1259 5538 1362 5594 Per
1382 5540 1522 5594 hanc
1545 5538 1670 5593 olim
1697 5537 1960 5594 lsraelitas
1986 5538 2041 5592 in

460 5623 812 5680 idololatriam
841 5625 1170 5697 dejecit,per
1207 5627 1342 5684 hanc
1364 5629 1670 5686 Sodomitas
1720 5628 1776 5684 in
1825 5630 2040 5685 amores

461 5716 669 5786 iniquos
698 5716 1066 5775 inﬂammavit.
1124 5719 1245 5775 Haec
1288 5721 1450 5787 enim,
1481 5721 1576 5788 ait,
1599 5722 1843 5790 iniquitas
1871 5719 2042 5776 Sodo-

461 5819 686 5872 morum;
718 5809 769 5863 in
798 5810 1054 5882 superbia,
1082 5810 1133 5863 in
1162 5814 1420 5868 saturitate
1449 5813 1616 5885 panis,
1643 5824 1690 5868 et
1709 5814 1761 5867 in
1784 5813 2039 5884 prosperi-

1175 410 1228 466 S.
1271 406 1543 464 .iOANNIS
1580 403 2062 462 ιῖιιιιῖεοετιιιιι
2091 402 2408 460 ARCHIEP.
2448 404 2980 463 CONSTANI‘INOP.

3639 415 3784 474 εει-

2160 525 2262 572 tate
2297 512 2915 588 ιιιεινδαιαηιιινιειεειι.
2954 520 3038 574 i6.
3071 518 3163 592 49)
3197 537 3212 573 :
3245 518 3345 576 hac
3369 522 3566 576 multos
3616 527 3764 576 imm

2159 609 2291 668 alios
2338 599 2570 680 perdidit
2609 612 2972 682 gehennteqne
3004 609 3238 668 tradidit.
3275 611 3412 681 Quid
3441 615 3585 667 enim
3617 616 3760 673 muli

2157 712 2263 758 non
2310 712 2599 773 cperantur
2647 704 2851 760 deliciae
2903 705 3136 760 mensae?
3182 706 3435 760 Homines
3463 707 3514 759 in
3548 720 3722 775 porco

2157 805 2503 859 commutant,
2533 805 2587 849 et
2613 797 2788 864 porcis
2817 794 3116 852 deteriores
3135 795 3394 852 efficiunt.
3449 796 3582 852 Nam
3613 812 3748 866 por-

2150 898 2250 942 ‘cus
2279 889 2330 941 in
2357 901 2511 942 cteno
2538 887 2825 952 volutatur,
2863 895 2916 940 et
2940 895 3178 944 stercore
3204 888 3469 952 nutritur;
3495 887 3584 943 hic
3611 902 3755 942 vero

2156 981 2323 1050 magis
2345 980 2752 1036 abominandam
2781 980 2881 1036 sibi
2910 989 3062 1050 parat
3091 981 3352 1045 mensam,
3382 982 3557 1037 coitus
3582 981 3755 1036 illici-

2155 1079 2237 1128 tos
2262 1073 2587 1150 excogitans,
2611 1081 2663 1128 et
2693 1072 2906 1144 iniquos
2931 1054 3161 1127 autores.
3201 1071 3297 1126 Hic
3323 1070 3453 1126 nihil
3481 1087 3512 1126 a
3535 1071 3757 1127 daemo-

2155 1165 2304 1220 niaco
2355 1165 2530 1220 diil‘ert
2559 1184 2571 1216 :
2602 1180 2723 1218 nam
2774 1163 3057 1233 impudens
3085 1163 3246 1218 simul
3279 1170 3334 1218 et
3364 1161 3600 1218 furiosus
3627 1170 3744 1218 est.

2157 1258 2544 1311 Dzrmouiacum
2593 1268 2738 1312 certe
2764 1256 2953 1311 saltem
2995 1243 3312 1311 miseramtir
3344 1273 3358 1307 :
3391 1254 3532 1310 hunc
3561 1265 3749 1322 autem

2152 1364 2462 1404 aversamnr
2487 1359 2536 1405 et
2579 1350 2703 1404 odio
2743 1347 3020 1403 habemus.
3079 1346 3293 1416 Quare?
3346 1346 3479 1413 Quia
3522 1358 3752 1415 sponta-

2153 1456 2311 1497 neum
2350 1441 2452 1496 sibi
2499 1440 2731 1496 furore'm
2781 1440 3019 1505 attrahit,
3057 1448 3113 1496 ot
3167 1454 3247 1505 os,
3298 1441 3504 1501 ocu!os.
3553 1453 3742 1502 nares,

2163 1538 2343 1592 omnia
2387 1535 2622 1604 dinique
2651 1533 2870 1586 cloacas
2910 1527 3093 1583 eilicit.
3133 1524 3190 1582 Si
3221 1540 3350 1581 vero
3387 1525 3442 1580 in
3471 1522 3739 1577 interiora

2161 1626 2459 1696 respicias,
2500 1624 2709 1678 videbis
2753 1621 2994 1676 animam
3048 1633 3147 1674 ceu
3199 1611 3482 1672 hieme'et
3531 1613 3743 1683 frigore

2163 1717 2501 1789 congelatum
2544 1724 2599 1770 et
2637 1721 2939 1784 torpentem
2966 1750 2981 1775 ,
3027 1726 3149 1780 quae
3183 1709 3254 1763 ob
3288 1707 3556 1762 furentem
3591 1713 3741 1759 tem-

2151 1820 2435 1882 pestatem,
2473 1809 2671 1864 nullam
2716 1809 2834 1862 navi
2886 1806 3056 1877 possit
3095 1819 3251 1874 opem
3311 1801 3521 1859 afferre.
3567 1800 3748 1856 Pudet

2150 1909 2296 1958 certe
2316 1917 2404 1958 me
2417 1901 2595 1957 dicere
2625 1914 2744 1968 qum
2768 1898 2903 1953 mala
2935 1907 3045 1951 tum
3071 1895 3199 1950 viris
3227 1900 3336 1949 tum
3368 1893 3684 1948 mulieribus
3711 1907 3744 1947 a

2150 1992 2366 2062 crapula
2395 1991 2666 2062 pariantur
2692 2006 2705 2042 :
2738 1987 2868 2043 illud
2888 1994 3071 2042 eorum
3112 1984 3452 2040 conscientia:
3470 1983 3744 2054 relinquo.

2148 2101 2268 2157 quzc
2314 2085 2494 2141 omnia
2537 2066 2936 2138 accuratissime
2974 2080 3142 2134 norit.
3175 2077 3314 2144 Quid
3359 2091 3487 2131 vero
3527 2074 3748 2146 turpius

2150 2175 2294 2231 ebria
2319 2174 2563 2236 muliere,
2592 2172 2673 2228 vel
2710 2187 2829 2243 qua:
2853 2171 3265 2239 circumquaque
3290 2165 3455 2222 fertur
3473 2166 3499 2220 ἳ
3525 2164 3746 2232 Quanto

2149 2267 2291 2321 enim
2315 2265 2572 2320 infirmius
2601 2275 2694 2317 Vas
2719 2269 2820 2328 eist,
2851 2259 3191 2328 tanto-majus
3221 2254 3587 2325 naufragium;
3617 2256 3742 2312 sive

2150 2357 2318 2414 libera
2341 2358 2451 2420 illa,
2474 2355 2588 2411 sire
2610 2353 2800 2409 ancilla
2827 2353 2916 2408 sit.
2959 2350 3090 2430 liam
3123 2351 3287 2406 libera
3319 2349 3370 2404 in
3402 2346 3581 2402 medio
3624 2359 3748 2401 ser.

2150 2465 2336 2504 varum
2365 2446 2573 2501 theatro
2603 2444 2828 2514 turpiter
2854 2458 2914 2497 se
2938 2430 3115 2512 gerit:
3147 2439 3448 2510 ancillaque
3489 2437 3747 2493 similiter

2150 2543 2291 2598 int‘er
2339 2555 2556 2597 servos:
2582 2551 2740 2608 atque
2772 2536 2843 2611 ita
2868 2534 3084 2595 iaciunt.
3115 2540 3173 2587 ut
3199 2532 3337 2589 dona
3369 2531 3462 2586 Dei
3488 2515 3750 2600 blasphew

2151 2645 2362 2692 utentur
2389 2632 2456 2687 ab
2476 2617 2868 2700 insipientibiis.
2889 2627 3080 2682 Multos
3107 2626 3248 2681 enim
3266 2622 3444 2689 audio,
3465 2638 3586 2678 cum
3615 2622 3740 2678 htec

2149 2725 2282 2779 mala
2308 2720 2663 2792 conspiciunt,
2692 2719 2951 2782 dicentes,
2982 2717 3195 2773 Utinam
3221 2730 3328 2770 non
3354 2726 3499 2771 esset
3523 2715 3735 2774 vinum.

2145 2812 2191 2870 0
2218 2813 2504 2868 amentiam
2530 2812 2544 2865 l
2574 2828 2606 2864 ο
2635 2809 2980 2866 stoliditatem
3014 2807 3029 2862 l
3056 2805 3189 2862 Aliis
3222 2805 3569 2876 peccantibus
3589 2845 3606 2870 ,
3644 2803 3742 2860 Dei

2147 2905 2285 2960 dona
2315 2903 2651 2960 criminaris?
2677 2913 2729 2956 et
2753 2909 2948 2973 quanta
2977 2901 3092 2954 hinc
3121 2899 3324 2954 insania
3351 2899 3365 2952 ι
3398 2901 3478 2953 An
3523 2899 3735 2961 vinum,

2148 2998 2218 3052 mi
2242 2996 2426 3061 humo,
2456 2993 2558 3050 hoc
2579 2994 2774 3048 malum
2798 2989 2998 3050 efﬁcit?
3027 2991 3141 3047 Non
3169 2990 3350 3045 vinum
3369 3031 3384 3055 ,
3408 2989 3501 3046 sed
3533 2991 3740 3046 intem-

2147 3087 2388 3157 perantia
2409 3100 2594 3142 eoruui
2617 3085 2705 3156 qui
2734 3084 2863 3140 vino
2889 3084 3198 3141 abutuntur.
3227 3082 3320 3137 Dic
3341 3098 3487 3154 ergo.
3515 3081 3739 3140 Utinam

2148 3195 2252 3235 non
2298 3187 2441 3235 esset
2468 3178 2701 3234 ebrietas
2720 3220 2736 3244 ,
2763 3192 2862 3233 nec
2890 3184 3071 3233 essent
3100 3173 3206 3231 illa!
3231 3175 3472 3232 ciborum
3500 3175 3733 3231 deliciae.

2146 3273 2204 3328 Si
2246 3287 2374 3329 vero
2396 3272 2542 3328 dicas
2562 3314 2578 3338 ,
2611 3271 2820 3327 Utinam
2853 3285 2957 3325 non
2982 3279 3128 3328 esset
3165 3269 3383 3332 vinum,
3430 3267 3568 3322 ultra
3599 3283 3728 3336 prn-

2146 3381 2361 3438 gressus
2386 3366 2552 3429 dices.
2583 3365 2794 3422 Utinam
2825 3380 2930 3419 non
2961 3370 3105 3420 esset
3132 3363 3326 3418 ferrum
3347 3367 3612 3432 .prOpter
3635 3361 3738 3415 ho»

2149 3459 2401 3521 micidas;
2431 3473 2526 3514 nec
2553 3466 2693 3513 esset
2719 3466 2845 3524 nox,
2868 3457 2938 3512 ob
2958 3455 3100 3513 funes
3124 3472 3139 3519 ς
3165 3470 3337 3523 neque
3357 3456 3446 3510 lux
3465 3463 3629 3520 esset,
3662 3454 3738 3510 ob

2149 3551 2539 3630 sycophantas;
2573 3563 2744 3618 neque
2773 3545 2983 3614 mulier,
3008 3545 3077 3600 ob
3108 3544 3511 3600 fornicationes.
3538 3543 3736 3600 Omnia

2147 3641 2360 3699 demum
2391 3642 2687 3697 sustuleris.

2217 3729 2269 3791 5.
2314 3733 2436 3789 Non
2477 3735 2646 3788 vinum
2676 3729 3047 3785 criminandum
3067 3738 3161 3796 est,
3191 3728 3282 3784 sed
3322 3727 3553 3782 ebrietas.
3578 3756 3652 3768 —
3677 3724 3735 3783 Id

2147 3846 2214 3885 nc
2239 3826 2403 3884 facias
2443 3843 2457 3880 :
2490 3825 2617 3880 illud
2641 3822 2783 3878 enim
2809 3823 3030 3877 satanici
3063 3831 3142 3876 est
3174 3820 3335 3876 animi
3374 3839 3387 3875 :
3419 3833 3518 3875 nec
3540 3820 3732 3875 vinum

2146 3918 2481 3980 crimineris,
2513 3915 2605 3971 sed
2635 3916 2945 3971 ebrietatem
2982 3932 2995 3969 :
3044 3914 3185 3968 hui-c
3227 3912 3498 3968 ebriosum
3535 3911 3603 3964 ad
3646 3924 3738 3966 sa.

2147 4024 2267 4065 nam
2290 4017 2520 4063 mentem
2547 4020 2818 4061 reversum
2848 4003 2954 4066 adi,
2986 4003 3229 4058 deserihe
3255 4003 3330 4057 illi
3357 4010 3521 4056 totam
3562 3997 3737 4070 turpi-

2146 4100 2384 4156 tudinem
2419 4097 2540 4165 :dic
2567 4097 2662 4159 illi,
2690 4091 2879 4150 Vinum
2906 4093 3088 4151 datum
3116 4104 3200 4149 est
3229 4093 3295 4147 ad
3320 4093 3556 4148 ltetitiam
3579 4133 3594 4155 ,
3620 4105 3732 4150 non

2146 4192 2210 4247 ad
2245 4190 2623 4259 turpitudinem
2648 4207 2662 4244 :
2690 4189 2870 4243 datum
2897 4199 2981 4244 est
3009 4195 3064 4240 ut
3092 4186 3382 4250 ridemtns,
3414 4200 3518 4240 non
3547 4194 3607 4239 ut
3635 4184 3740 4240 de-

2147 4286 2416 4339 rideantur
2442 4300 2455 4346 ;
2498 4294 2556 4339 ut
2584 4291 2729 4339 recte
2758 4281 3061 4344 valeamus,
3085 4294 3188 4334 non
3219 4289 3270 4333 ut
3290 4289 3647 4350 :rgtotemus;
3677 4289 3740 4334 ut

2148 4377 2568 4436 imbecillitatem
2608 4369 2848 4443 carperis
2893 4375 3270 4436 inStaurcmus,
3311 4387 3415 4445 non
3461 4378 3518 4424 ut
3568 4369 3740 4426 robur

2144 4475 2306 4528 animi
2333 4469 2662 4542 dejiciamus.
2700 4470 2836 4520 licus
2857 4474 2908 4521 te
2935 4463 3037 4520 hoc
3063 4477 3284 4518 munere
3315 4459 3742 4524 honorarit..cur

2146 4581 2208 4621 ex
2260 4563 2611 4620 immoderato
2641 4576 2739 4615 usu
2779 4558 3002 4627 teipsum
3033 4555 3399 4611 dehonestas?
3436 4552 3574 4609 Audi
3606 4553 3738 4625 quid

2149 4657 2340 4712 Paulus
2384 4654 2560 4710 dicat:
2599 4651 2727 4706 Vino
2773 4652 2968 4704 modico
3007 4657 3143 4704 utere
3180 4656 3385 4718 propter
3418 4646 3742 4700 stomachum

2147 4760 2288 4802 tuum
2313 4791 2327 4812 ,
2359 4757 2406 4802 et
2436 4755 2642 4817 propter
2666 4744 2948 4814 frequentes
2977 4751 3091 4796 tuas
3123 4740 3454 4809 inﬁrmitates
3484 4737 3564 4806 (i.
3596 4739 3735 4792 Tim.

2148 4843 2202 4900 5.
2228 4841 2346 4913 23).
2394 4838 2546 4908 Quod
2577 4839 2619 4893 si
2647 4845 2860 4892 sanctus
2887 4834 2995 4900 ille,
3025 4835 3215 4895 morbo
3233 4833 3501 4897 detentus,
3533 4840 3588 4888 et
3615 4831 3726 4888 fre.

2146 4933 2431 5005 quentibus
2458 4930 2706 4995 laborans
2728 4925 3146 5005 inﬁrmitatibus,
3163 4924 3302 4988 ,vino
3320 4939 3426 4979 non
3460 4924 3715 4979 utebatur
3730 4961 3749 4989 ,

2147 5025 2317 5081 donec
2340 5023 2390 5077 id
2413 5022 2666 5091 magister
2693 5019 2870 5091 jussit,
2893 5033 2995 5088 qua
3016 5018 3172 5072 venia
3202 5017 3350 5087 digni
3382 5030 3483 5070 nos
3505 5015 3742 5082 erimus,

2147 5119 2235 5188 qui
2257 5130 2391 5170 sano
2416 5129 2643 5184 corpore
2661 5113 2793 5168 ehrii
2816 5110 3037 5167 sumus?
3065 5109 3140 5165 Illi
3170 5108 3402 5173 dicebat,
3433 5107 3642 5163 Modico
3665 5111 3742 5162 ri-

2148 5227 2213 5265 uo
2237 5220 2377 5264 utere
2402 5215 2605 5278 prapter
2628 5204 2943 5260 stomachum
2985 5212 3124 5255 tuum
3153 5209 3201 5256 et
3232 5199 3555 5268 inﬁrmitates
3586 5208 3735 5260 tuas:

2148 5314 2386 5360 nostrum
2417 5317 2546 5357 vero
2569 5300 2788 5371 singulis
2813 5299 2991 5354 dicet:
3023 5295 3158 5352 Vino
3188 5293 3401 5349 modico
3429 5301 3580 5348 utere
3607 5307 3741 5361 pru-

2150 5409 2265 5470 ptcr
2289 5399 2681 5460 fornicationes,
2702 5393 2776 5464 (a)
2801 5391 3040 5466 [propter
3068 5389 3360 5461 frequentia
3387 5386 3741 5456 turpiloquia,

2149 5498 2367 5563 propter
2386 5501 2609 5545 caeteras
2633 5487 2948 5558 cupiditates
2975 5481 3188 5556 malas.)
3217 5496 3350 5553 quas
3373 5493 3565 5549 parere
3595 5478 3742 5534 solet

2149 5584 2397 5641 ebrietas.
2425 5580 2482 5638 Si
2511 5596 2616 5637 non
2641 5578 2760 5636 ideo
2790 5577 3061 5657 abstinere
3086 5575 3264 5640 vultis,
3286 5572 3475 5629 saltem
3502 5571 3574 5627 ob
3601 5585 3740 5626 con-

2452 5675 2642 5746 uncinis
2657 5691 2963 5754 clauduntur,
2987 5689 3177 5754 adjecta
3198 5695 3312 5754 sunt
3329 5700 3359 5737 e
3384 5685 3560 5754 Codice
3573 5683 3672 5736 θοι
3692 5686 3752 5736 et

2209 5697 2285 5806 (ιι.)
2313 5697 2430 5770 Quae
2452 5697 2642 5746 uncinis
2657 5697 2963 5762 clauduntur,
2987 5697 3177 5754 adjecta
3198 5697 3312 5738 sunt
3329 5700 3359 5737 e
3384 5697 3672 5738 moneam
3692 5697 3750 5736 et

2148 5757 2614 5872 mﬂbxclderaut
2637 5759 2687 5807 in
2725 5753 3010 5805 Commeitn.
3049 5762 3104 5802 et
3134 5748 3315 5810 Montf.,
3352 5761 3442 5812 per
3466 5747 3750 5802 immta-
