4040 6430
234 425 344 482 £65
1206 420 1269 479 ΙΝ
1308 415 1712 476 MAT’I‘IIIEUM
1754 415 1817 473 Ill

1925 415 1983 473 L.
2026 414 2205 474 ωηι.
2246 420 2317 477 al.
2360 419 2492 479 LIX.
3446 419 3548 476 566

231 541 597 612 cupisrentias
622 548 679 595 et
722 550 948 592 nauseae
988 533 1273 590 abstinete.
1333 532 1525 587 Vinum
1568 531 1713 586 enim
1761 530 1830 585 ι]
1939 544 2135 600 corpus
2161 529 2303 601 jacet
2340 532 2666 600 resolutum,
2697 540 2755 587 ut
2800 540 2920 602 post
2967 529 3312 601 naufragium
3342 534 3494 586 navis
3530 550 3545 586 :

232 633 478 687 laetitiam
508 631 690 685 datum
721 638 834 693 est;
878 626 1057 681 l’ittttnt
1077 627 1221 679 enim
1252 624 1477 692 limi/ient
1498 638 1587 676 tor
1614 621 1832 675 hominis
1940 635 2170 686 corpore
2196 622 2445 678 miserior
2462 624 2663 687 anima,
2689 624 2876 687 etiam,
2904 622 3144 677 "soluto
3186 622 3300 690 illo,
3333 630 3543 694 tempu-

227 728 248 793 (
263 726 410 780 Paul.
436 723 559 779 105.
595 723 709 791 l5),
736 735 899 791 quam
923 719 1040 789 ejus
1080 718 1328 772 virtutem
1356 729 1452 769 vos
1478 712 1829 768 labefactans.
1939 724 2135 771 atatem
2164 716 2385 782 excitat,
2413 724 2472 772 et
2492 716 2842 787 cupiditatem
2866 715 3134 781 incendit;
3162 729 3227 771 ac
3245 728 3369 771 cum
3392 717 3542 771 vitle-

225 820 363 883 Quae
391 814 532 869 enim
577 812 760 867 laetitia
784 810 921 881 ejus,
946 809 1037 880 qui
1071 824 1178 862 non
1206 816 1288 862 est
1314 806 1366 860 in
1402 809 1602 875 seipso,
1631 815 1680 858 et
1705 817 1831 857 sex-
1941 816 2030 861 tur
2054 819 2268 874 sapere,
2294 815 2421 861 tunc
2447 808 2681 867 maxime
2702 807 2922 873 insanit,
2956 807 3163 875 vinum,
3192 808 3360 874 dolia,
3391 807 3544 878 pbia-

223 907 405 961 centis
443 904 711 959 cruciatur
730 901 1036 966 doloribus,
1061 899 1243 956 omnia
1268 896 1470 953 circum
1500 895 1630 951 ferri
1657 895 1827 959 videt,
1933 894 2036 962 las,
2061 896 2382 955 craterasjn
2408 897 2789 967 imaginatione
2833 912 3057 953 versans
3100 916 3115 954 :
3146 908 3202 954 et
3234 901 3376 956 sicut
3427 911 3546 968 post

222 996 567 1065 caligineque
605 999 920 1062 occupatur,
950 990 1041 1061 qui
1072 998 1246 1059 egeat,
1278 985 1503 1057 perinde
1540 994 1704 1056 atque
1745 982 1829 1039 fe-
1933 995 2307 1058 tempestatem
2352 999 2534 1044 manet
2563 988 2740 1059 ipsum
2772 989 3112 1059 tempestatis
3134 988 3393 1045 damnum
3426 1008 3440 1044 :
3473 994 3546 1046 ita

223 1087 563 1152 brieitautes,
604 1093 662 1139 ut
707 1091 868 1155 caput
895 1082 1065 1151 ipsius
1106 1079 1230 1135 oleo
1267 1076 1654 1149 perfundatur?
1702 1073 1832 1129 Haec
1932 1088 1988 1134 et
2032 1088 2156 1150 post
2204 1079 2523 1136 ebrietatem
2554 1096 2570 1134 :
2598 1094 2664 1136 ac
2702 1079 3162 1151 quemadmodum
3196 1081 3307 1137 illic
3334 1097 3547 1139 merces

222 1192 337 1231 non
380 1166 633 1231 omnibus
674 1174 817 1230 dicta
856 1187 979 1229 esse
1024 1170 1219 1237 velim,
1243 1171 1352 1225 imo
1395 1167 1691 1223 omnibus:
1721 1181 1829 1221 non

220 1267 371 1336 quod
416 1281 607 1322 omnes
657 1266 994 1322 inebrientur
1019 1281 1036 1319 :
1064 1264 1240 1328 absit;
1270 1262 1366 1318 sed
1399 1261 1521 1332 quia
1550 1259 1826 1314 ebriormn

222 1359 284 1420 ii.
311 1358 405 1433 qui
432 1357 567 1413 ebrii
594 1372 702 1413 non
722 1364 873 1418 sunt,
893 1370 1079 1410 curam
1109 1370 1216 1409 non
1242 1352 1465 1407 habent.
1494 1349 1701 1406 Idcirco
1725 1362 1825 1403 vos

222 1451 407 1518 potius
451 1448 716 1520 alloquor,
764 1448 857 1519 qui
885 1446 1052 1503 sobrii
1078 1446 1253 1501 estis:
1288 1458 1411 1498 nam
1454 1452 1511 1499 et
1555 1441 1822 1507 medicus,

221 1541 445 1612 aegrotis
470 1520 711 1605 omissis,
738 1539 859 1597 illos
884 1539 978 1611 qui
1004 1539 1222 1608 tegrotis
1243 1536 1484 1594 assident
1511 1534 1823 1604 alloquitur.

224 1632 339 1688 Vos
382 1633 559 1704 itaque
581 1646 772 1703 precor
793 1642 851 1688 et
872 1646 992 1696 oro,
1019 1646 1087 1686 ne
1107 1644 1360 1700 umquam
1391 1626 1495 1682 hoc
1515 1625 1706 1681 morbo
1728 1638 1824 1680 ea-

220 1727 473 1797 piamini,
497 1740 700 1796 eosque
720 1726 813 1796 qui
843 1723 936 1779 illo
950 1721 1183 1793 correpti
1209 1728 1356 1785 sunt,
1383 1718 1613 1773 sollicite
1631 1730 1826 1772 eruere

216 1818 447 1886 curetis,
460 1831 530 1873 ne
540 1817 710 1872 brutis
720 1814 937 1888 pejores
949 1813 1253 1869 videantur.
1277 1810 1365 1866 Illa
1381 1808 1527 1865 enim
1551 1807 1681 1862 nihil
1706 1807 1825 1876 plus

212 1924 386 1979 quam
408 1890 551 1980 opus
575 1917 660 1965 est
675 1914 962 1979 quarunt;
990 1906 1045 1961 ιιι
1071 1920 1202 1960 vero
1217 1904 1322 1959 illis
1343 1898 1824 1957 imttiouab'iliores

215 2010 370 2067 sunt,
401 2001 491 2072 qui
532 2000 916 2074 moderationis
966 1997 1227 2054 terminos
1278 1993 1565 2051 excedunt.
1610 1990 1824 2061 Quanto

213 2092 365 2147 ettim
393 2092 584 2149 melior
607 2093 792 2149 asinus
816 2091 1033 2148 ebrioso
1079 2088 1205 2144 est?
1245 2096 1448 2160 quanto
1475 2086 1683 2140 ~tnelior
1722 2097 1819 2139 ca-

214 2184 340 2239 nis?
368 2182 498 2239 Nam
527 2183 641 2238 ba‘c
662 2182 935 2245 animalia.
960 2191 1263 2251 ceteraque
1287 2176 1466 2233 omnia
1488 2217 1503 2243 ,
1531 2182 1625 2232 Seu
1672 2190 1822 2229 cum-

211 2275 405 2339 edant,
429 2290 524 2331 seu
549 2274 752 2341 bibant,
776 2273 1062 2329 terminum
1080 2281 1298 2337 norunt,
1315 2284 1489 2339 neque
1506 2267 1643 2323 ultra
1658 2276 1821 2337 quam

212 2367 351 2420 satis
377 2376 461 2422 est
504 2365 798 2436 procedunt
833 2382 847 2419 :
874 2362 1083 2421 etiamsi
1113 2363 1258 2416 enim
1303 2359 1545 2415 sescenti
1577 2357 1823 2414 homines

207 2466 497 2527 cogerent,
539 2471 646 2511 non
674 2455 945 2511 excedent
990 2468 1265 2525 umquam.
1321 2450 1432 2507 Ilac
1474 2465 1605 2518 ergo
1659 2449 1712 2504 itt
1761 2464 1822 2504 re

215 2548 396 2605 brutis
446 2548 747 2605 deteriores
800 2548 966 2613 estis;
992 2563 1099 2603 nou
1148 2545 1289 2617 apud
1314 2544 1514 2599 mentis
1541 2551 1822 2614 compotes

207 2638 427 2705 solum;
456 2638 552 2697 sed
603 2639 765 2695 etiam
810 2637 953 2709 apud
1008 2652 1107 2692 vos
1155 2636 1322 2707 ipsos.
1367 2633 1521 2703 Quod
1551 2633 1697 2688 enim
1726 2646 1822 2688 vos

209 2730 441 2786 canibus
465 2739 519 2787 et
544 2730 712 2787 asinis
737 2729 1039 2787 deteriores
1063 2728 1319 2800 iudicetis
1344 2726 1471 2782 bine
1499 2724 1677 2797 palam
1708 2735 1814 2792 est,

205 2821 361 2893 quod
406 2822 657 2878 animalia
695 2821 844 2879 istaec
887 2835 1177 2890 numquam
1215 2832 1381 2890 cogas
1415 2817 1551 2875 ultra
1600 2814 1817 2870 modum

205 2915 396 2969 cibum
426 2927 639 2970 sumere
664 2929 680 2979 ;
702 2920 758 2969 et
786 2911 833 2968 si
855 2911 977 2984 quis
1012 2910 1107 2966 tibi
1145 2909 1369 2978 dixerit,
1390 2908 1504 2964 Cur
1542 2907 1693 2964 hoc?
1739 2905 1819 2963 Ne

205 3002 406 3059 laedam
437 3002 525 3059 illa
550 3042 568 3068 ,
598 3002 809 3074 inquies
840 3019 856 3058 :
886 3001 981 3057 tibi
1006 3014 1137 3057 vero
1165 3013 1274 3056 non
1304 2997 1418 3070 pari
1448 2996 1659 3053 ratione
1694 3010 1820 3067 pro-

208 3093 391 3151 vides.
438 3093 531 3151 Sic
580 3102 635 3150 te
681 3093 789 3150 illis
833 3093 1077 3149 viliorem
1103 3105 1227 3147 esse
1269 3098 1446 3161 putas.
1480 3098 1638 3159 teque
1665 3087 1817 3143 hisee

206 3185 468 3242 fluctibus
492 3186 749 3258 agitatum
778 3184 1022 3256 negligis.
1074 3182 1209 3239 Nam
1253 3196 1379 3239 non,
1403 3180 1565 3235 modo
1593 3194 1695 3251 qua
1726 3179 1816 3235 die

205 3278 396 3333 ebrius
422 3291 503 3343 es,
533 3276 733 3333 damno
781 3276 1033 3341 afﬁceris,
1062 3274 1157 3330 sed
1209 3272 1513 3344 insequenti
1562 3286 1812 3344 quoque;

204 3381 273 3421 ac
293 3367 430 3421 sicut
451 3375 695 3423 cessante
720 3365 889 3433 febre,
918 3360 1099 3422 manet
1122 3374 1300 3421 tamen
1331 3363 1577 3434 quaedam
1593 3378 1657 3418 ex
1679 3362 1814 3418 febri

206 3456 477 3528 :t-gritndo
519 3475 533 3512 :
581 3458 662 3514 sic
698 3472 925 3516 excussa
969 3456 1253 3521 ebrietate,
1299 3454 1575 3512 ﬂuctuatio
1632 3463 1812 3508 tamen

208 3547 460 3619 qtuedatn
502 3557 668 3606 restat
696 3558 753 3605 et
777 3552 832 3605 in
860 3549 1044 3606 animo
1080 3548 1220 3605 etin
1271 3545 1813 3617 eorpore;miserum

1925 1169 2219 1240 jactantur,
2241 1171 2320 1227 sic
2370 1170 2424 1227 in
2480 1171 2747 1229 ebrietate
2774 1171 2989 1243 jactura
3033 1173 3095 1229 fit
3117 1174 3361 1232 omnium
3408 1190 3548 1247 penu

1930 1261 2215 1318 bonorum.
2245 1262 2303 1319 Si
2324 1263 2709 1320 continentiam
2734 1265 3022 1332 invenerit,
3038 1266 3085 1320 si
3105 1266 3391 1337 pudorem,
3413 1282 3543 1337 pru-

1928 1352 2190 1420 dentiam,
2216 1355 2552 1425 zequitatem,
2577 1353 2933 1411 humilitatem
2955 1395 2973 1422 ,
2996 1353 3180 1411 omnia
3212 1356 3268 1413 in
3321 1356 3545 1430 pelagus

1930 1450 2226 1521 iniquitatis
2243 1452 2453 1523 projicit
2468 1453 2726 1509 ebrietas.
2752 1453 2953 1510 Verum
2974 1470 3063 1520 ea,
3081 1472 3204 1525 qua:
3219 1468 3543 1528 sequuntur,

1912 1536 2035 1596 non
2064 1550 2190 1597 sunt
2218 1542 2436 1598 similia.
2472 1541 2545 1598 lbi
2573 1544 2719 1599 enim
2748 1553 2872 1614 post
2885 1544 3060 1614 ejecta
3080 1560 3249 1603 onera
3277 1546 3431 1604 navis
3461 1549 3542 1604 le-

1925 1633 2045 1685 vior
2064 1640 2121 1688 et
2144 1633 2391 1702 expedita
2412 1632 2690 1700 redditur;
2725 1632 2815 1691 hic
2837 1649 2969 1691 vero
3001 1637 3174 1708 magis
3196 1647 3539 1711 aggravatur.

1927 1720 2060 1779 Nam
2091 1724 2210 1780 loco
2237 1724 2544 1780 divitiarum
2571 1740 2793 1782 arenam
2810 1726 3073 1797 recipitet
3099 1742 3295 1799 aquam
3316 1728 3541 1794 salsam,

1926 1823 2203 1887 totamque
2222 1816 2503 1873 ebrietatis
2524 1816 2840 1887 eolluviem,
2867 1833 2989 1889 qua:
3010 1819 3193 1876 navim
3211 1834 3337 1877 cum
3352 1830 3541 1880 vecto-

1926 1910 2078 1977 ribus
2104 1918 2160 1966 et
2183 1910 2547 1982 gubernatore
2574 1912 2686 1968 cito
2712 1911 3055 1984 demergunt.
3114 1912 3195 1970 Ne
3241 1914 3406 1987 igitur
3457 1916 3543 1971 bis

1926 2001 2080 2057 malis
2125 2000 2484 2069 invehamur,
2533 2003 2634 2059 bac
2684 2012 2786 2060 nos
2841 2011 3162 2076 tempestate
3209 2005 3528 2063 liberemur.

1926 2091 2187 2150 Ebriosus
2222 2109 2513 2166 numquam
2547 2104 2725 2166 potest
2757 2111 2985 2168 regnum
3030 2098 3293 2154 caelorum
3322 2099 3533 2173 videre.

1927 2182 2106 2239 Nolite
2132 2202 2323 2250 emus,
2348 2176 2521 2256 inquit
2537 2185 2824 2257 Apostolus
2848 2204 2865 2254 ;
2894 2203 2987 2242 nec
3013 2188 3219 2254 ebriosi,
3238 2204 3331 2245 nec
3358 2191 3530 2245 conri-

1923 2278 2139 2333 ciatores
2176 2294 2389 2350 regnum
2434 2277 2678 2333 mulorum
2725 2278 3107 2335 hereditatis:
3130 2282 3212 2353 (Ι.
3243 2282 3364 2339 Cor.
3396 2283 3451 2338 ϐ.
3480 2284 3536 2337 il.

1928 2368 2040 2440 10).
2066 2367 2136 2423 Et
2160 2369 2288 2439 quid
2313 2369 2458 2436 dico,
2497 2384 2723 2440 regnum
2741 2372 3001 2426 culorum
3017 2372 3043 2426 τ
3062 2372 3191 2451 Ppst
3213 2373 3535 2429 ebrietatem

1924 2462 2069 2516 enim
2102 2475 2170 2515 ne
2192 2461 2481 2531 praesentia
2503 2461 2725 2533 quidem
2747 2461 2937 2519 videre
2964 2478 3284 2535 possumus:
3302 2464 3542 2522 ebrietas

1923 2554 2123 2623 quippe
2149 2551 2307 2607 nobis
2333 2551 2453 2607 dies
2497 2554 2550 2608 itt
2599 2562 2787 2610 noctes
2812 2555 2994 2619 vertit.
3018 2564 3075 2613 et
3102 2557 3277 2615 lucem
3308 2556 3362 2613 in
3381 2565 3508 2613 tene

1924 2642 2092 2710 bras;
2118 2644 2320 2715 apertis
2364 2643 2541 2699 oculis
2569 2643 2707 2700 ebrii
2756 2661 2825 2701 ne
2850 2646 2938 2702 illa
2960 2662 3083 2719 qua:
3117 2646 3186 2703 ad
3215 2646 3385 2719 pedes
3412 2660 3541 2705 sunt

1923 2749 2148 2799 eernere
2172 2745 2421 2807 possunt.
2451 2736 2641 2809 Neque
2662 2737 2715 2794 id
2742 2738 2917 2795 solum
2946 2740 3073 2796 mali
3092 2740 3237 2812 parit
3260 2740 3533 2806 ebrietas;

1924 2827 2021 2885 sed
2052 2837 2237 2899 postea
2285 2827 2363 2883 illi
2403 2829 2681 2899 graviores
2711 2828 2865 2886 luunt
2893 2844 3106 2899 ptenas,
3135 2847 3404 2890 maerores
3447 2848 3538 2889 ra—

1924 2921 2071 2977 tione
2091 2933 2312 2984 vacuos,
2344 2918 2609 2987 furorem,
2636 2923 3035 2994 :egritudinem,
3065 2922 3389 2998 ridiculique
3412 2940 3541 2980 era-

1922 3010 2060 3068 dunt
2085 3012 2394 3084 opprobriis
2430 3027 2653 3084 semper
2700 3015 2958 3086 expositi.
3015 3014 3149 3085 Qua:
3192 3016 3349 3073 venia
3376 3017 3539 3089 igitur

1923 3104 2014 3170 iis.
2042 3105 2139 3177 qui
2164 3104 2325 3159 tantis
2340 3118 2466 3161 sese
2490 3106 2646 3162 malis
2668 3106 2950 3162 obruunt?
2979 3105 3136 3163 Nulla
3166 3107 3348 3179 plane.
3378 3108 3535 3165 llunc

1920 3212 2052 3269 ergo
2077 3196 2325 3252 morbum
2347 3197 2636 3268 fugiamus,
2656 3207 2790 3254 utet
2810 3188 3096 3270 prtesentia
3118 3208 3175 3257 et
3189 3198 3367 3257 futura
3396 3203 3537 3259 bona

1921 3304 2343 3362 consequamur,
2390 3291 2564 3362 gratia
2603 3300 2662 3347 et
2711 3291 3042 3363 benignitate
3098 3292 3313 3350 Domini
3362 3296 3537 3352 nostri

1919 3382 2048 3440 Jesu
2093 3382 2317 3446 Christi.
2342 3383 2432 3439 cui
2469 3383 2641 3454 gloria
2668 3392 2726 3441 et
2769 3385 3055 3456 imperium
3111 3392 3238 3443 cum
3283 3387 3442 3445 Patre
3482 3400 3539 3446 et

1919 3475 2123 3547 Spiritu
2147 3483 2338 3532 sancto
2367 3474 2421 3531 in
2448 3475 2659 3533 sarcula
2673 3477 3020 3533 surculorum.
3049 3476 3246 3534 Amen.

1032 3685 3518 3713 mw

1375 3753 1727 3819 HOMILIA
1769 3752 1981 3815 LVIII.
2014 3752 2102 3815 al.
2163 3752 2328 3815 LIX.

204 3905 342 3962 Car.
372 3906 460 3961 i7.
493 3919 548 3961 v.
582 3903 675 3960 Ἃ.
715 3902 1041 3959 Versantibus
1073 3902 1178 3957 illis
1203 3902 1257 3956 in
1290 3899 1531 3966 Galiltea,
1567 3898 1699 3953 dixit
1740 3898 1812 3952 eis

280 3997 432 4070 Iesus
463 4014 482 4053 :
517 3995 818 4053 Tradettdtts
858 4006 931 4050 est
976 3993 1144 4049 Filius
1172 3993 1392 4047 hominis
1428 3994 1482 4046 in
1510 4006 1694 4045 manus
1719 3990 1813 4045 Ito-

283 4091 502 4156 ntittum,
525 4088 617 4143 22.
644 4088 692 4142 'et
729 4087 958 4142 occident
996 4101 1134 4154 eum,
1165 4095 1214 4140 et
1245 4084 1393 4143 tertia
1437 4083 1520 4137 die
1562 4090 1808 4154 resurget.

283 4180 354 4236 Et
376 4181 660 4235 contristati
686 4190 805 4234 sunt
831 4178 1002 4233 ualde.

284 4275 339 4328 1.
380 4273 457 4329 Nc
480 4272 718 4328 dicerent
746 4313 762 4339 ,
789 4271 899 4326 Cur
924 4280 1075 4326 tanto
1105 4278 1351 4341 tempore
1381 4270 1468 4327 hic
1497 4269 1813 4326 versamur?

210 4379 402 4419 rursus
439 4364 506 4419 tle
533 4364 781 4435 passione
812 4364 942 4433 ipsis
988 4362 1222 4431 loquitur
1252 4377 1265 4413 :
1300 4361 1497 4432 quibus
1524 4361 1720 4416 auditis
1747 4375 1815 4415 ne

209 4456 393 4512 videre
417 4456 633 4526 quidem
659 4455 992 4527 Jerosolytna
1039 4454 1306 4511 volebant.
1341 4454 1475 4510 Vide
1521 4469 1652 4524 ergo
1675 4468 1812 4524 quo-

211 4551 395 4613 modo,
425 4558 707 4620 postquam
738 4549 927 4603 Petrus
956 4550 1264 4617 increpattts
1304 4548 1499 4611 fuerat,
1528 4558 1813 4617 poetquatn

212 4646 421 4717 Moyses
464 4654 518 4697 et
545 4643 722 4707 Elias,
766 4642 834 4697 de
856 4642 943 4697 illa
976 4658 1031 4697 re
1058 4643 1371 4711 eolloqtmti,
1400 4641 1626 4711 gloriam
1669 4640 1812 4693 illam

210 4736 631 4807 appellaverant,
654 4743 931 4804 pustquatu
966 4735 1120 4787 Pater
1147 4748 1377 4803 superne
1405 4747 1592 4787 vocem
1620 4731 1817 4785 emise-

212 4844 267 4882 η
300 4869 315 4893 ,
344 4834 532 4896 totque
555 4826 704 4897 signa
736 4825 873 4879 facta
915 4824 1146 4886 fuerant,
1178 4839 1299 4878 cum
1341 4822 1449 4891 jam
1488 4822 1815 4876 resurrectio

213 4935 242 4975 e
295 4919 472 4975 vicino
517 4925 665 4974 esset
707 4919 838 4987 (non
879 4919 1023 4974 enim
1077 4927 1319 4971 mortuus
1362 4918 1522 4986 longo
1573 4926 1814 4984 tempore

214 5024 521 5077 mansurus,
548 5010 641 5067 sed
674 5019 796 5080 post
823 5009 1056 5064 triduum
1084 5018 1489 5063 resurrecturus
1511 5007 1650 5074 erat)
1669 5046 1684 5069 ,
1716 5021 1813 5060 ne-

212 5119 315 5173 qoe
343 5104 422 5159 sic
463 5102 593 5158 illud
634 5102 774 5157 ferre
820 5111 1142 5171 potuerunt,
1173 5099 1268 5156 sed
1323 5099 1621 5155 Contristuti
1659 5108 1814 5162 sunt;

212 5214 321 5253 non
350 5198 567 5270 quidem
608 5198 974 5261 medtocriter,
1014 5197 1121 5251 into
1158 5195 1321 5250 Valde
1346 5194 1644 5251 contristati
1673 5211 1685 5247 :
1719 5194 1815 5247 id-

214 5305 315 5359 que
337 5292 459 5360 quia
491 5290 756 5344 dictorum
792 5288 899 5342 vim
929 5286 1266 5357 ignorabant.
1302 5286 1355 5340 Id
1378 5301 1504 5339 vero
1526 5284 1734 5338 Marcus
1760 5293 1815 5339 et

216 5381 386 5435 Lucas
442 5380 813 5444 subindicant;
858 5378 948 5432 ille
999 5392 1120 5432 cum
1162 5378 1257 5438 ait,
1288 5377 1433 5445 ipsos
1465 5376 1564 5429 ltoc
1593 5376 1811 5430 verbum

218 5472 508 5541 ignorasse,
534 5484 705 5537 neque
727 5483 887 5522 ausos
906 5467 1070 5522 fuisse
1089 5467 1236 5520 illum
1258 5466 1590 5533 interrogare
1621 5464 1811 5533 (Marc.

215 5570 269 5627 9.
300 5572 429 5643 Si);
459 5571 545 5625 ltic
570 5584 698 5624 vero
728 5567 934 5631 dicens,
968 5566 1018 5621 id
1046 5564 1416 5619 absconditum
1439 5564 1507 5616 ab
1530 5562 1609 5616 eis
1627 5559 1811 5626 fuisse,

216 5678 281 5719 ne
308 5664 569 5719 sentirent
592 5660 741 5725 (Luc.
766 5662 821 5716 ‘J.
850 5659 979 5729 55);
1016 5672 1115 5712 nec
1144 5671 1305 5711 ausos
1324 5670 1445 5711 esse
1468 5655 1617 5709 illum
1644 5654 1813 5708 inter-

216 5770 403 5825 rogare
449 5756 589 5809 circa
648 5754 747 5807 hoc
801 5752 1046 5806 verbum.
1096 5749 1254 5820 Atqui
1284 5750 1326 5804 si
1357 5747 1813 5819 iguomliant,cnr

217 5830 704 5903 contristabautnr?
732 5845 861 5912 Quia
882 5860 987 5899 non
1003 5843 1179 5897 omnia
1202 5842 1543 5910 ignorabant,
1567 5839 1807 5895 sciebant

422 5984 439 6004 κ
544 5956 822 6014 innixos.
882 5956 994 6015 Ss.
1052 5958 1267 6022 Li'lll.

1920 3898 2064 3954 enim
2096 3897 2273 3969 ipsum
2301 3899 2622 3955 moriturum
2645 3915 2787 3963 esse.
2820 3910 2876 3957 ut
2899 3914 3046 3973 stupe
3069 3901 3376 3959 audierant.
3400 3903 3535 3973 Quae

1921 4001 2102 4049 autem
2128 3990 2270 4048 foret
2295 4008 2442 4047 mors
2487 3992 2825 4060 huiusmodi;
2855 3994 2998 4066 quod
3026 3996 3136 4051 cito
3163 3996 3421 4053 solvenda
3448 4013 3538 4053 es-

1921 4093 2025 4149 set,
2048 4091 2104 4138 et
2136 4081 2279 4154 quod
2308 4081 2434 4137 hinc
2477 4083 2684 4139 inﬁnita
2729 4083 2868 4139 bona
2905 4088 3212 4154 orirentur;
3241 4086 3361 4144 ltzec
3391 4102 3534 4145 nou-

1922 4178 2050 4232 dum
2075 4176 2221 4231 clare
2250 4176 2493 4232 sciebant
2532 4194 2545 4231 :
2577 4192 2752 4248 neque
2782 4190 3044 4234 noverant
3084 4195 3209 4250 quae
3235 4180 3411 4236 futura
3443 4196 3531 4235 es.

1922 4279 2007 4324 set
2035 4268 2123 4323 illa
2152 4269 2503 4323 resurrectio.
2525 4268 2650 4325 Ideo
2674 4268 2969 4327 dolebant:
2991 4273 3196 4329 etenim
3219 4272 3532 4346 magistrum

1924 4360 2214 4415 admodum
2245 4359 2560 4430 diligebant.

2018 4450 2333 4505 Didracltnto
2350 4451 2475 4523 quid
2493 4461 2643 4506 esset.
2661 4481 2731 4493 —
2748 4452 2843 4508 ‘23.
2867 4454 2993 4508 Cum
3014 4465 3184 4510 autem
3208 4458 3455 4513 uenissent
3482 4458 3536 4512 in

1924 4544 2271 4614 Capernautn,
2298 4546 2621 4598 accesserunt
2651 4544 2720 4597 ad
2748 4543 2961 4600 Petrum
3004 4548 3093 4618 qui
3117 4548 3423 4603 didrucltma
3447 4566 3536 4603 ac-

1925 4635 2198 4704 cipiebant.
2229 4645 2275 4689 et
2305 4634 2543 4689 dixerunt
2585 4652 2605 4688 :
2662 4635 2913 4706 Magister
2937 4647 3098 4693 vester
3122 4655 3226 4693 non
3266 4640 3415 4694 solvit
3450 4641 3537 4694 tli-

1926 4726 2215 4780 drachma?
2237 4726 2368 4793 Quae
2404 4736 2531 4781 sunt
2552 4726 2671 4781 haec
2703 4725 3059 4782 Didraclmm?
3084 4728 3312 4799 Quando
3332 4731 3536 4801 primo-

1922 4819 2100 4888 genita
2129 4817 2509 4887 Egyptiorutu
2537 4816 2807 4873 interfecit
2826 4820 2990 4881 Deus,
3023 4829 3152 4877 tunc
3182 4823 3382 4879 tribum
3408 4822 3543 4880 Levi

1925 4925 2026 4979 pro
2058 4910 2187 4979 ipsis
2217 4908 2466 4979 θεοειδῆ(
2495 4908 2659 4962 Num.
2705 4910 2759 4964 '5.
2792 4910 2883 4966 39.
2917 4912 2985 4966 47
3023 4915 3060 4981 ).
3097 4913 3303 4969 Deinde
3334 4919 3454 4986 quia
3494 4919 3543 4971 in

1927 5006 2031 5058 bac
2059 5004 2201 5059 tribu
2228 5003 2405 5057 minor
2433 5002 2667 5068 capitum
2693 5018 2953 5059 numerus
2977 5016 3116 5072 erat,
3146 5022 3307 5076 quam
3340 5008 3535 5077 primo

1925 5097 2228 5168 genitorum
2260 5094 2399 5165 apud
2446 5093 2666 5150 Judmos
2711 5105 2857 5151 esset
2886 5138 2900 5162 ,
2928 5111 3026 5165 pro
3053 5097 3432 5155 deficientibus
3481 5108 3548 5155 ait

1929 5187 2285 5259 supplendum
2324 5202 2607 5242 numerum
2656 5188 2849 5243 siclum
2877 5188 3039 5258 jussit
3076 5190 3274 5245 deferri
3311 5208 3422 5248 :ex
3458 5194 3551 5249 illo

1927 5293 2106 5337 autem
2133 5292 2375 5351 tempore
2406 5296 2526 5336 mos
2567 5280 2813 5349 invaluit,
2835 5293 2893 5336 ut
2921 5283 3283 5358 primogenita
3317 5285 3420 5341 ltoc
3460 5302 3543 5337 vo-

1920 5373 2392 5445 ctigulsnlverent.
2444 5373 2578 5439 Quia
2630 5372 2794 5443 igitur
2850 5370 3099 5430 Christus
3146 5375 3549 5445 primogenittn

1920 5476 2118 5531 et-at,et
2140 5466 2278 5521 inter
2304 5463 2599 5534 discipulos
2616 5466 2822 5534 primus
2849 5465 3131 5521 videbatur
3154 5481 3282 5522 esse
3313 5467 3443 5523 Petr
3457 5484 3543 5529 us.

1921 5560 1986 5610 ad
2028 5559 2203 5625 ipsum
2232 5556 2516 5611 accedunt.
2556 5555 2693 5611 Puto
2710 5544 2900 5612 autem
2931 5598 2945 5619 ,
2989 5556 3042 5610 id
3072 5556 3198 5611 illos
3228 5558 3281 5612 in
3311 5560 3430 5629 sing
3444 5557 3541 5611 uli.c

1923 5652 2140 5705 urbibus
2162 5650 2406 5721 exegisse
2432 5668 2445 5704 :
2477 5657 2809 5721 quapropter
2834 5650 2885 5704 in
2911 5650 3083 5721 patria
3118 5650 3370 5706 adierunt
3388 5666 3541 5713 eum,

1920 5760 2039 5813 qua;
2082 5743 2254 5813 patria
2282 5741 2625 5812 Capcrnaum
2653 5742 2942 5813 putabatur
2970 5756 3113 5797 esse.
3158 5741 3338 5811 Ipsum
3372 5755 3544 5813 porro

1922 5838 2072 5890 :ttl'trc
2100 5852 2205 5892 non
2238 5835 2352 5891 ausi
2378 5878 2393 5901 ,
2434 5835 2651 5894 Petrum
2680 5839 3047 5897 conveniunt.
3082 5852 3183 5894 nec
3203 5852 3329 5893 cunt
3388 5842 3545 5895 velte-

3170 5942 3205 5998 7
