4040 6426
576 409 672 461 5'07
1251 399 1302 453 S.
1345 396 1618 452 JGANNIS
1657 396 2121 451 CllllYSOSTOMI
2163 395 2469 451 AllCﬂlEl’.
2514 399 3044 455 CONSTANTINOP.

577 523 790 583 utentia,
819 517 910 571 scd
935 515 1252 570 moderatius
1288 530 1298 563 :
1333 527 1503 581 neque
1527 511 1666 565 enim
1696 519 1751 563 ut
1778 511 2138 572 criminantis,

578 612 665 664 sed
715 620 772 662 ut
821 609 1208 673 interrogantes
1250 603 1498 656 dixerunt
1539 599 1826 670 :Magister
1860 609 2017 653 uester
2045 616 2142 650 non

576 701 725 756 soluit
753 695 1089 752 didrachma.’
1113 695 1226 749 Non
1252 696 1394 750 enim
1422 693 1593 746 adhuc
1619 693 1685 744 dc
1727 692 1815 744 illo
1845 709 1900 744 Ill
1920 707 2013 760 par
2031 701 2144 744 erat

577 791 914 851 sentiebant,
947 787 1040 840 sed
1073 785 1341 840 hominem
1368 800 1487 838 esse
1515 783 1809 852 putabant,
1840 783 1959 836 licet
1992 782 2141 836 illum

580 886 629 937 in
658 885 858 936 honore
879 879 1140 932 haberent
1166 878 1235 929 ob
1275 885 1476 946 patrata
1502 875 1674 942 signa.
1700 873 1835 938 Quid
1871 873 2025 941 igitur
2047 873 2144 926 Pe-

578 975 725 1028 trus?
753 972 843 1025 ει.
868 969 1070 1039 Utique,
1100 968 1174 1021 ait
1206 985 1218 1020 :
1253 968 1355 1020 illis
1379 965 1592 1035 quidem
1620 964 1771 1027 dixit,
1805 964 1973 1032 ipsum
1994 963 2140 1020 solu-

575 1073 748 1116 turum
772 1074 912 1125 esse,
925 1053 1030 1127 ipsi
1060 1071 1186 1112 vero
1216 1071 1318 1110 non
1346 1055 1496 1118 dixit,
1519 1053 1657 1121 quod
1685 1053 1921 1106 fortassis
1948 1056 2142 1107 erube-

575 1160 744 1204 sceret
774 1148 842 1202 de
868 1147 1061 1201 talibus
1095 1146 1263 1216 ipsum
1292 1144 1506 1211 alloqui.
1543 1142 1666 1195 Ideo
1695 1151 2002 1196 mansuetus
2031 1140 2139 1205 ille,

574 1242 659 1306 qui
685 1242 859 1294 omnia
885 1239 1028 1297 clare
1059 1245 1298 1299 noverat,
1323 1236 1654 1305 prxuvcnieus
1686 1236 1828 1286 illum
1860 1234 1970 1287 ait:
2007 1232 2144 1296 Quid

573 1330 662 1381 tibi
684 1331 884 1384 videtur
907 1369 924 1392 ,
971 1327 1146 1380 Simon
1174 1328 1198 1379 .9
1240 1326 1400 1397 Reges
1443 1337 1588 1380 terra:
1615 1343 1646 1378 α
1689 1325 1866 1394 quibus
1892 1325 2144 1392 accipiunt

578 1419 814 1471 tributum
854 1420 929 1472 uel
957 1434 1154 1470 censum
1178 1417 1203 1469 .9
1228 1433 1259 1468 a
1285 1417 1406 1483 ﬁliis
1446 1418 1549 1470 suis
1567 1457 1583 1481 ,
1606 1432 1671 1468 an
1705 1414 1765 1468 ab
1791 1415 1967 1467 alienis
1989 1414 2014 1468 1’
2037 1415 2129 1468 25.

577 1508 714 1560 θέλ-ει
744 1509 852 1572 ille,
881 1507 953 1559 Ab
984 1507 1178 1560 alienis.
1205 1505 1337 1558 Dicit
1370 1505 1445 1557 illi
1463 1504 1612 1558 Jesus
1635 1519 1654 1557 :
1679 1502 1819 1573 Ergo
1849 1503 1991 1556 liberi
2019 1513 2135 1558 sunt

573 1601 688 1666 ﬁlii.
716 1599 792 1652 Ne
820 1607 1027 1667 putaret
1050 1598 1190 1652 enim
1221 1597 1428 1659 Petrus,
1455 1595 1718 1654 Christum
1750 1595 1800 1648 id
1824 1595 1891 1648 ab
1916 1594 2016 1648 illis
2045 1608 2142 1648 an-

577 1689 772 1743 divisse
795 1730 809 1751 ,
843 1689 1094 1757 pnevenit
1118 1701 1238 1742 eum
1263 1727 1278 1752 ,
1311 1696 1366 1740 ut
1395 1687 1495 1740 hoc
1534 1673 1703 1754 ipsum
1730 1685 2073 1752 signiﬁcaret,
2091 1693 2145 1740 et

572 1794 670 1831 una
699 1779 939 1832 tidueiam
973 1778 1174 1832 inderet
1206 1792 1312 1831 non
1341 1774 1556 1828 audenti
1577 1784 1731 1832 antea
1751 1775 1817 1829 de
1848 1775 1950 1830 illis
1978 1774 2142 1843 loqui.

576 1870 683 1924 lloc
711 1878 884 1922 autem
933 1869 1044 1922 vult
1089 1867 1391 1937 signiﬁcare
1422 1884 1433 1919 :
1481 1865 1732 1922 Itnmunis
1756 1880 1784 1917 ιι
1814 1881 1974 1921 censu
2005 1880 2139 1918 sum.

573 1961 702 2016 Nam
733 1962 776 2016 si
799 1975 949 2029 reges
978 1970 1130 2014 teme
1168 1977 1195 2009 ει
1227 1959 1347 2011 filiis
1373 1957 1481 2011 suis
1503 1955 1630 2010 nihil
1656 1957 1938 2024 accipiunt,
1958 1955 2050 2009 sed
2075 1955 2144 2008 ab

571 2049 756 2102 alienis
787 2068 799 2102 :
830 2048 996 2106 inulto
1025 2045 1189 2115 magis
1217 2061 1302 2099 me
1332 2046 1615 2099 immunem
1641 2060 1758 2098 esse
1781 2043 2030 2111 uportuit,
2053 2046 2141 2112 qui

571 2153 676 2193 non
705 2138 897 2191 terreni
923 2177 939 2202 ,
967 2135 1060 2192 sed
1089 2137 1318 2192 caelestis
1351 2134 1514 2204 Regis
1559 2135 1721 2187 Filius
1746 2150 1883 2199 sum,
1924 2141 1977 2188 et
2006 2134 2135 2187 Rex.

576 2229 756 2283 Viden'
782 2228 1050 2299 quomodo
1066 2229 1201 2282 ﬁlios
1222 2226 1508 2295 distinguat
1532 2239 1562 2278 a
1595 2240 1698 2278 non
1730 2225 1850 2278 ﬁliis
1874 2225 1898 2276 ’ἒ
1936 2224 1992 2278 Si
2016 2238 2142 2278 vero

579 2321 742 2374 Filius
771 2335 876 2371 non
916 2327 1098 2382 esset,
1124 2315 1321 2371 frustra
1357 2317 1657 2383 exemplum
1686 2331 1867 2384 regum
1904 2315 2138 2369 aﬂ‘erret.

575 2411 769 2476 Etiam,
803 2409 1006 2478 inquies
1030 2449 1045 2473 ,
1084 2408 1220 2460 Iilius
1263 2415 1378 2470 est,
1409 2406 1502 2460 sed
1531 2420 1634 2460 non
1676 2407 1957 2474 genuinus.
2001 2404 2142 2473 Ergo

576 2519 678 2555 non
706 2502 873 2554 Illius:
895 2502 937 2554 si
959 2509 1132 2554 autem
1154 2513 1251 2552 nec
1273 2499 1409 2551 Illius
1430 2511 1526 2550 nec
1545 2498 1825 2566 genuinus,
1853 2511 1957 2548 non
1980 2495 2144 2564 ipsius

571 2607 696 2661 ergo
735 2601 851 2656 est,
879 2590 971 2644 sed
1015 2588 1240 2642 alienus.
1286 2586 1340 2641 Si
1390 2587 1627 2651 alienus,
1661 2585 1964 2654 exemplum
2015 2583 2142 2636 illud

574 2685 678 2736 vim
705 2697 854 2736 suam
886 2696 988 2734 non
1031 2678 1208 2734 habet.
1239 2677 1332 2732 Ille
1362 2691 1588 2744 namque
1624 2689 1726 2728 non
1773 2673 1838 2726 de
1872 2673 1994 2726 ﬁliis
2028 2683 2140 2726 tati-

573 2786 704 2842 tuut,
724 2777 816 2832 sed
840 2775 905 2831 de
925 2773 1168 2844 genuinis
1184 2771 1437 2840 loquitur,
1459 2767 1525 2827 de
1550 2767 1887 2838 propriis.qui
1905 2782 2023 2819 cum
2048 2781 2141 2835 pa-

576 2868 743 2922 tribus
771 2867 916 2935 regni
940 2874 1063 2920 sunt
1087 2871 1384 2916 consortes.
1411 2859 1640 2926 Ideoque
1666 2856 1730 2911 ad
1753 2856 2139 2910 distinctionem

571 2959 775 3012 alienos
799 2955 1078 3026 apposuit,
1118 2954 1198 3008 sic
1221 2966 1416 3005 Vocans
1458 2949 1577 3004 illos
1601 2949 1744 3018 quia
1787 2947 1995 3017 regibus
2035 2949 2138 3000 uati

573 3063 676 3101 non
703 3054 844 3108 sunt,
875 3045 1010 3099 ﬁlios
1039 3057 1166 3098 vero
1189 3041 1316 3096 dicit
1346 3055 1440 3095 eos
1460 3081 1474 3105 ,
1506 3053 1639 3109 quos
1662 3053 1728 3092 ex
1747 3053 1803 3090 se
1827 3047 2136 3108 genuerunt.

568 3137 648 3192 Tu
677 3147 851 3191 autem
879 3133 1012 3189 mihi
1058 3131 1326 3202 perpende
1355 3129 1620 3200 quomodo
1662 3127 1949 3182 revelatam
1987 3128 2140 3182 Petro

572 3228 925 3296 cognitionem
957 3225 1080 3278 hinc
1108 3222 1404 3279 conﬁrmet.
1439 3219 1616 3288 Neque
1639 3219 1725 3273 hic
1742 3219 1908 3280 stetit.
1929 3218 2021 3273 sed
2050 3234 2143 3288 per

573 3331 863 3373 consensus
893 3314 1107 3369 modum
1138 3313 1238 3366 hoc
1264 3312 1436 3381 ipsum
1466 3309 1746 3379 signiﬁcat,
1776 3307 1826 3362 id
1858 3308 1997 3379 quod
2026 3325 2137 3362 ma-

571 3423 690 3476 gna:
721 3406 994 3476 sapientia:
1014 3413 1146 3458 erat.
1177 3402 1307 3458 Nam
1334 3416 1456 3457 cum
1482 3401 1595 3455 lucc
1624 3399 1875 3466 dixisset,
1903 3401 1978 3453 ait
2007 3419 2020 3454 :
2049 3400 2139 3455 26.

577 3499 644 3572 Ut
670 3508 834 3551 autem
855 3513 954 3551 non
976 3495 1371 3550 scandalizemus
1392 3510 1494 3560 eos,
1522 3493 1645 3546 uade
1672 3492 1740 3546 ad
1765 3508 1919 3558 mare,
1942 3501 1988 3544 et
2006 3492 2142 3546 mitte

571 3593 814 3642 hamum:
844 3598 888 3642 et
912 3603 1022 3640 eum
1051 3586 1252 3656 piscem,
1276 3586 1360 3655 qui
1390 3585 1579 3652 primus
1602 3583 1900 3647 ascenderit,
1926 3582 2066 3647 tolle,
2094 3592 2140 3636 et

567 3683 617 3734 in
646 3679 734 3733 ille
753 3679 970 3732 invenies
991 3686 1221 3731 staterem
1239 3677 1278 3729 ‘z
1296 3675 1441 3729 illum
1465 3689 1746 3737 assumens,
1763 3673 1829 3727 da
1858 3673 1926 3728 eis
1944 3687 2035 3742 pro
2063 3688 2142 3726 me

569 3784 612 3824 et
644 3784 707 3825 te.
737 3769 925 3825 Viden’
953 3767 1221 3838 quomodo
1250 3779 1421 3835 neque
1455 3772 1696 3830 recuset,
1722 3779 1895 3833 neque
1924 3765 2140 3819 omnino

566 3864 746 3930 jubeat
776 3862 1026 3916 tributum
1059 3856 1331 3927 pendere?
1354 3855 1458 3911 Sed
1489 3854 1580 3909 ubi
1605 3854 1754 3924 prius
1781 3852 2052 3920 ostendit,
2081 3869 2140 3909 se

568 3971 670 4008 non
702 3966 820 4007 esse
868 3950 992 4005 huic
1020 3947 1344 4008 obnoxium,
1394 3955 1518 3999 tunc
1565 3943 1657 3998 dat
1704 3944 1874 4007 illud;
1924 3953 2034 3998 tum
2075 3959 2140 3999 ne

567 4045 639 4098 illi
668 4042 1112 4104 scandalizentur,
1141 4047 1250 4093 tum
1279 4051 1345 4092 ne
1375 4034 1428 4090 hi
1457 4034 1598 4090 idem
1625 4037 1912 4103 patiantur.
1954 4034 2136 4102 Neque

565 4138 707 4189 enim
744 4135 813 4188 ita
835 4133 921 4188 dat
966 4132 1114 4201 quasi
1139 4128 1350 4191 debeat,
1385 4126 1478 4181 sed
1507 4137 1563 4180 ut
1605 4127 1815 4181 illorum
1843 4125 2137 4179 inﬁrmitati

566 4226 830 4280 consulat.

637 4318 690 4370 '2.
722 4315 862 4369 Alibi
889 4329 1014 4367 vero
1044 4309 1348 4366 scaudalmn
1383 4309 1708 4371 contemnit;
1742 4317 1797 4362 ut
1830 4323 1950 4362 cum
1977 4308 2044 4364 de
2065 4310 2136 4363 cio

567 4410 648 4464 bis
671 4407 994 4470 dissereret;
1042 4410 1102 4457 ut
1143 4416 1241 4456 nos
1279 4401 1469 4456 doceat
1500 4399 1753 4468 temporis
1778 4399 2142 4468 Opportunita-

572 4509 676 4551 tem
705 4496 989 4565 explorare
1017 4502 1266 4561 oportere
1290 4532 1304 4552 ,
1335 4491 1528 4559 quibus
1559 4505 1650 4557 par
1671 4497 1754 4542 est
1775 4488 2020 4541 scandala
2043 4487 2139 4542 de-

569 4592 796 4660 Spicere,
819 4588 900 4642 vel
931 4601 1035 4640 non
1059 4585 1354 4653 despicere.
1387 4583 1458 4636 Ex
1492 4581 1651 4634 modo
1679 4581 1802 4633 item
1834 4580 2026 4643 dandi,
2059 4595 2142 4633 se-

569 4687 757 4750 ipsum,
779 4677 865 4746 qtti
889 4690 1078 4741 nempe
1095 4674 1180 4730 sit.
1199 4672 1451 4727 ostendit.
1473 4671 1581 4724 Cur
1605 4671 1744 4722 enim
1769 4685 1870 4722 non
1895 4686 1956 4722 ex
1983 4683 2141 4736 repo-

565 4775 683 4828 sitis
711 4770 861 4838 jubet
884 4765 1041 4819 dari?
1068 4762 1176 4831 Ut,
1207 4761 1347 4833 quod
1370 4762 1480 4832 jam
1507 4759 1650 4824 dixi,
1677 4759 1728 4812 in
1758 4759 1857 4811 hoc
1893 4773 1949 4812 se
1983 4759 2142 4812 lteum

570 4865 940 4916 universorum
969 4869 1090 4910 esse
1121 4863 1177 4909 et
1222 4855 1352 4908 mari
1395 4854 1661 4922 imperare
1709 4851 2034 4904 Ostenderet.
2088 4849 2142 4903 Id

562 4961 672 5026 jam
705 4955 1159 5008 demonstraverat
1183 4943 1395 5015 quando
1425 4959 1570 4997 mare
1600 4942 1909 5011 increpavit,
1939 4951 1993 4995 et
2021 4957 2140 4995 cum

568 5049 782 5102 Petrum
818 5041 978 5111 jussit
1006 5051 1163 5106 supra
1192 5035 1386 5090 ﬂuctus
1427 5033 1719 5087 ambulare.
1757 5031 1812 5085 ld
1841 5048 1979 5086 nunc
2005 5046 2140 5100 quo-

567 5152 672 5207 que
698 5131 952 5188 ostendit.
987 5129 1085 5183 etsi
1114 5126 1219 5180 alio
1261 5124 1421 5180 modo
1442 5165 1456 5188 ,
1486 5123 1578 5177 sed
1606 5123 1692 5191 qui
1725 5122 1944 5176 multum
1978 5121 2143 5188 pariat

559 5239 862 5295 stuporem.
897 5221 1078 5290 Neque
1120 5217 1261 5272 enim
1292 5230 1473 5285 parum
1509 5213 1631 5267 illud
1665 5222 1779 5266 erat
1811 5212 2140 5280 pt'utdlxiSse,

569 5314 768 5382 piscem
811 5309 956 5364 illum
981 5348 997 5371 ,
1048 5305 1137 5374 qui
1167 5303 1368 5373 primus
1409 5299 1695 5368 capiendus
1724 5308 1887 5362 esset,
1919 5296 2143 5364 vectigal

570 5403 863 5456 soluturum
891 5412 1031 5459 esse,
1053 5403 1108 5451 et
1139 5402 1253 5448 rete
1287 5393 1338 5446 iti
1370 5391 1618 5460 abyssum
1665 5387 1915 5456 injectum
1942 5387 2138 5452 piscem

570 5492 742 5552 illum;
777 5489 864 5558 qui
895 5496 1141 5542 stateram
1170 5482 1430 5552 gestabat,
1455 5494 1518 5533 ex
1549 5480 1662 5546 ejus
1689 5487 1954 5545 prwcepto
1975 5474 2140 5528 addu-

571 5593 780 5635 cturum
810 5593 947 5637 esse.
983 5575 1074 5629 scd
1111 5588 1228 5628 esse
1271 5570 1397 5625 illud
1441 5570 1629 5622 divinze
1659 5578 1711 5622 et
1739 5567 2017 5620 ittcl'l'.tliilis
2047 5581 2142 5632 po-

575 5672 780 5724 tcstatis
805 5707 819 5722 .
861 5665 1002 5722 uuod
1035 5679 1177 5715 mare
1203 5661 1341 5714 dona
1373 5661 1446 5713 .«ie
1477 5658 1722 5718 afferret;
1753 5667 1806 5710 et
1832 5657 2135 5723 obsequen-

631 5781 647 5808 ⁸
683 5786 824 5828 Ltus.
852 5775 980 5833 tolle,
1004 5780 1045 5822 τι
1070 5770 1287 5833 aperiens
1309 5783 1360 5818 Οἳ
1383 5769 1503 5830 ejus.
1530 5768 1737 5818 invenies
1760 5775 1997 5817 statui-em.

3719 404 3824 453 διεδ

2257 519 2380 563 tlam
2427 524 2574 566 suam
2620 513 2948 578 ostenderet,
2980 523 3088 567 ttttn
3120 515 3332 582 quando
3362 513 3541 568 furens
3570 516 3824 570 sedatum

2248 607 2348 664 est,
2381 609 2488 653 tum
2527 604 2739 670 quando
2768 613 3000 658 metuaris
3047 618 3358 659 conscrvum
3407 608 3674 676 suscepit;
3711 617 3826 658 tum

2249 690 2406 744 etiam
2448 708 2620 758 nunc,
2649 710 2769 748 cum
2800 711 2895 764 pro
2926 697 3039 763 ipso
3076 696 3416 749 exactoribus
3436 696 3618 749 δοΙιίι.
3657 694 3724 748 Et
3755 696 3828 747 du

2249 782 2351 836 illis
2373 801 2463 853 pro
2486 801 2564 838 me
2586 796 2633 838 et
2662 803 2755 855 pro
2782 797 2848 850 te,
2877 787 3064 855 inquit.
3091 786 3276 840 Vidisti
3307 787 3522 840 honoris
3545 788 3826 842 excellen-

2251 873 2414 927 tiam?
2454 873 2586 928 Vide
2610 885 2666 928 et
2698 875 2839 929 Petri
2870 877 3278 946 philosophiam.
3304 877 3438 930 Nam
3467 876 3699 940 Marcus,
3733 879 3826 946 qui

2253 962 2409 1031 hujus
2435 965 2728 1034 discipulus
2756 975 2891 1032 erat,
2925 967 3028 1021 hoc
3054 979 3262 1037 gestum
3295 984 3400 1021 non
3431 969 3663 1038 scripsit,
3695 969 3826 1037 quia

2252 1055 2375 1109 hinc
2418 1057 2491 1110 illi
2539 1056 2709 1112 honor
2745 1058 2932 1126 ingens
2973 1058 3302 1114 accedebat:
3344 1057 3437 1112 sed
3481 1059 3826 1127 negationem

2249 1147 2368 1216 ejus
2393 1148 2627 1216 scripsit,
2657 1163 2776 1215 quae
2812 1162 2942 1202 vero
2965 1148 3312 1216 conspicuum
3341 1148 3488 1201 illum
3525 1147 3828 1201 reddebant

2252 1243 2433 1302 tacuit,
2465 1252 2518 1294 et
2546 1240 2774 1296 fortasse
2794 1249 3007 1294 vetante
3037 1242 3290 1310 magistro
3313 1257 3380 1297 ne
3415 1255 3604 1310 magna
3631 1239 3700 1294 de
3733 1239 3828 1293 illo

2247 1329 2466 1382 diceret.
2501 1328 2606 1382 Pro
2631 1347 2709 1384 me
2730 1340 2778 1384 et
2804 1340 2868 1394 te,
2896 1331 3060 1399 inquit
3093 1347 3106 1384 :
3135 1332 3255 1401 quia
3283 1343 3337 1386 et
3362 1333 3473 1400 ipse
3500 1333 3829 1401 primogeni-

2250 1427 2332 1472 tus
2357 1428 2491 1473 erat.
2540 1419 2609 1474 Ut
2646 1430 2826 1474 autem
2872 1421 3068 1476 Christi
3116 1423 3404 1490 potentiam
3433 1438 3554 1477 cum
3601 1434 3830 1492 stupore

2248 1510 2470 1563 miratus
2493 1523 2574 1574 es,
2601 1509 2794 1564 mirare
2819 1522 2872 1565 et
2913 1511 3158 1581 discipuli
3194 1512 3353 1566 ﬁdem
3374 1551 3389 1576 ,
3415 1514 3507 1581 qui
3537 1514 3588 1566 in
3616 1529 3676 1568 re
3716 1524 3825 1567 tam

2251 1601 2606 1670 inexspectata
2627 1603 2816 1670 paruit.
2852 1602 2958 1658 Res
2977 1604 3120 1657 enim
3138 1611 3254 1657 erat
3280 1615 3463 1657 natura
3497 1604 3706 1658 insolita
3737 1613 3826 1656 at-

2247 1708 2349 1762 que
2388 1695 2668 1762 stupenda.
2717 1693 2838 1748 Ideo
2870 1694 2921 1748 in
2951 1695 3248 1749 mercedem
3294 1695 3434 1760 ﬁdei,
3467 1696 3519 1749 iti
3564 1695 3829 1751 solvendo

2249 1783 2442 1836 tributo
2461 1784 2602 1837 illum
2618 1784 2716 1838 sibi
2734 1785 2973 1840 Christus
2990 1785 3281 1854 conjunxit.
3305 1785 3455 1857 (Cap.
3477 1786 3664 1856 XVIII)
3686 1789 3737 1840 I.
3761 1787 3827 1840 In

2248 1874 2337 1926 illa
2387 1876 2512 1925 hora
2563 1887 2875 1929 accesserunt
2925 1876 2994 1929 ad
3035 1874 3213 1930 Iesum
3264 1877 3497 1947 discipuli
3552 1879 3774 1933 dicentes
3805 1895 3826 1932 :

2252 1963 2376 2028 Quis
2397 1965 2560 2032 major
2584 1976 2656 2018 est
2685 1966 2734 2018 in
2756 1981 2908 2036 regno
2921 1967 3160 2021 actorum
3175 1967 3202 2020 .9
3229 1967 3524 2024 Humanum
3549 1969 3825 2040 quidpiam

2251 2053 2388 2120 passi
2412 2052 2654 2121 discipuli
2682 2065 2839 2109 sunt:
2869 2055 3010 2124 quod
3030 2066 3084 2110 et
3103 2059 3425 2127 evangelista
3457 2060 3722 2128 signiﬁcat
3740 2061 3826 2115 di-

2245 2158 2392 2205 cens,
2421 2143 2486 2197 In
2516 2145 2605 2198 illa
2628 2146 2752 2200 hora
2775 2164 2795 2200 :
2822 2147 3032 2216 quando
3058 2149 3176 2218 plus
3200 2164 3358 2218 quam
3378 2162 3602 2206 exteros
3631 2168 3827 2207 omnes

2247 2233 2392 2291 illum
2422 2235 2718 2290 lienomvit.
2761 2237 2892 2292 Nam
2914 2253 3035 2294 cum
3061 2255 3124 2293 es
3156 2239 3355 2295 Jacobo
3373 2250 3428 2297 ct
3453 2242 3658 2303 Joanne
3683 2244 3828 2299 alter

2249 2327 2628 2394 primogenitus
2659 2338 2802 2383 esset
2821 2329 2856 2392 ',
2893 2328 3026 2382 nihil
3057 2330 3230 2384 simile
3260 2346 3355 2400 pro
3386 2333 3487 2386 illis
3516 2331 3655 2386 fecit.
3687 2333 3827 2388 Hinc

2249 2417 2450 2483 pudore
2472 2416 2643 2471 allecti
2673 2418 2837 2472 animi
2857 2419 2938 2472 sui
2967 2419 3381 2475 commotionem
3408 2421 3636 2476 confessi
3658 2434 3785 2477 sunt
3804 2465 3823 2488 ,

2248 2521 2422 2575 neque
2451 2517 2632 2576 aperte
2660 2508 2880 2572 dicunt,
2908 2506 3016 2563 Cur
3055 2509 3270 2566 Petrum
3314 2512 3467 2567 nobis
3508 2513 3826 2581 prtetttlisti?

2249 2611 2371 2648 mnu
2407 2596 2493 2650 ille
2531 2598 2701 2666 major
2744 2599 2898 2652 nobis
2936 2599 3060 2653 est?
3087 2615 3191 2653 non
3225 2598 3491 2658 audebant
3514 2602 3694 2668 enim;
3725 2602 3824 2657 sed

2251 2688 2518 2742 indefinite
2545 2689 2873 2758 interrogant
2898 2709 2909 2744 :
2947 2691 3072 2758 Quis
3102 2694 3266 2762 major
3285 2702 3355 2748 est
3375 2693 3548 2749 tNam
3573 2709 3694 2748 cum
3713 2704 3827 2750 tres

2247 2779 2485 2832 viderunt
2511 2779 2747 2848 pneferri
2765 2781 2994 2841 caeteris.
3015 2781 3150 2839 nihil
3169 2783 3341 2839 simile
3356 2785 3493 2854 passi
3520 2794 3674 2849 sunt;
3697 2800 3824 2839 cum

2245 2881 2419 2922 autem
2451 2886 2584 2923 unus
2616 2880 2815 2925 tantum
2849 2871 3107 2928 honorem
3141 2874 3291 2939 tulit,
3332 2883 3459 2930 tunc
3480 2875 3668 2942 dolore
3697 2887 3827 2929 sunt

2244 2958 2436 3013 aﬁ‘ecti.
2462 2959 2642 3029 Neque
2673 2960 2773 3016 hoc
2800 2961 2993 3029 solum,
3016 2963 3110 3019 sed
3141 2973 3191 3018 el
3212 2965 3314 3018 alia
3343 2964 3501 3019 multa
3527 2980 3825 3034 congeren-

2247 3059 2344 3112 tes,
2372 3051 2578 3104 accensi
2604 3045 2747 3106 sunt.
2770 3051 2900 3106 Nam
2921 3051 3053 3107 dixit
3079 3053 3154 3107 illi
3183 3071 3196 3106 :
3223 3054 3332 3107 Tibi
3358 3054 3486 3108 dabo
3513 3058 3712 3118 claues;
3740 3067 3823 3117 et,

2248 3141 2431 3194 Beatus
2459 3159 2511 3197 es
2535 3184 2549 3208 ,
2574 3142 2753 3197 Simon
2786 3143 3054 3198 Bar-Jona
3096 3144 3322 3215 (Matth.
3356 3148 3441 3200 16.
3474 3146 3557 3201 I9.
3585 3147 3690 3216 17)
3720 3163 3735 3210 ;
3767 3158 3825 3202 (ιι

2247 3231 2352 3298 hic,
2379 3232 2458 3285 Da
2487 3234 2611 3303 ipsis
2650 3252 2742 3304 pro
2767 3252 2845 3290 me
2867 3245 2915 3290 et
2944 3247 3026 3300 te;
3063 3237 3292 3308 itemque
3340 3238 3585 3292 ﬁduciam
3613 3239 3733 3307 ejus
3761 3249 3822 3294 ct

2245 3321 2492 3389 loquendi
2539 3324 2839 3380 libertatem
2885 3325 3128 3380 videntes
3174 3328 3564 3398 pungebantnr.
3595 3329 3746 3395 Quod
3773 3329 3825 3383 si

2246 3411 2451 3466 Marcus
2478 3428 2583 3468 non
2606 3414 2894 3480 dicat,illos
2923 3416 3299 3487 interrogasse,
3321 3417 3416 3472 sed
3444 3432 3628 3472 secum
3650 3418 3700 3471 id
3723 3434 3824 3472 co-

2244 3501 2485 3574 gitasse(
2521 3503 2684 3557 Marc.
2718 3503 2771 3560 9.
2800 3506 2869 3564 54
2893 3504 2914 3576 )
2935 3547 2951 3571 ,
2984 3505 3035 3559 id
3075 3521 3180 3562 non
3215 3521 3334 3562 esse
3369 3506 3668 3576 oppositum
3698 3508 3825 3561 huic

2246 3594 2534 3648 narrationi
2566 3611 2579 3647 :
2612 3609 2732 3648 nam
2776 3596 3064 3651 verisimile
3090 3606 3172 3651 est
3199 3597 3318 3651 illos
3349 3607 3630 3666 utrumque
3658 3598 3823 3652 fet-is-

2243 3699 2304 3740 se
2333 3701 2347 3740 :
2375 3694 2428 3740 et
2457 3685 2685 3755 primum
2712 3686 2927 3756 quidem
2960 3687 3064 3741 alio
3088 3697 3329 3758 tempore
3351 3689 3522 3742 semel
3557 3699 3606 3742 et
3639 3688 3718 3742 bis
3743 3692 3826 3744 sic

2243 3775 2525 3844 cogitasse,
2561 3786 2686 3831 tunc
2707 3792 2832 3831 vero
2858 3786 2912 3831 et
2936 3777 3134 3832 dixisse
3158 3818 3174 3841 ,
3197 3787 3252 3832 et
3273 3792 3455 3833 secum
3481 3779 3821 3848 cogitavisse.

2244 3865 2321 3921 Tu
2351 3881 2480 3921 vero
2508 3883 2612 3922 non
2643 3867 2691 3920 id
2721 3867 2829 3922 vitii
2863 3868 3034 3923 solum
3057 3868 3312 3938 respicias
3333 3910 3349 3933 ,
3378 3869 3472 3921 sed
3496 3879 3549 3922 et
3576 3869 3703 3924 illud
3733 3885 3826 3922 ce-

2244 3958 2350 4028 gita
2383 3976 2396 4012 :
2427 3959 2616 4028 primo,
2649 3960 2766 4014 illos
2815 3959 2942 4013 nihil
2979 3959 3065 4014 hic
3113 3959 3271 4030 hujus
3309 3961 3492 4014 saeculi
3535 3977 3822 4031 qumrere;

2242 4050 2470 4116 deinde,
2504 4053 2622 4107 illos
2669 4051 2810 4107 hunc
2857 4062 3037 4122 postea
3086 4053 3332 4106 morbum
3382 4051 3735 4122 deposuisse,
3771 4065 3824 4108 et

2246 4144 2442 4212 primas
2471 4145 2569 4198 sibi
2602 4157 2786 4197 mutuo
2805 4144 3079 4199 detulisse.
3104 4144 3211 4198 Nos
3248 4152 3423 4199 autem
3445 4159 3618 4213 neque
3645 4143 3709 4197 ad
3726 4144 3821 4197 de-

2247 4234 2414 4289 fectus
2457 4249 2640 4289 eorum
2692 4248 2971 4303 possumus
3001 4235 3340 4302 pertingere,
3386 4247 3486 4288 nec
3531 4234 3822 4301 qumrimus

2244 4330 2362 4398 quis
2393 4328 2559 4397 major
2585 4327 2655 4380 sit
2699 4326 2749 4380 in
2782 4340 2944 4394 regno
2969 4326 3220 4381 eaalorum
3241 4366 3256 4387 .
3291 4324 3386 4380 sed
3424 4326 3543 4395 quis
3570 4325 3741 4393 major
3770 4326 3825 4380 in

2245 4435 2408 4490 regno
2436 4431 2591 4473 terra:
2617 4462 2630 4480 ,
2663 4420 2782 4489 quis
2833 4417 3137 4487 epulentior
3160 4457 3177 4483 ,
3207 4419 3329 4486 quis
3360 4417 3646 4486 potentior.
3680 4420 3824 4483 Quid

2244 4525 2375 4578 ergo
2397 4509 2674 4564 Christus?
2719 4508 2929 4563 Illorum
2962 4509 3343 4562 conscientiam
3375 4507 3590 4576 detegit,
3613 4518 3667 4561 et
3686 4509 3825 4563 ειπε-

2244 4600 2349 4652 cttti
2372 4615 2579 4664 eorum,
2610 4614 2714 4652 non
2749 4601 2921 4651 verbis
2955 4608 3180 4664 tantum,
3211 4598 3519 4668 respondet.
3551 4600 3587 4652 9.
3638 4599 3700 4652 Et
3736 4602 3827 4652 αίι.

2245 4705 2427 4743 uocans
2447 4689 2598 4742 Iesus
2625 4691 2910 4758 parvulum.
2941 4690 2994 4744 3.
3022 4689 3152 4742 dixit
3174 4728 3188 4751 ,
3218 4687 3333 4742 Nisi
3355 4689 3578 4742 conversi
3599 4691 3800 4760 {uetitis

2246 4792 2291 4836 et
2333 4781 2614 4850 eﬂiciamini
2657 4782 2787 4832 sicut
2828 4781 3064 4847 paruulus
3089 4781 3214 4844 iste,
3245 4796 3343 4832 non
3374 4777 3623 4833 intrabitis
3656 4781 3710 4834 in
3742 4798 3827 4835 re-

2245 4891 2398 4947 gnum
2420 4875 2678 4928 calorum.
2714 4874 2818 4927 Vos
2850 4873 3159 4943 perquiritis
3189 4873 3310 4941 quis
3346 4872 3414 4926 sit
3444 4887 3634 4942 major,
3667 4886 3718 4928 et
3754 4875 3827 4929 de

2248 4967 2475 5032 primatu
2504 4964 2826 5018 contenditis
2859 4980 2871 5015 :
2907 4977 3006 5028 ego
3036 4978 3165 5017 vero
3191 4978 3337 5027 eum,
3365 4965 3449 5032 qui
3495 4978 3599 5017 non
3630 4961 3829 5018 humil-

2248 5055 2404 5111 limus
2435 5056 2602 5110 Iactus
2639 5055 2823 5119 fuerit,
2857 5072 2961 5109 non
2993 5071 3111 5111 esse
3136 5056 3351 5125 dignum
3380 5055 3500 5109 dico
3530 5057 3618 5124 qui
3662 5057 3828 5111 intret

2248 5150 2297 5204 in
2329 5165 2545 5220 regnum
2569 5150 2842 5202 caelorum.
2874 5148 3038 5203 Recte
3062 5149 3362 5216 exemplum
3390 5147 3577 5210 aft'e-rt;
3617 5164 3714 5202 nec.
3741 5152 3827 5202 af-

2249 5243 2350 5298 fert
2377 5243 2556 5304 modo,
2595 5241 2689 5296 sed
2723 5252 2777 5296 et
2807 5243 2975 5310 ipsum
3004 5241 3278 5309 parvulum
3311 5240 3362 5293 in
3394 5240 3571 5294 medio
3593 5244 3780 5295 statuit
3811 5283 3826 5304 ,

2251 5335 2365 5403 ipso
2392 5342 2610 5402 aspectu
2657 5333 2876 5385 hortans
2925 5343 2978 5384 et
3019 5331 3249 5384 suadens
3280 5338 3336 5383 ut
3375 5330 3482 5384 sint
3514 5332 3744 5386 humiles
3766 5348 3830 5388 ac

2245 5426 2531 5494 simplices.
2557 5424 2686 5477 Nam
2719 5424 2970 5492 puerulus
2998 5423 3129 5477 liber
3156 5433 3237 5476 est
3264 5424 3328 5473 ab
3383 5422 3600 5482 invidia,
3639 5438 3667 5475 a
3692 5440 3828 5475 vana

2246 5517 2413 5586 gloria
2450 5556 2463 5578 ,
2495 5516 2561 5569 ab
2591 5530 2774 5568 amore
2804 5515 3081 5582 primatus,
3111 5514 3502 5580 maximamque
3548 5513 3685 5566 hanc
3719 5517 3828 5569 vir-

2250 5617 2410 5661 tutem
2440 5604 2695 5676 possidet,
2729 5620 2918 5672 nempe
2936 5603 3324 5673 simplicitatem
3364 5615 3414 5656 et
3447 5603 3824 5658 humilitatem.

2313 5769 2327 5796 ι
2367 5774 2509 5823 tuus,
2528 5776 2633 5812 runt
2659 5762 2820 5811 Jacobi
2843 5768 2886 5810 et
2911 5768 3106 5811 Joannis
3135 5767 3298 5810 Petrus
3322 5765 3662 5820 primogemtus
3685 5766 3807 5807 (sm
