4040 6434
145 486 261 544 509

143 604 273 659 Non
302 612 432 669 ergo
458 609 594 667 opus
621 599 823 647 tantum
854 596 940 643 est
979 582 1290 642 fortitudine
1313 592 1475 653 atque
1507 578 1742 650 pruden-

141 694 222 747 tia
258 711 275 758 ;
308 690 405 747 sed
431 690 592 745 etiam
620 685 922 741 humilitate
946 689 1001 735 et
1025 677 1387 747 simplicitate.
1419 672 1630 729 Etenim
1662 670 1744 725 Vel

143 786 200 839 in
235 779 523 853 praecipuis
547 779 707 834 rebus
730 817 743 841 ,
776 776 819 829 si
858 775 941 827 ha:
966 772 1193 826 virtutes
1218 783 1323 823 non
1355 765 1536 820 adsint
1560 805 1576 829 ,
1602 762 1749 818 clau-

140 878 339 933 dicant
365 889 429 930 ea
455 888 576 943 qua:
596 870 663 925 ad
690 869 917 923 salutem
945 875 1183 919 nostram
1216 861 1505 930 pertinent.
1540 856 1746 910 Puerno

142 973 232 1024 Ius
258 968 377 1023 sive
398 961 723 1021 contumelia
750 959 1032 1018 afﬁciatur,
1050 954 1163 1010 sive
1194 950 1463 1010 laudetur,
1494 948 1609 1001 sive
1635 960 1747 999 Ver-

141 1066 393 1120 lueretur,
423 1055 537 1111 sive
565 1054 881 1114 hortaretur,
914 1061 1016 1103 nec
1041 1045 1258 1114 indigne
1282 1043 1386 1097 fert
1412 1038 1494 1095 vel
1520 1036 1745 1116 invidet,

142 1164 336 1220 neque
362 1148 529 1203 altum
551 1145 712 1215 sapit.

225 1245 285 1299 3.
318 1241 505 1297 Viden‘
527 1236 799 1309 quomodo
827 1248 926 1289 nos
964 1245 1175 1287 rursum
1210 1227 1277 1283 ad
1303 1223 1563 1281 naturalia
1583 1236 1747 1291 opera

138 1343 362 1398 evocet,
384 1329 673 1386 ostendens
700 1327 816 1383 haae
849 1340 913 1379 ex
956 1321 1230 1392 preposito
1253 1316 1543 1374 voluntatis
1564 1312 1749 1382 perfici

138 1440 333 1494 posse,
348 1421 810 1493 perniciosamque
821 1414 1231 1471 Manichznorum
1246 1409 1447 1464 rabiem
1461 1404 1748 1474 deprimit?

140 1517 287 1574 Nam
308 1516 353 1571 si
371 1514 508 1570 mala
524 1522 711 1569 natura
727 1508 920 1578 est(a),
939 1520 1036 1561 cur
1052 1503 1176 1560 inde
1198 1499 1545 1571 philosophia
1565 1512 1749 1552 exem-

142 1614 233 1682 pla
268 1609 467 1665 trahit?
513 1606 794 1663 Parvulum
824 1613 1001 1659 autem
1044 1610 1169 1671 puto
1203 1600 1459 1654 infantem
1489 1594 1541 1650 in
1569 1592 1749 1648 medio

140 1705 435 1764 statuisse,
474 1699 721 1755 omnibus
747 1697 893 1752 hisce
919 1695 1078 1749 animi
1106 1692 1308 1748 morbis
1326 1703 1573 1745 vacuum.
1614 1684 1748 1741 Nam

142 1796 201 1849 in
234 1791 543 1864 hujusmodi
569 1790 878 1854 infantibus,
898 1802 996 1841 nec
1015 1783 1338 1855 arrogantia,
1361 1796 1460 1835 nec
1475 1794 1607 1834 vana
1634 1777 1749 1844 glo-

144 1886 253 1951 ria,
287 1897 387 1938 nec
414 1881 631 1947 invidia,
664 1895 763 1935 nec
788 1878 1088 1942 contentio,
1120 1890 1221 1930 nec
1242 1874 1343 1928 alia
1374 1867 1749 1939 hujuscemodi

145 1978 331 2029 locum
358 1973 584 2039 habent;
635 1971 818 2026 insunt
840 1980 1025 2025 autem
1058 1968 1283 2022 virtutes
1308 1963 1511 2025 multm,
1538 1958 1748 2028 simpli-

140 2070 306 2131 citas,
349 2066 648 2132 humilitas;
678 2065 831 2121 abest
872 2062 941 2117 ab
976 2076 1043 2117 eo
1070 2058 1404 2130 negotiorum
1431 2053 1585 2110 turba
1606 2093 1623 2118 ,
1649 2050 1747 2107 de-

143 2175 255 2223 que
289 2157 432 2211 nulla
462 2172 521 2213 re
544 2155 817 2227 supeth;
846 2153 935 2209 ubi
965 2151 1162 2221 duplex
1190 2158 1273 2205 est
1302 2144 1663 2218 philosophia,
1693 2151 1750 2198 et

142 2250 295 2318 quod
324 2250 440 2308 hznc
464 2248 753 2319 possideat
771 2287 787 2311 ,
813 2254 870 2301 ct
894 2243 1035 2316 quod
1062 2258 1171 2299 non
1205 2242 1325 2296 ideo
1354 2240 1590 2295 infletur.
1624 2237 1749 2292 Ideo

145 2341 409 2396 infantem
446 2340 717 2411 produxit,
743 2346 799 2393 et
826 2339 879 2393 in
913 2337 1092 2393 medio
1128 2336 1348 2397 sLatuit;
1372 2349 1549 2401 neque
1575 2331 1647 2386 ibi
1680 2328 1745 2385 Ii-

144 2447 274 2486 nem
314 2431 525 2488 dicendi
553 2431 696 2492 fecit,
722 2430 815 2485 sed
843 2430 1070 2485 ulterius
1104 2427 1526 2482 admonitionem
1553 2424 1749 2494 produ-

141 2526 240 2590 cit,
271 2522 461 2579 dicens
492 2543 505 2579 :
539 2523 593 2578 5.
624 2520 691 2576 Et
737 2522 1039 2591 quicumque
1067 2519 1340 2589 susceperit
1368 2533 1527 2570 unum
1556 2528 1746 2585 pravu-

146 2618 256 2669 lum
312 2615 465 2669 talem
506 2614 561 2667 in
604 2613 806 2666 nomine
860 2628 992 2678 meo,
1021 2627 1099 2665 me
1126 2610 1357 2678 suscipit.
1408 2608 1523 2662 Non
1571 2606 1745 2662 solum

142 2710 320 2771 enim,
361 2706 553 2776 inquit,
595 2706 639 2760 si
698 2706 831 2760 tales
877 2692 1110 2767 fueritis,
1140 2704 1443 2758 mercedem
1498 2716 1745 2771 magnam

144 2797 459 2866 recipietis,
485 2795 580 2853 sed
617 2795 779 2852 etiam
807 2795 850 2849 si
892 2795 1030 2849 alios
1060 2795 1265 2848 similes
1296 2802 1516 2862 propter
1539 2808 1625 2847 me
1651 2792 1749 2847 ho-

145 2886 496 2951 noraveritis,
526 2902 751 2956 regnum
782 2886 933 2941 vobis
954 2884 1007 2938 in
1031 2884 1334 2939 mercedem
1356 2883 1548 2938 tribuo.
1567 2882 1748 2951 Quod-

144 2995 253 3047 que
286 2978 445 3047 longe
471 2976 644 3045 majus
688 2984 773 3030 est
798 2975 1014 3043 adjicit,
1045 2988 1167 3029 cum
1210 2974 1359 3041 dicit,
1392 2972 1477 3028 Me
1512 2974 1744 3041 suscipit.

146 3068 219 3121 lia
245 3066 594 3123 vehementer
621 3065 828 3121 alliciar
855 3081 921 3120 ex
964 3063 1261 3120 humilitate
1290 3074 1345 3120 et
1381 3064 1742 3133 simplicitate.

148 3158 412 3213 Parvulos
442 3158 529 3213 hic
553 3168 708 3212 vocat
734 3156 978 3211 homines
998 3196 1013 3222 ,
1049 3156 1118 3210 ita
1150 3157 1452 3225 simplices,
1483 3156 1743 3225 humiles,

145 3249 235 3311 qni
287 3248 430 3317 apud
492 3247 689 3302 multos
736 3246 932 3316 abjecti
987 3256 1043 3303 et
1085 3247 1414 3317 despiciendi
1458 3248 1739 3304 habentur.

148 3339 356 3395 Insinde
391 3340 751 3409 probatiorem
778 3339 1009 3394 reddens
1038 3354 1343 3395 sermonem
1361 3382 1376 3406 ,
1402 3356 1508 3395 non
1538 3356 1567 3395 a
1603 3357 1745 3411 pra-.-

147 3432 272 3483 miis
316 3438 543 3492 tantum.
567 3430 662 3483 sed
704 3430 866 3484 etiam
895 3445 924 3483 a
954 3432 1128 3500 pinnis
1160 3431 1305 3484 illum
1337 3432 1643 3495 conﬁrmat,
1667 3433 1746 3488 sic

148 3524 417 3588 loquens:
451 3520 485 3574 6
537 3521 638 3587 Qui
684 3531 854 3574 autem
900 3522 1319 3575 scandaliznverit
1372 3538 1531 3575 unum
1574 3539 1636 3576 ea:
1665 3523 1745 3577 his

147 3611 353 3675 pusillis
382 3611 470 3681 qui
507 3611 560 3664 in
585 3628 662 3665 me
699 3611 913 3664 credunt
939 3612 982 3673 ‘,
1004 3612 1208 3681 expedit
1233 3613 1299 3677 ei,
1332 3620 1385 3685 ut
1407 3613 1747 3683 suspendatur

147 3704 286 3755 mola
305 3703 532 3755 asinaria
554 3703 605 3755 in
627 3702 760 3756 collo
789 3702 920 3771 ejus,
950 3712 996 3756 et
1011 3702 1333 3773 demergatur
1358 3703 1411 3757 in
1434 3704 1747 3774 profundum

146 3796 325 3848 inuris.
373 3794 507 3849 Nam
536 3795 799 3864 sicut‘qui
826 3795 925 3849 hos
951 3797 1203 3864 parvulos
1231 3806 1449 3865 propter
1470 3797 1745 3852 mehono-

148 3896 291 3953 rant,
308 3886 497 3942 cadum
515 3886 884 3956 possidebunt,
906 3886 1013 3942 imo
1032 3888 1205 3957 majus
1230 3904 1397 3958 regno
1425 3890 1701 3956 praemium
1727 3906 1740 3943 :

147 3977 217 4029 ita
250 3977 340 4046 qui
374 3976 699 4032 inhonorant
726 3976 801 4049 (id
826 3980 968 4033 enim
1009 3988 1094 4033 est
1121 3979 1529 4051 scandalizare),
1560 3990 1742 4038 extre-

148 4081 264 4121 mas
288 4066 491 4121 dabunt
515 4082 722 4137 pcenas.
756 4068 812 4123 Si
866 4084 992 4125 vero
1017 4071 1326 4125 scandalum
1366 4074 1744 4130 contumeliam

148 4166 324 4222 vocet,
354 4172 421 4213 ne
446 4160 687 4225 mireris;
714 4174 835 4214 cum
858 4161 1008 4215 multi
1027 4163 1095 4215 ob
1114 4163 1606 4230 pusillanimitatem
1637 4181 1745 4222 non

148 4263 337 4317 parum
366 4251 710 4306 scandalizati
733 4251 933 4307 fuerint
976 4268 1042 4308 eo
1073 4254 1213 4323 quod
1240 4255 1667 4324 despicerentur,
1690 4267 1748 4315 et

147 4340 471 4395 contumelia
491 4342 852 4397 afficerentur.
882 4343 1095 4398 Crimen
1122 4359 1252 4414 ergo
1274 4360 1624 4417 exaggerans,
1645 4350 1745 4404 de-

149 4432 459 4487 trimentum
491 4433 614 4487 inde
655 4444 829 4488 ortum
879 4436 1119 4503 cxpOItll.
1179 4436 1365 4507 Neque
1396 4440 1533 4493 ultra
1559 4456 1622 4494 ex
1647 4441 1743 4496 iis-

150 4520 272 4575 dem
320 4523 643 4593 supplicium
671 4526 928 4591 ostendit,
961 4527 1054 4581 sed
1084 4542 1242 4597 quam
1295 4529 1631 4586 intolerabile
1675 4532 1746 4587 sit

149 4628 213 4665 cx
238 4615 401 4670 rebus
417 4615 570 4669 nobis
592 4618 881 4671 notissimis
905 4618 1160 4673 declarat.
1190 4620 1323 4674 Nam
1349 4636 1469 4677 cum
1500 4623 1745 4679 rndiores

150 4704 263 4759 vult
293 4707 675 4775 perstringere,
698 4706 798 4761 sub
811 4724 1026 4763 sensum
1045 4709 1289 4765 cadentia
1303 4715 1552 4782 exempla
1566 4714 1737 4769 affert.

148 4794 485 4889 Qulapropter
526 4812 649 4852 cum
700 4798 785 4852 hic
836 4800 1123 4857 ostendere
1177 4802 1337 4869 velit,
1368 4803 1514 4873 ipsos
1544 4806 1742 4875 ingenti

150 4886 412 4955 supplicio
436 4886 685 4943 allectum
730 4890 812 4956 iri,
851 4900 906 4946 et
935 4907 1121 4947 eorum
1153 4895 1242 4963 qui
1268 4895 1412 4963 ipsos
1440 4897 1743 4967 despiciunt

152 4979 505 5048 arrogantiam
524 4983 1076 5049 exagitare,seusibile
1098 4986 1415 5053 supplicium
1434 4990 1482 5042 in
1506 4989 1740 5046 medium

152 5066 324 5133 alfert,
356 5071 514 5123 molae
538 5086 602 5124 ac
630 5072 1015 5139 demersionis;
1048 5078 1290 5144 quamvis
1316 5080 1610 5135 secundum
1652 5096 1741 5137 se—

155 5158 284 5213 riem
307 5158 509 5215 dixisse
540 5176 632 5231 par
661 5161 819 5218 fuerit
846 5180 859 5217 :
894 5166 993 5233 Qui
1017 5182 1121 5222 non
1144 5170 1368 5238 suscipit
1388 5187 1550 5227 unum
1566 5189 1629 5228 ex
1662 5174 1744 5231 his

156 5248 403 5312 parvulis,
436 5265 523 5304 me
553 5267 657 5305 non
686 5254 939 5322 suscipit;
960 5257 1099 5325 quod
1131 5259 1275 5313 muni
1304 5262 1569 5330 supplicio
1588 5279 1743 5320 acere

156 5336 269 5392 hius
294 5349 410 5394 erat
439 5342 567 5396 :sed
590 5344 981 5413 quia-rudiorcs
1007 5358 1062 5400 et
1089 5351 1380 5405 crassiores
1404 5351 1503 5407 hac
1520 5356 1741 5412 terribili

156 5438 306 5487 licens
326 5444 433 5484 non
455 5431 843 5497 afhcrebantur,
870 5437 1063 5491 molam
1092 5440 1237 5507 ponit
1258 5443 1741 5503 ctdemersionem.

155 5512 332 5589 Neque
381 5522 536 5590 dixit,
571 5524 707 5579 Mola
752 5531 1111 5597 suspendetur
1152 5549 1182 5587 a
1235 5536 1375 5589 collo
1422 5540 1573 5607 ejus;
1623 5542 1740 5613 sed,

162 5731 203 5753 in
221 5674 395 5753 "Jiacc,
421 5679 577 5753 quiin
601 5682 921 5753 meet-edunt,
946 5685 1125 5737 desunt
1161 5691 1207 5737 in
1233 5694 1520 5753 quihusdam
1548 5675 1651 5745 διεδ.
1693 5712 1744 5749 ei

161 5733 595 5817 in
618 5745 902 5817 quihusdam
950 5733 1315 5812 cxeinptariblus
1352 5756 1615 5817 habentur,
1644 5770 1692 5811 et

162 5796 360 5859 Ct‘ﬂt‘gio
376 5809 399 5848 ‘I
414 5796 696 5863 Paltt'ZUIllIO
720 5805 843 5855 lectu
872 5796 1086 5859 luerunt.

216 5880 291 5941 (α)
326 5878 569 5937 Μαιιιςιιειει
592 5888 826 5940 dicebant
852 5894 1023 5943 malum
1052 5911 1160 5946 esse
1188 5909 1419 5950 naturam.

1086 472 1149 527 IN
1190 463 1594 525 MA'I'TIL-EUM
1637 458 1849 519 IIUIIII.
1911 457 2084 513 LVIII.
2129 460 2180 514 aI
2246 458 2380 516 LIII.

3362 460 3479 515 Mi}.

1856 574 2084 634 Expedit
2107 574 2176 643 ei,
2208 584 2267 630 ut
2318 575 2419 631 hac
2449 588 2603 645 pcata
2628 573 2943 640 niulctctur,
2969 573 3266 630 ostendens
3292 575 3479 643 ipsnnr

1853 668 2059 734 majore
2077 666 2238 722 etiam
2265 665 2531 736 supplicio
2555 663 2919 721 afficiendum
2948 681 2961 717 :
2991 666 3136 734 quod
3174 666 3219 720 si
3251 664 3355 719 hoc
3387 681 3468 719 m-

1859 758 2195 815 tolcraudum
2246 758 2479 823 videtur,
2521 757 2692 813 multo
2723 757 2893 827 magis
2922 756 3080 812 illud.
3109 756 3299 813 Viden’
3325 772 3493 826 quom

1854 850 2016 907 modo
2042 849 2512 907 comminationem
2547 850 2799 919 utrinque
2826 847 3158 904 tremendam
3186 849 3464 913 exhibeat,

1854 947 1967 998 tum
1996 942 2207 998 n0tiore
2252 942 2502 1010 exemplo
2543 940 2834 996 clariorem
2872 940 3139 1007 reddens,
3163 948 3276 995 tum
3304 941 3464 1011 longe

1852 1034 2028 1105 majus
2052 1034 2147 1089 illo
2169 1033 2493 1103 supplicium
2516 1032 2755 1104 cogitare
2795 1032 3070 1088 suadens?
3109 1032 3296 1087 Viden’
3321 1050 3433 1104 quo

1758 1132 1761 1135 ‘
1854 1123 2014 1180 modo
2038 1124 2359 1195 arrogantiae
2384 1131 2650 1179 tumorem
2676 1122 2932 1179 radicitus
2946 1123 3175 1179 evulsit?
3192 1126 3466 1195 quomodo

1854 1231 2005 1271 vana:
2033 1216 2219 1285 gloria:
2245 1215 2400 1272 ulcus
2426 1213 2673 1270 curavit?
2698 1214 2981 1285 quomodo
3000 1216 3186 1271 docuit
3211 1219 3457 1287 nuspiam

1854 1308 2054 1377 primas
2095 1306 2390 1378 expetere?
2413 1306 2688 1378 quomodo
2711 1307 2956 1363 docuerit
2993 1321 3090 1363 eos
3141 1308 3232 1377 qni
3265 1298 3464 1376 primas

1852 1407 2189 1470 expeterent,
2221 1408 2277 1454 ut
2295 1408 2627 1470 postremum
2653 1398 2849 1469 ubique
2864 1399 3111 1455 ordinem
3131 1414 3462 1469 persequano

1855 1492 1975 1547 tur?
2011 1490 2151 1546 Nihil
2181 1491 2327 1547 enim
2369 1489 2878 1561 arrogantiapcjns.
2929 1490 3057 1546 llaec
3110 1490 3180 1545 ab
3229 1490 3493 1546 humana.

1854 1593 2034 1639 mente
2058 1583 2243 1654 dcjicit
2265 1626 2280 1649 ,
2311 1592 2367 1639 et
2392 1583 2758 1653 insipientium
2788 1581 2982 1636 fatuam
3012 1581 3265 1659 conciliat
3290 1598 3306 1647 ;
3358 1581 3467 1636 imo

1852 1676 2139 1731 admodum
2182 1676 2498 1746 insipientes
2521 1672 2719 1730 reddit.
2765 1673 2900 1728 Nam
2932 1672 3392 1744 quemadmodum
3423 1673 3487 1728 sit

1855 1768 2014 1838 quis,
2062 1768 2425 1822 tricubitalem
2478 1776 2742 1822 staturam
2796 1766 3000 1822 habens
3052 1767 3154 1839 (ιι),
3202 1769 3491 1822 ιιιοιιιίιιιιιμ

1852 1860 2188 1916 altitudinem
2219 1874 2478 1930 superare
2503 1857 2769 1925 studeret,
2799 1857 2960 1929 idque
2991 1859 3060 1914 ila
3088 1874 3210 1915 esse
3233 1869 3463 1929 putaret,

1852 1968 2079 2023 seseque
2124 1953 2357 2023 erigeret
2382 1953 2537 2024 quasi
2581 1967 2771 2008 eorum
2818 1952 3101 2008 cacumina
3147 1954 3464 2019 excederet,

1853 2060 1961 2100 non
2009 2044 2155 2101 aliud
2200 2060 2569 2116 qumrcrcmus
2596 2044 2840 2101 Stultitia:
2866 2044 2986 2116 ejus
3031 2057 3412 2117 argumentum
3444 2064 3456 2098 :

1853 2138 1933 2193 sic
1958 2152 2079 2192 cum
2106 2145 2452 2206 arrogantem
2479 2136 2755 2191 hominem
2778 2135 2999 2202 videris,
3026 2135 3204 2208 quise
3222 2136 3465 2191 onmium

1854 2227 2356 2297 praestantissimum
2402 2236 2574 2295 putet,
2616 2237 2670 2282 et
2709 2226 3053 2283 contumelia:
3089 2228 3213 2283 loco
3248 2228 3467 2293 habeat,

1853 2317 1997 2387 quod
2021 2333 2142 2372 cum
2163 2317 2376 2373 exteris
2396 2318 2558 2384 vivat,
2594 2333 2664 2373 ne
2688 2331 2902 2387 quiens
2921 2316 3212 2388 aliudejus
3241 2318 3481 2373 insaniae

1855 2416 2256 2477 argumentum.
2304 2406 2438 2462 Nam
2467 2420 2535 2463 eo
2558 2412 2731 2477 magis
2758 2405 3123 2463 ridiculus-cst
3151 2408 3216 2463 iis
3245 2408 3335 2479 qui
3366 2425 3467 2463 nae

1855 2509 1971 2554 tum
1996 2514 2097 2555 sua
2123 2499 2272 2555 stulti
2294 2508 2444 2566 sunt,
2474 2515 2585 2569 quo
2612 2498 2755 2555 hunc
2783 2498 2901 2570 ipse
2929 2499 3032 2554 sibi
3059 2510 3253 2569 sponte
3280 2504 3468 2555 conci-

1854 2591 2006 2645 liavit
2056 2591 2325 2647 morbum.
2358 2589 2544 2661 Neque
2595 2590 2721 2648 ideo
2771 2599 2981 2646 tantum
3029 2590 3200 2647 miser
3238 2602 3341 2657 est,
3372 2593 3480 2647 sed.

1852 2693 1901 2739 et
1917 2684 2019 2737 iam
2060 2682 2204 2754 quod
2244 2683 2363 2739 sine
2401 2683 2514 2739 ullo
2540 2697 2704 2739 sensu
2741 2682 2793 2738 in
2840 2683 3093 2752 nequitia:
3143 2683 3467 2753 profundum

1852 2775 2085 2831 decidat.
2118 2775 2470 2843 Quandonam
2498 2774 2589 2831 ille
2628 2784 2847 2846 peccata
2900 2790 2995 2831 sua
3029 2785 3089 2830 ut
3126 2784 3343 2845 Oportet
3370 2792 3467 2831 c0»

1850 2866 2115 2936 gtioscet?
2139 2865 2355 2936 quando
2382 2866 2581 2922 sentiet
2605 2881 2667 2923 se
2687 2865 3017 2936 deliquisse?
3046 2867 3258 2921 Etenim
3278 2866 3467 2922 diabo-

1853 2958 1937 3011 lus
1965 2958 2114 3013 illum
2160 2973 2263 3013 ceu
2293 2972 2509 3014 servum
2538 2967 2593 3014 et
2613 2956 2886 3028 captivum
2916 2957 3192 3013 abducens
3235 2958 3368 3024 abit,
3402 2960 3467 3013 ila

1852 3049 2071 3119 [umque
2117 3050 2434 3107 circumfert
2457 3092 2474 3117 ,
2500 3051 2790 3120 verberat,
2819 3062 2874 3106 et
2918 3051 3071 3106 mille
3122 3053 3482 3108 contumeliis-

1851 3142 2035 3197 aflicit.
2080 3141 2136 3195 In
2169 3150 2371 3197 Lautam
2393 3144 2595 3213 quippe
2623 3143 2747 3197 illos
2764 3144 2872 3213 agit
2904 3143 3220 3209 stultitiam,
3252 3154 3312 3199 ut
3334 3160 3465 3199 sua-

1850 3233 1975 3288 deat
2000 3234 2130 3302 ipsis
2156 3234 2238 3287 vel
2261 3233 2521 3291 adversus
2550 3233 2751 3290 liberos
2774 3244 2831 3290 et
2863 3246 3113 3301 uxorem,
3135 3238 3245 3291 imo
3272 3248 3465 3293 contra

1851 3325 2089 3392 majores
2119 3339 2247 3378 suos
2275 3338 2399 3380 sese
2427 3323 2640 3381 elferre.
2672 3324 2875 3380 Contra
2905 3341 3035 3381 vero
3064 3327 3203 3382 alios
3226 3343 3255 3381 a
3298 3329 3468 3397 majo-

1851 3430 1971 3469 rum
2023 3414 2316 3484 splendore
2364 3413 2600 3481 tumidus
2642 3415 2863 3470 reddit:
2915 3431 3023 3484 quo
3075 3415 3204 3487 quid
3250 3418 3483 3473 stultius-

1855 3520 2110 3573 umquam
2145 3504 2326 3569 fuerit,
2349 3520 2471 3559 cum
2501 3518 2551 3562 α,
2576 3504 2743 3560 rebus
2786 3506 3074 3561 contrariis
3101 3506 3353 3563 similiter
3380 3510 3464 3563 in~

1852 3604 2185 3657 tumescant,
2213 3594 2338 3659 alii,
2368 3593 2511 3665 quod
2534 3594 2671 3649 viles
2700 3604 2901 3664 patres,
2927 3609 3082 3661 avos,
3114 3609 3342 3666 proavos
3374 3600 3465 3653 ha-

1852 3684 2029 3749 bc-mt,
2060 3686 2171 3751 alii,
2195 3685 2335 3755 quod
2377 3686 2701 3756 conspicuos
2743 3694 2803 3741 et
2843 3686 3126 3743 illustres?
3183 3688 3473 3755 Quomodo

1852 3778 1973 3846 quis
2004 3777 2175 3846 possit
2218 3778 2501 3832 amborum
2530 3786 2797 3833 tmnorem
2838 3777 3189 3848 deprimere?
3213 3782 3321 3835 lllis
3347 3782 3466 3851 qni-

1851 3869 1975 3923 dem
2002 3867 2151 3923 dicas
2181 3884 2197 3919 :
2229 3869 2476 3923 Aseende
2497 3868 2636 3922 ultra
2667 3881 3139 3939 avosetproavos,
3156 3881 3212 3927 et
3232 3872 3464 3929 fortasse

1854 3964 2053 4018 multos
2082 3961 2321 4017 invenies
2346 3978 2571 4033 coquos,
2595 3964 2858 4020 asinarios
2889 3967 2902 3997 ³
2931 4006 2945 4029 ,
2973 3974 3027 4021 et
3051 3981 3325 4037 caupones
3350 3984 3364 4033 ;
3395 3967 3485 4022 ad:

1852 4071 1948 4111 eos
1972 4065 2180 4123 contra,
2212 4058 2303 4127 qui
2332 4056 2401 4112 de
2446 4058 2713 4128 majorum
2741 4074 2965 4115 suorum
2998 4060 3201 4117 vilitate
3230 4062 3465 4117 intume-

1852 4155 2032 4214 scunt,
2053 4146 2110 4202 Si
2138 4163 2300 4218 supra
2341 4164 2471 4202 avos
2502 4158 2622 4204 tuos
2673 4150 3060 4220 progrediaris,
3084 4152 3463 4209 multesima-

1854 4239 1971 4293 nies
1996 4249 2047 4293 te
2072 4238 2231 4309 longe
2252 4239 2537 4296 clariores.
2595 4237 2600 4241 ’

1924 4332 1979 4385 4.
2004 4329 2127 4385 Non
2162 4332 2487 4402 gloriandum
2516 4348 2581 4387 ea:
2620 4333 2819 4403 generis
2851 4334 3134 4389 nobilitate.
3167 4333 3373 4390 Diuitia:
3401 4338 3464 4390 li-

1852 4422 2094 4476 bertatein
2136 4421 2346 4476 tollunt.
2369 4452 2439 4463 —-
2461 4423 2614 4491 Quod
2646 4424 2793 4479 enim
2820 4425 2943 4480 talis
2978 4427 3051 4480 sit
3079 4425 3331 4483 humana:
3369 4444 3464 4481 na-

1853 4522 1987 4568 turm
2013 4528 2227 4581 cursus,
2259 4531 2326 4570 ex
2352 4515 2652 4584 Scr’ipluris
2683 4518 2835 4573 vobis
2865 4518 3171 4573 ostendam.
3207 4519 3462 4575 Salomon

1854 4604 1993 4660 filius
2022 4596 2329 4675 regis'erat,
2360 4607 2609 4677 regisque
2647 4608 2966 4675 clarissimi,
2999 4610 3093 4663 sed
3124 4609 3282 4679 hujus
3316 4621 3467 4680 pater

1854 4697 1992 4751 inter
2031 4698 2170 4767 vulgi
2214 4697 2463 4753 homines
2492 4708 2548 4752 et
2577 4699 2840 4769 ignobiles
2884 4700 3275 4756 numerabatur
3298 4744 3313 4765 ,
3345 4718 3459 4756 ma-

1854 4795 2036 4842 ternus
2061 4803 2275 4858 quoque
2307 4804 2439 4843 avus
2464 4789 2747 4856 similiter;
2781 4792 3018 4862 alioquin
3038 4793 3183 4847 enim
3210 4808 3316 4847 non
3338 4808 3468 4848 cuiu

1852 4882 2097 4950 gregario
2147 4881 2320 4936 milite
2366 4880 2527 4934 lilium
2560 4882 2813 4937 locasset.
2857 4883 2913 4935 Si
2950 4882 3112 4938 altius
3150 4894 3332 4939 autem
3374 4902 3459 4938 ue—

1854 4983 2025 5042 petas,
2059 4972 2239 5028 abhis
2280 4974 2557 5029 vilioribus
2586 4974 2652 5028 ad
2700 4975 3019 5031 illustriores
3064 4977 3466 5047 nobilioresque

1852 5081 1881 5118 a
1915 5066 2133 5119 cendes.
2165 5065 2401 5137 ldipmm
2431 5067 2481 5120 in
2512 5066 2679 5121 Saule
2701 5078 2754 5121 et
2786 5067 2836 5120 in
2866 5068 3112 5136 plurimis
3137 5068 3262 5123 aliis
3278 5068 3465 5122 observ

1853 5174 1981 5213 vare
2005 5159 2145 5213 licet.
2176 5158 2252 5213 Nu
2280 5160 2442 5229 igitur
2476 5160 2599 5213 hinc
2627 5162 2792 5213 altum
2821 5162 3117 5228 sapianms.
3150 5162 3287 5227 Quid
3319 5163 3471 5216 enim

1844 5267 2059 5319 qua-so,
2086 5267 2255 5321 genus
2284 5254 2409 5307 est?
2440 5252 2580 5307 Nihil
2620 5254 2720 5307 nisi
2770 5270 2989 5317 mnnen,
3023 5272 3081 5309 re
3109 5272 3338 5310 vacuum
3366 5274 3378 5309 :
3413 5270 3474 5312 es

1856 5344 1956 5398 hoc
1989 5344 2040 5399 in
2064 5356 2308 5401 extremo
2334 5345 2427 5400 illo
2457 5346 2543 5400 die
2566 5347 2766 5400 scietis.
2796 5349 3063 5415 Quoniam
3088 5364 3215 5402 vero
3236 5350 3356 5404 dies
3378 5350 3469 5405 ille

1855 5436 2095 5491 nomlum
2124 5437 2310 5504 adest,
2339 5453 2436 5508 age
2468 5454 2534 5492 ex
2565 5440 2926 5507 praesentibus
2958 5440 3109 5494 vobis
3144 5442 3471 5497 suadeamus

1856 5531 2059 5584 nullam
2090 5530 2214 5585 inde
2238 5531 2648 5600 praerogativam
2678 5531 2879 5586 assumi
2913 5546 3090 5600 posse.
3120 5532 3253 5587 Nam
3282 5535 3326 5587 si
3350 5535 3465 5589 bel-

1852 5623 1964 5678 lum
1997 5623 2231 5693 ingruat,
2264 5624 2308 5677 si
2334 5623 2536 5689 faunos,
2572 5623 2614 5678 si
2645 5623 2857 5693 quidvis
2882 5624 3024 5678 aliud
3048 5670 3062 5691 ,
3096 5624 3145 5679 hi
3178 5626 3470 5682 nobilitatis

1976 5790 2121 5835 Unus.
2148 5797 2362 5842 errones,
2393 5799 2499 5847 pro,
2524 5784 2781 5835 nummos.

1918 5848 1992 5901 (ιι)
2030 5855 2297 5895 xli-iisuram
2337 5846 2667 5898 tiicubitalcm
2711 5847 2831 5898 solet
2872 5848 3245 5912 (lhrysustmnus
3290 5849 3468 5903 homini

1859 5921 2126 5969 assignare.
