4040 6448
612 486 708 543 571

610 613 843 658 tumores
889 605 1205 652 evanescunt
1237 615 1256 648 ε·
1283 598 1324 649 si
1359 598 1572 649 morbus
1608 597 1855 660 invadat,
1882 596 1925 649 si
1973 595 2134 662 pestis
2156 635 2170 656 .

613 709 714 744 nou
742 689 1010 756 distinguit
1040 687 1254 740 divitem
1285 702 1314 738 a
1344 703 1601 754 paupere.
1633 703 1736 739 non
1781 686 2068 755 gloriosum
2113 686 2180 738 ab

616 783 850 852 inglorio,
880 797 985 834 non
1016 779 1247 834 nobilem
1279 780 1346 833 ab
1375 780 1586 846 ignobili
1615 799 1626 832 :
1659 781 1734 833 sic
1761 790 1812 833 et
1846 780 1895 831 in
1930 790 2100 832 morte
2127 789 2178 831 et

613 876 660 925 in
688 873 804 924 aliis
831 885 1007 924 rerum
1042 868 1417 924 minationibus
1437 911 1450 931 ,
1481 867 1573 923 sed
1609 869 1762 922 simul
1789 868 1964 922 omnia
1993 883 2175 921 omnes

608 961 899 1014 invadunt:
932 971 983 1014 et
1009 962 1054 1015 si
1080 961 1206 1030 quid
1240 962 1429 1014 mirum
1462 960 1640 1014 dicere
1679 961 1863 1024 liceat,
1894 959 2006 1014 haec
2036 960 2144 1013 divi

607 1051 743 1104 tibus
771 1051 937 1117 magis
975 1049 1220 1104 accidunt
1252 1067 1265 1104 :
1293 1059 1490 1119 quanto
1529 1051 1670 1104 enim
1717 1058 1830 1104 haec
1871 1051 2046 1104 minus
2085 1064 2146 1102 cu

607 1155 741 1196 iant.
775 1152 920 1196 tanto
944 1142 1151 1196 facilius
1173 1150 1408 1212 pereunt.
1434 1140 1605 1196 Metus
1625 1151 1800 1196 autem
1822 1142 1957 1211 apud
1983 1142 2169 1195 divites

605 1232 772 1297 major
795 1241 892 1286 est.
928 1234 1057 1286 Nam
1096 1232 1146 1286 hi
1190 1233 1419 1286 maxime
1451 1233 1715 1302 principes
1743 1233 2041 1297 formidant,
2075 1248 2170 1286 nec

602 1325 780 1375 minus
815 1323 893 1376 his
921 1324 1249 1392 principibus
1294 1323 1572 1391 subditos,
1604 1326 1711 1379 imo
1759 1327 1925 1380 multo
1973 1325 2168 1394 magis;

541 1449 552 1459 .
604 1415 856 1482 plurimas
891 1415 1031 1469 enim
1077 1415 1376 1484 hujusmodi
1421 1417 1608 1470 domos
1633 1426 1684 1472 et
1723 1417 1902 1487 populi
1947 1417 2094 1471 furor
2117 1427 2170 1471 et

603 1505 894 1574 principum
944 1505 1102 1560 mina:
1154 1506 1545 1560 subverteruut.
1593 1506 1800 1575 Pauper
1856 1522 1984 1562 vero
2034 1507 2171 1561 inter

600 1605 854 1664 utrosque
880 1593 1070 1651 ﬂuctus
1116 1605 1260 1651 tutus
1303 1599 1428 1668 agit.
1456 1597 1808 1665 Quamobrem
1859 1597 1960 1652 hoc
2005 1597 2169 1652 misso

601 1685 888 1741 nobilitatis
931 1701 1154 1756 genere.
1189 1689 1230 1742 si
1277 1690 1355 1742 vis
1399 1686 1526 1742 mihi
1560 1687 1805 1757 probare,
1849 1697 1900 1743 te
1939 1687 2165 1744 liberum

599 1793 734 1838 esse,
766 1780 987 1833 ostende
1013 1780 1205 1834 anima:
1234 1779 1551 1845 libertatem,
1579 1781 1792 1849 qualem
1824 1779 2002 1836 habuit
2035 1779 2165 1832 bea-

603 1881 684 1922 tus
715 1869 820 1929 ille.
855 1885 1052 1937 panper
1074 1885 1193 1924 cum
1225 1879 1386 1935 esset,
1416 1871 1504 1940 qui
1534 1870 1744 1925 dicebat
1775 1870 1970 1924 Ilerodi
1997 1888 2010 1922 :
2047 1869 2165 1922 Non

597 1962 704 2013 licet
723 1961 809 2013 tibi
826 1961 1002 2014 habere
1019 1979 1220 2016 uxorem
1241 1961 1466 2030 Philippi
1485 1963 1656 2031 fratris
1670 1963 1740 2015 tui
1762 1962 1948 2031 (Marc.
1967 1962 2019 2017 6.
2042 1965 2128 2032 18)
2147 1979 2160 2027 ;

594 2051 800 2114 qualem
832 2051 1013 2105 habuit
1041 2053 1126 2121 qui
1152 2062 1276 2108 aute
1305 2053 1452 2107 illum
1483 2054 1600 2107 talis
1625 2064 1760 2114 erat,
1789 2063 1840 2108 et
1873 2063 1990 2122 post
2015 2054 2160 2107 illum

595 2141 710 2193 t-dis
740 2141 946 2196 futurus
982 2151 1084 2204 cst,
1117 2144 1204 2212 qui
1241 2143 1451 2198 dicebat
1487 2145 1739 2198 Acltabo:
1775 2144 1892 2197 Non
1931 2160 2020 2211 ego
2049 2160 2159 2208 per-

590 2241 723 2282 verto
751 2230 1010 2293 lsrnelent,
1037 2231 1126 2284 sed
1154 2243 1206 2285 tu
1242 2242 1287 2284 et
1314 2232 1490 2286 donius
1517 2234 1673 2301 patris
1697 2233 1770 2288 tui
1801 2233 1877 2302 (5.
1910 2233 2036 2300 Reg.
2076 2232 2156 2287 l8.

594 2325 676 2384 τε)
700 2341 713 2385 ;
745 2325 952 2390 qualem
979 2324 1206 2378 habuere
1235 2324 1530 2393 pmphetze,
1557 2324 1766 2393 qualem
1793 2325 2016 2394 apostoli
2044 2339 2156 2378 0m-

552 2404 555 2405 ⁷
589 2431 700 2465 nes.
733 2413 836 2467 Sed
868 2430 970 2466 non
1016 2415 1146 2467 tales
1175 2423 1295 2467 sunt
1328 2414 1548 2468 divitum
1589 2415 1814 2476 animat;
1858 2416 1964 2468 imo
1990 2415 2156 2467 instar

587 2520 765 2555 eorum
793 2513 915 2558 sunt
950 2506 1038 2573 qui
1073 2505 1303 2558 millenis
1327 2505 1600 2573 subiacent
1635 2505 1931 2574 paulagogis
1952 2515 2002 2556 et
2033 2519 2152 2558 cara

587 2594 845 2651 nilicibus.
878 2595 954 2647 sic
985 2609 1154 2662 neque
1182 2594 1365 2648 oculos
1395 2594 1650 2648 extollere
1679 2595 1893 2656 audent,
1930 2610 2026 2647 nec
2059 2609 2153 2662 pro

584 2685 775 2736 virtute
798 2683 961 2737 libere
988 2699 1163 2753 agerc.
1191 2683 1320 2738 Nam
1348 2684 1686 2752 pecuniarum
1713 2684 1994 2752 cupiditas,
2025 2701 2153 2739 uec-

585 2789 686 2827 non
714 2775 895 2841 glorise
922 2775 1248 2845 aliarumque
1288 2790 1488 2841 rerum,
1535 2785 1792 2830 terrorem
1839 2778 1968 2847 ipsis
2011 2777 2146 2830 infe.

581 2873 720 2923 runt,
746 2880 804 2916 ae.
834 2879 1016 2918 servos
1040 2864 1451 2934 adulatorcsque
1471 2867 1717 2920 reddunt.
1749 2867 1888 2922 Nihil
1911 2869 2051 2921 enim
2079 2868 2148 2920 ita

581 2953 876 3008 libertatem
903 2953 1058 3016 tollit,
1087 2964 1142 3008 ttt
1166 2957 1510 3010 szecularibus
1538 2958 1796 3025 implicari
1829 2959 2068 3026 negotiis.
2092 2966 2148 3012 et

578 3044 640 3096 iis
679 3059 796 3111 quae
845 3044 1094 3111 pra-clara
1139 3060 1260 3098 esse
1289 3046 1534 3100 videntur
1577 3047 1913 3102 circumdari.
1963 3049 2145 3119 Neque

570 3137 712 3190 enim
741 3139 827 3190 uni
859 3138 1076 3191 domino
1097 3137 1148 3192 hi
1177 3138 1370 3192 subditi
1398 3148 1540 3204 sunt,
1570 3141 1647 3192 vel
1678 3139 1903 3205 duobus,
1936 3142 2018 3195 vel
2048 3141 2142 3195 tri-

573 3231 690 3293 bus,
723 3229 814 3281 sed
849 3230 1099 3284 millenis.
1129 3230 1273 3296 Quos
1299 3231 1342 3285 si
1377 3231 1578 3299 placeat
1605 3248 1938 3298 enumerare,
1971 3233 2108 3288 addu

571 3334 751 3372 camus
779 3322 827 3372 in
860 3319 1089 3373 medium
1111 3321 1411 3390 quempiam
1438 3336 1622 3376 eorum
1646 3325 1730 3390 qui
1762 3323 1812 3376 in
1845 3325 1983 3393 regia
2009 3341 2144 3392 prte-

571 3410 697 3464 clari
749 3411 1088 3482 insignesque
1141 3422 1295 3478 sunt;
1348 3413 1453 3467 sint
1505 3415 1577 3468 illi
1635 3417 1870 3483 pecunia:
1924 3417 2138 3478 multae.

574 3502 803 3567 potentia
836 3515 1047 3570 magna,
1081 3503 1260 3571 patria:
1288 3503 1567 3571 splendor,
1596 3506 1676 3558 avi
1711 3506 1976 3569 illustres,
2009 3522 2132 3560 ocu-

568 3593 751 3660 losque
771 3593 1005 3646 omnium
1030 3591 1094 3645 ad
1124 3607 1182 3647 se
1202 3593 1486 3662 pertrahat.
1515 3595 1795 3649 Videamus
1816 3612 1942 3665 ergo
1961 3613 2138 3650 annon

567 3683 653 3735 ille
684 3683 920 3737 ninnium
951 3693 1222 3738 servorum
1253 3685 1641 3753 abjeetissimus
1662 3687 1729 3739 sit
1763 3705 1775 3739 :
1803 3702 2138 3756 opponantus

565 3774 664 3840 ipsi
695 3789 797 3828 non
823 3775 984 3830 modo
1003 3791 1234 3840 servum,
1263 3776 1355 3830 scd
1381 3778 1519 3832 servi
1542 3792 1753 3832 servum
1775 3795 1787 3840 ;
1818 3779 1965 3832 multi
1990 3796 2137 3833 nam-

565 3881 668 3932 que
713 3865 1122 3920 domesticorum
1172 3882 1355 3923 servos
1387 3868 1599 3922 habent.
1645 3869 1738 3923 llic
1763 3880 1910 3925 certe
1950 3886 2134 3925 serv-us

566 3955 725 4020 servi,
755 3971 919 4009 untun
951 3956 1109 4010 habet
1138 3957 1348 4012 hermn.
1374 3957 1509 4023 Quid
1537 3975 1678 4013 etum
1719 3959 1908 4024 refert,
1939 3961 1985 4014 si
2027 3977 2132 4014 non

567 4045 700 4100 liber
727 4046 798 4099 sit
832 4044 1025 4100 herus?
1055 4045 1224 4101 Unum
1251 4056 1427 4102 tamen
1459 4048 1647 4113 habet,
1679 4059 1732 4105 et
1759 4051 1884 4119 quid
1920 4050 1993 4106 illi
2023 4051 2133 4120 pla-

559 4145 678 4192 ceat
713 4136 962 4192 observat
990 4147 1212 4193 tantum.
1244 4139 1392 4195 Licet
1428 4142 1572 4196 enim
1609 4141 1854 4197 doiuituts
1886 4143 1998 4198 heri
2049 4145 2130 4199 sui

567 4227 799 4282 videatur
822 4228 922 4282 sibi
964 4229 1247 4298 imperare,
1280 4231 1366 4284 ille
1403 4241 1579 4285 tamen
1608 4235 1695 4286 uni
1739 4241 1941 4287 tantum
1972 4235 2131 4290 obse-

559 4317 740 4384 quitur
770 4325 860 4371 :et
891 4317 934 4370 si
969 4333 1056 4371 res
1081 4317 1196 4386 ejus
1221 4319 1358 4373 bene
1386 4319 1634 4383 habeant,
1663 4324 1946 4392 tranquille
1969 4333 2131 4378 totam

559 4419 679 4476 aget
707 4409 888 4462 vitam.
919 4408 990 4462 At
1017 4409 1165 4463 dives
1193 4409 1276 4463 hic
1303 4425 1406 4464 non
1435 4427 1597 4464 unttm
1626 4422 1828 4468 tantum
1859 4416 1942 4468 vel
1973 4413 2128 4480 duos,

558 4497 652 4552 sed
688 4498 950 4567 plurimos
989 4510 1040 4554 et
1084 4501 1317 4554 acriores
1348 4501 1510 4556 habet
1535 4503 1779 4559 dominos
1820 4524 1831 4560 :
1870 4523 1930 4561 ac
1961 4510 2131 4577 primo

559 4588 728 4656 ipsum
757 4603 935 4658 regem
966 4590 1189 4646 sollicite
1213 4603 1382 4647 curat.
1413 4594 1640 4663 Non'par
1658 4607 1739 4651 est
1767 4609 1944 4652 autem
1972 4601 2128 4654 vilem

561 4678 756 4732 habere
781 4672 1072 4746 dominum,
1099 4691 1186 4736 aut
1211 4698 1388 4752 regem
1422 4686 1614 4754 ipsttm,
1644 4691 1732 4758 qui
1765 4691 1945 4746 multis
1987 4693 2131 4744 insu-

558 4769 892 4822 surrantibus
917 4785 1072 4824 aures
1093 4773 1310 4841 praebet,
1342 4784 1397 4829 et
1436 4792 1576 4832 nunc
1603 4777 1716 4841 his,
1752 4796 1890 4834 nunc
1918 4782 2022 4836 illis
2054 4785 2127 4833 fa.

559 4867 668 4911 vet.
704 4857 801 4911 llic
830 4859 1035 4913 etiamsi
1066 4863 1258 4918 nullius
1279 4867 1400 4920 mali
1425 4868 1525 4922 sibi
1551 4872 1798 4923 conscius
1827 4872 1914 4938 sit,
1943 4888 2130 4928 omnes

556 4957 834 5017 suspectos
877 4949 1056 5014 habet,
1089 4959 1196 5006 tam
1233 4956 1412 5010 socios
1456 4958 1508 5012 in
1554 4961 1738 5015 militia
1778 4973 1832 5016 et
1858 4967 2127 5033 aequales,

554 5052 712 5104 quam
751 5037 1013 5104 subditos,
1046 5044 1245 5097 amicos
1275 5056 1327 5099 et
1356 5048 1616 5106 inimicos.
1645 5055 1713 5106 At
1733 5095 1747 5119 ,
1789 5053 2015 5124 inquies,
2045 5057 2129 5112 hic

555 5144 771 5198 quoque
818 5129 1004 5185 herum
1052 5147 1204 5188 suum
1235 5137 1401 5191 timet.
1452 5139 1555 5195 Sed
1602 5158 1724 5196 nlllll
1769 5160 1862 5214 par
1899 5163 1985 5202 res
2023 5159 2123 5212 est,

553 5232 717 5271 unum
753 5229 844 5273 aut
885 5222 1080 5275 multos
1109 5222 1306 5280 habere
1343 5243 1479 5297 quos
1517 5231 1742 5286 timeas?
1773 5234 1884 5288 lmo
1919 5253 2046 5291 vero
2082 5240 2126 5293 si

553 5309 671 5377 quis
702 5325 813 5364 rem
839 5323 1085 5367 accurate
1115 5318 1402 5384 examinet,
1437 5321 1540 5383 hic,
1569 5339 1673 5391 quo
1697 5325 1765 5380 de
1789 5328 2026 5397 agimus,
2061 5348 2129 5386 ne.

556 5415 714 5451 unum
741 5400 952 5469 quidem
980 5403 1138 5459 habet
1164 5406 1458 5464 dominum.
1483 5412 1780 5482 Quomodo,
1805 5421 1885 5473 vel
1913 5437 2014 5490 qua
2042 5439 2099 5478 ra

554 5490 736 5543 tione?
777 5490 925 5546 llunc
952 5511 1109 5550 nemo
1146 5499 1290 5568 cupit
1320 5516 1385 5555 ex
1412 5505 1666 5560 servitute
1695 5508 1908 5575 ejicere,
1942 5527 2004 5566 ac
2041 5530 2123 5569 se-

554 5590 725 5648 lpsum
762 5581 815 5635 iu
840 5582 952 5651 ejus
981 5586 1150 5641 locum
1174 5591 1635 5665 intruderc,quare
1667 5601 1930 5655 neminem
1963 5605 2014 5659 in
2043 5607 2126 5663 his

554 5674 650 5725 sibi
681 5674 1018 5729 insidiantem
1051 5679 1245 5736 habet:
1281 5684 1383 5737 illis
1411 5702 1537 5740 vero
1559 5690 1699 5742 nulla
1727 5693 1827 5744 alia
1856 5710 1982 5749 cura
2010 5707 2090 5752 est
2110 5741 2123 5760 ,

554 5780 710 5828 quam
741 5775 794 5817 ut
821 5782 942 5818 eum
967 5769 1053 5835 qui
1083 5773 1310 5830 maxime
1335 5780 1654 5848 conspicuus
1679 5784 1768 5847 sit,
1793 5793 1846 5838 et
1875 5789 2040 5857 magis
2061 5792 2126 5844 ab

558 5864 850 5923 tmperante
875 5857 1148 5931 diligatur,
1179 5866 1488 5935 deturbem;
1518 5886 1839 5943 quapmpter
1878 5881 2124 5936 omnibus

1376 488 1430 537 3.
1473 485 1748 539 JOANNIS
1785 479 2253 538 CIIRYSOSTOMI
2294 481 2612 536 AltClllLP.
2652 481 3189 546 CONSTANTINOP,

3768 484 3878 538 επ

2291 592 2493 646 adulari
2533 608 2752 650 necesse
2779 603 2879 658 est,
2913 595 3222 664 majoribus,
3255 597 3491 666 paribus,
3529 597 3738 652 amicis.
3770 596 3875 655 Ubi

2279 685 2418 738 enim
2439 684 2630 737 invidia
2654 698 2705 739 et
2728 686 2910 755 gloriae
2937 703 3092 740 amor
3112 697 3212 750 est,
3238 703 3341 740 non
3365 687 3572 742 sincera
3599 691 3874 758 reperitur

2281 775 2532 829 amicitia.
2561 774 2691 828 Nam
2723 776 2856 829 sicut
2885 775 3122 845 ejusdem
3159 777 3288 830 artis
3328 777 3544 848 opiﬁces
3571 795 3870 847 numquam

2281 879 2340 918 se
2371 876 2553 920 mutuo
2577 867 2784 922 sincere
2811 868 3055 936 diligunt,
3086 869 3163 922 sic
3187 885 3284 924 nec
3305 869 3338 922 ii
3368 871 3456 939 qui
3483 872 3593 940 pari
3621 881 3748 926 sunt
3771 872 3872 925 ho-

2281 969 2437 1018 nore,
2470 971 2567 1009 nec
2596 957 2628 1009 ii
2659 958 2747 1025 qui
2781 957 2832 1010 in
2861 957 3208 1013 smeularibus
3248 959 3406 1016 rebus
3436 960 3622 1014 eadem
3655 972 3870 1020 amant.

2277 1044 2636 1109 Quamobrem
2667 1046 2862 1101 bellum
2900 1050 3042 1102 intus
3085 1049 3307 1104 multum
3340 1060 3442 1105 est.
3489 1051 3732 1107 Vidistin’
3763 1055 3850 1107 do-

2278 1136 2540 1188 minorum
2562 1177 2575 1198 ,
2609 1152 2899 1203 eorumque
2939 1140 3374 1209 gravissimorum
3418 1141 3602 1211 ingens
3627 1145 3868 1212 agmen?

2281 1226 2368 1281 Vis
2388 1228 2528 1282 aliud
2551 1232 2760 1298 gravius
2779 1231 3098 1285 all‘eramus?
3119 1232 3388 1301 Quotquot
3405 1244 3523 1302 post
3545 1235 3690 1288 illum
3709 1251 3864 1301 sum,

2274 1329 2399 1373 ante
2427 1321 2576 1374 illum
2609 1337 2727 1376 esse
2758 1323 2999 1379 student:
3029 1325 3065 1377 ii
3107 1324 3196 1392 qui
3226 1337 3349 1378 ante
3384 1326 3560 1388 illum,
3595 1337 3866 1384 conantur

2277 1411 2530 1480 impedire
2544 1415 2823 1478 quominus
2835 1415 2916 1469 vel
2927 1416 3070 1484 juxta
3086 1431 3144 1469 se
3161 1418 3238 1470 vel
3254 1418 3389 1471 ultra
3402 1419 3558 1472 etiam
3579 1421 3858 1488 procedat.

2344 1488 2396 1556 5.
2443 1501 2570 1566 Sed,
2597 1518 2631 1557 ο
2661 1520 2772 1558 rem
2822 1507 3052 1561 miram!
3095 1521 3194 1576 ego
3241 1509 3586 1577 promiseram
3633 1523 3720 1564 me
3761 1511 3861 1564 do-

2273 1593 2447 1646 minos
2475 1602 2812 1648 ostensurum
2843 1610 2994 1660 esse,
3020 1596 3114 1651 sed
3139 1597 3272 1650 ultra
3301 1597 3597 1666 procedens
3624 1608 3856 1653 conten-

2271 1681 2510 1753 densque
2547 1699 2725 1738 sermo
2771 1685 2890 1755 plus
2929 1701 3085 1754 quam
3123 1689 3466 1755 promiseram
3512 1689 3707 1754 effecit,
3748 1690 3855 1744 ini-

2271 1772 2437 1826 micos
2463 1789 2561 1842 pro
2577 1774 2805 1830 dominis
2826 1776 3135 1837 ostendens.
3165 1777 3269 1830 luto
3287 1778 3504 1832 eosdem
3524 1789 3577 1833 et
3605 1780 3856 1835 inimicos

2267 1871 2320 1915 et
2367 1863 2648 1920 dominos:
2707 1882 2826 1919 nam
2876 1876 2933 1920 ttt
2980 1867 3178 1921 domini
3231 1868 3526 1932 coluntur;
3583 1869 3851 1925 terribiles

2268 1949 2440 2008 auiem
2486 1963 2656 2019 sunt,
2708 1966 2766 2010 ut
2818 1957 3056 2022 inimici;
3111 1969 3165 2013 et
3217 1958 3435 2013 insidias
3487 1970 3742 2024 struunt,
3798 1971 3855 2014 ut

2269 2043 2465 2099 hostes.
2525 2047 2654 2100 Cum
2709 2064 2836 2102 vero
2873 2051 2991 2119 quis
3038 2051 3158 2103 illos
3207 2051 3364 2104 habet
3403 2061 3457 2106 et
3495 2053 3743 2105 tlnttlittos
3797 2067 3852 2107 et

2265 2137 2536 2195 inimicus,
2568 2138 2692 2209 quid
2736 2139 2835 2195 hac
2878 2141 3180 2194 calamitate
3221 2142 3371 2210 pejus
3423 2141 3620 2195 fuerit?
3649 2143 3853 2197 Servus

2262 2227 2360 2278 etsi
2389 2227 2511 2296 quid
2538 2230 2585 2282 ei
2618 2231 2976 2298 pra-cipiatur,
3004 2240 3236 2285 attamen
3271 2233 3643 2299 imperantium
3673 2245 3722 2285 et
3758 2249 3852 2302 pa-

2263 2320 2486 2372 trocinio
2531 2329 2584 2373 ct
2633 2321 3001 2376 benevolentia
3042 2323 3236 2391 gaudet
3284 2342 3296 2375 :
3351 2323 3400 2375 lti
3445 2337 3622 2378 autem
3665 2335 3720 2378 et
3758 2327 3851 2394 jn-

2261 2410 2448 2461 bentur
2476 2421 2528 2462 et
2557 2411 2956 2480 impugnantur,
2984 2424 3233 2482 stantque
3262 2413 3349 2467 alii
3380 2425 3565 2466 contra
3593 2415 3766 2478 alzos;
3797 2425 3849 2470 et

2259 2513 2324 2555 eo
2371 2501 2727 2568 acriusquam
2777 2503 2807 2554 ii
2841 2503 2928 2572 qui
2972 2515 3159 2570 aperto
3206 2513 3376 2558 marte
3425 2513 3698 2571 pugnant:
3739 2523 3850 2574 quo

2259 2587 2307 2639 «ιι
2329 2607 2394 2640 nu
2422 2590 2760 2654 eonfotliunt,
2791 2601 2845 2646 et
2873 2593 2972 2645 sub
3001 2593 3292 2648 amicorum
3337 2595 3477 2648 larva
3498 2637 3512 2657 ,
3550 2597 3703 2662 quasi
3745 2599 3844 2648 ho-

2257 2687 2366 2731 stes
2394 2681 2790 2746 aggrediuntur,
2826 2696 2888 2736 ac
2917 2681 2984 2736 de
3008 2683 3230 2735 aliorum
3260 2699 3404 2751 saepe
3443 2685 3847 2740 calamitatibus

2255 2769 2356 2822 sibi
2400 2773 2749 2838 gratulantur.
2797 2772 2990 2826 Verum
3028 2785 3210 2828 nostra
3243 2791 3348 2828 non
3392 2777 3458 2829 ita
3504 2794 3561 2829 se
3591 2777 3790 2832 habent
3829 2798 3841 2830 :

2255 2879 2372 2915 nam
2403 2865 2444 2916 si
2476 2866 2592 2933 quis
2627 2865 2763 2920 male
2791 2877 2946 2936 agat,
2980 2868 3130 2921 multi
3160 2881 3278 2922 sunt
3320 2871 3407 2936 qui
3439 2870 3720 2923 comlnlent
3747 2889 3758 2930 ;
3797 2877 3842 2924 sl

2251 2969 2362 3006 rem
2391 2955 2523 3008 bene
2551 2958 2794 3021 gesserit,
2828 2957 2974 3010 ntttlti
3003 2958 3361 3025 congaudent,
3387 2959 3679 3013 secundum
3775 2977 3840 3012 o-

2249 3045 2442 3096 stolnm
2475 3064 2485 3097 :
2515 3045 2635 3100 Sive
2670 3063 2823 3099 unum
2865 3048 3139 3101 "remorunt
3177 3051 3427 3117 patiatur,
3460 3055 3843 3121 compatiuntur

2247 3135 2349 3186 alia
2375 3135 2594 3187 membra
2617 3150 2634 3196 ,'
2656 3136 2757 3188 sive
2777 3154 2931 3188 unum
2955 3137 3226 3191 membrum
3250 3140 3583 3208 gloriﬁcatur,
3611 3159 3838 3210 congau-

2247 3223 2362 3275 dent
2390 3225 2558 3276 omnia
2581 3226 2803 3279 membro
2828 3227 2902 3295 (l.
2935 3227 3053 3281 Cor.
3089 3229 3173 3282 l2.
3206 3229 3318 3298 26).
3354 3229 3418 3283 Et
3448 3246 3585 3283 uttnc
3616 3234 3834 3300 quidem

2247 3314 2476 3379 dicebat,
2510 3317 2596 3383 qui
2623 3317 2733 3368 lnec
2760 3316 3016 3371 admonet
3049 3336 3060 3368 τ
3094 3319 3220 3382 Qui:
3248 3321 3369 3372 mihi
3404 3337 3516 3389 spes
3542 3325 3617 3376 vel
3656 3324 3836 3378 [milia

2246 3405 2352 3457 est?
2375 3422 2543 3458 annon
2563 3422 2647 3459 vos
2666 3409 2738 3476 (l.
2765 3407 2942 3460 Thess.
2969 3409 3022 3462 2.
3056 3409 3182 3472 19)?
3209 3426 3346 3462 nunc
3372 3427 3518 3474 vero,
3543 3412 3677 3478 Quin
3698 3431 3836 3466 nunc

2244 3495 2472 3561 vivimus,
2499 3497 2542 3549 si
2567 3511 2650 3548 vos
2673 3502 2815 3550 statis
2841 3501 2890 3551 in
2922 3499 3134 3553 Domino
3158 3503 3174 3568 (
3191 3505 3202 3553 l
3220 3542 3232 3552 .
3258 3499 3433 3554 Thess.
3462 3503 3515 3558 5.
3547 3503 3604 3571 8)
3629 3521 3642 3566 ;
3669 3505 3833 3559 modo

2244 3596 2441 3649 autent,
2471 3585 2553 3639 Ex
2573 3589 2729 3639 multa
2753 3590 3072 3643 tribulatione
3097 3604 3140 3645 et
3159 3594 3472 3646 contentione
3497 3597 3664 3648 cordis
3692 3599 3832 3652 rubis

2241 3675 2418 3743 scripsi
2443 3675 2521 3744 (2.
2563 3675 2682 3730 Cor.
2714 3678 2767 3730 2.
2792 3678 2882 3747 4);
2916 3689 2988 3742 et,
3030 3679 3154 3745 Quis
3184 3682 3469 3749 inﬁrmatur
3487 3725 3503 3750 ,
3531 3695 3577 3737 ct
3606 3701 3699 3754 ego
3727 3705 3830 3739 non

2240 3763 2472 3828 inﬁrmor
2495 3766 2520 3818 1'
2544 3767 2656 3830 quis
2683 3770 3061 3823 scandalizatur
3081 3814 3096 3836 ,
3120 3781 3166 3824 ct
3194 3788 3282 3841 ego
3312 3790 3412 3825 non
3443 3791 3566 3828 uror
3596 3776 3672 3843 (2.
3704 3776 3826 3830 Cor.

2241 3855 2325 3906 ll.
2357 3853 2487 3926 18-)?
2526 3855 2635 3910 Cur
2659 3872 2787 3926 ergo
2812 3859 2987 3915 adlmc
3021 3872 3386 3931 tempestatem
3416 3867 3744 3928 sustinemus
3771 3880 3828 3922 et

2239 3948 2535 4001 exteriores
2579 3947 2792 4015 ﬂuctus,
2838 3963 2892 4006 et
2922 3968 3025 4006 non
3065 3955 3329 4009 currimus
3367 3955 3432 4009 ad
3480 3959 3825 4028 tranquillum

2240 4035 2380 4090 hunc
2422 4046 2632 4106 portum
2653 4079 2668 4104 ,
2701 4054 2763 4094 ac
2795 4040 3054 4095 bonorum
3098 4045 3402 4100 nominibus
3446 4049 3684 4113 omissis,
3717 4064 3826 4103 non

2237 4129 2301 4181 ad
2345 4145 2428 4182 res
2467 4129 2628 4184 hasce
2674 4134 3059 4202 pr0peramus?
3097 4134 3276 4189 Gloria
3303 4137 3446 4190 enim
3482 4148 3532 4190 et
3563 4140 3824 4206 potentia,

2235 4221 2435 4276 divitiae
2465 4232 2520 4278 et
2546 4223 2818 4290 nobilitas,
2851 4235 2903 4280 et
2932 4227 3013 4280 bis
3041 4228 3259 4294 similia,
3292 4230 3504 4283 nomina
3532 4241 3655 4284 sunt
3683 4233 3825 4301 apud

2239 4312 2417 4380 ipsos,
2462 4326 2551 4366 res
2576 4320 2753 4367 autem
2794 4316 2932 4383 apud
2978 4332 3104 4383 nos;
3133 4319 3583 4388 quemadmodum
3629 4333 3684 4376 et
3723 4325 3824 4376 tri-

2238 4402 2378 4455 stitia
2399 4441 2414 4466 ,
2446 4417 2592 4457 mors
2621 4413 2675 4457 et
2722 4404 3007 4473 ignominia
3029 4449 3044 4472 ,
3075 4418 3126 4461 et
3163 4419 3466 4477 paupertas,
3508 4421 3562 4465 et
3590 4412 3782 4466 similia
3805 4455 3821 4477 ,

2238 4495 2447 4547 nomina
2479 4506 2602 4549 sunt
2635 4496 2772 4565 apud
2801 4513 2927 4561 nos,
2960 4515 3045 4552 res
3070 4501 3208 4570 apud
3249 4503 3386 4557 illos.
3421 4505 3495 4557 Ac
3526 4505 3568 4557 si
3613 4507 3819 4575 placet,

2234 4584 2455 4654 gloriam
2487 4589 2659 4655 primo
2687 4590 2737 4642 in
2767 4591 2997 4645 medium
3022 4593 3366 4660 adducamus,
3393 4614 3510 4665 qua:
3535 4599 3674 4667 apud
3701 4600 3822 4654 illos

2235 4677 2480 4743 optabilis
2504 4677 2748 4733 habetur.
2780 4682 2905 4734 Eam
2935 4700 3040 4738 non
3064 4684 3185 4738 dico
3207 4702 3310 4740 non
3337 4688 3644 4743 diuturnam
3671 4706 3816 4756 esse,

2237 4782 2334 4820 nec
2361 4768 2468 4821 cito
2508 4773 2808 4840 exstingui;
2842 4775 2932 4827 sed
2977 4791 3096 4829 cum
3127 4780 3354 4834 maxime
3383 4781 3563 4847 ﬂoret,
3592 4785 3820 4840 ostende

2235 4857 2363 4911 mihi
2397 4861 2538 4914 illaut
2569 4879 2581 4914 :
2617 4880 2680 4917 ne
2701 4864 2912 4920 auferas
2944 4866 3017 4921 illi
3051 4868 3228 4924 fucum
3261 4873 3701 4943 meretriciaSque
3734 4878 3818 4946 pi-

2233 4961 2443 5016 cturas;
2473 4953 2563 5006 sed
2592 4967 2831 5009 ornatam
2864 4973 2961 5027 age
3006 4960 3057 5012 in
3087 4962 3318 5016 medium
3351 4973 3405 5018 et
3444 4976 3684 5021 monstra
3717 4985 3815 5021 no—

2235 5041 2314 5092 bis
2334 5083 2348 5105 ,
2375 5051 2432 5095 ut
2461 5043 2760 5100 deformem
2792 5048 2935 5102 illam
2965 5065 3084 5104 esse
3113 5054 3354 5121 probem.
3389 5054 3638 5112 Habitum
3671 5052 3818 5114 certe

2232 5132 2407 5197 dices,
2447 5144 2498 5188 et
2529 5135 2771 5190 lictorum
2809 5140 3200 5197 multitudinem
3225 5183 3238 5204 ,
3271 5149 3536 5214 praeconis
3579 5165 3770 5205 vocem
3800 5192 3815 5214 ,

2233 5222 2496 5277 audientis
2518 5227 2694 5294 populi
2727 5229 2947 5293 turbam,
2972 5232 3239 5288 silentium
3263 5237 3402 5304 apud
3422 5239 3620 5294 multos
3639 5282 3655 5305 ,
3687 5257 3816 5309 pro-

2233 5313 2351 5381 pius
2397 5316 2765 5372 accedentium
2826 5322 3232 5387 percussiones,
3284 5331 3644 5394 spectaculum
3700 5347 3812 5386 0m-

2233 5407 2388 5462 nibus
2407 5423 2546 5465 esse.
2574 5411 2765 5465 Annon
2790 5411 2901 5466 hzec
2930 5416 3203 5482 splendida
3234 5418 3528 5474 habentur?
3551 5423 3663 5492 Age
3684 5439 3813 5478 exa-

2234 5493 2498 5552 minemtis
2520 5538 2534 5562 ,
2565 5515 2690 5553 unm
2726 5500 2838 5556 haec
2866 5519 3259 5571 supervacanea
3288 5510 3415 5574 sint,
3445 5526 3570 5565 num
3604 5513 3657 5566 in
3683 5530 3811 5570 van:

2231 5587 2402 5642 solum
2427 5589 2677 5658 opinione
2717 5594 2906 5661 posita.
2941 5595 3070 5648 Nam
3100 5599 3150 5650 in
3192 5613 3297 5668 quo
3326 5601 3412 5654 ille
3449 5603 3515 5654 ab
3559 5603 3642 5659 his
3683 5623 3812 5674 prm-

2233 5678 2457 5733 stantior
2485 5681 2723 5737 redditur
2745 5698 2833 5738 aut
2856 5702 3080 5754 corpore
3103 5701 3192 5742 aut
3217 5691 3434 5748 anima?
3461 5694 3540 5749 Ex
3568 5697 3649 5748 his
3676 5702 3811 5753 enim

2232 5770 2391 5824 homo
2419 5782 2645 5828 constat.
2681 5775 2814 5830 Num
2849 5779 2971 5834 hinc
2999 5781 3169 5850 major
3197 5793 3397 5839 statura
3429 5786 3524 5840 lit?
3553 5804 3681 5843 num
3717 5792 3817 5843 lor-

2231 5863 2372 5918 tior?
2397 5882 2520 5920 num
2566 5868 2839 5924 velocior?
2879 5889 3004 5927 num
3037 5875 3156 5930 ideo
3185 5892 3372 5933 sensus
3418 5880 3578 5936 habet
3613 5885 3812 5938 acutius
