4040 6426
278 426 345 481 73
1161 417 1225 475 IN
1267 415 1679 474 DIATTIIIEUM
1723 415 1945 474 IIOMIL
1995 408 2135 466 LIX.
2172 411 2245 465 al.
2279 410 2389 465 LX.

242 543 374 593 ius?
398 537 501 593 Sed
534 552 693 591 nemo
723 539 835 588 lucc
860 533 1075 588 dixerit.
1108 532 1380 587 Adeamus
1404 531 1673 594 animam,
1707 544 1833 584 num

245 629 470 683 intasse
496 627 623 697 quid
657 625 726 680 ibi
766 624 897 679 lucri
928 622 1418 692 deprehendamus.
1445 621 1582 689 Quid
1624 621 1836 689 igitur?

248 733 313 770 aa
352 717 749 779 continentior,
776 731 842 768 an
872 714 1186 779 modestior,
1226 729 1294 767 an
1340 711 1657 781 prudentior
1686 726 1715 763 a
1745 712 1835 764 tali

245 814 388 863 culu
414 806 605 862 evadet
632 807 758 860 ille?
788 805 1153 874 Nequaquam,
1188 804 1296 855 imo
1326 801 1657 855 contrarium
1684 816 1838 869 pror-

244 912 341 949 sus
364 897 587 952 accidet.
612 896 729 950 Non
760 897 901 950 enim
924 896 1067 964 quod
1098 897 1150 947 in
1172 909 1401 962 corpore
1420 935 1437 957 ,
1462 892 1512 946 id
1546 894 1718 960 ipsum
1752 890 1838 945 hic

245 989 445 1041 evenit.
492 987 569 1041 lbi
600 988 741 1042 enim
774 987 916 1041 nulla
956 990 1169 1055 corpori
1217 986 1562 1054 perfectionis
1599 982 1837 1037 accessio

249 1079 342 1141 tit;
374 1075 454 1134 hic
482 1093 611 1133 vero
640 1093 745 1133 non
778 1078 828 1132 id
860 1079 1033 1133 solum
1062 1078 1188 1131 mali
1218 1076 1556 1139 observatur,
1581 1072 1725 1144 quod
1752 1069 1836 1126 iii-

250 1167 328 1220 hil
361 1167 485 1220 boni
508 1168 780 1235 lucretur,
820 1167 914 1223 sed
944 1166 1087 1236 quod
1119 1166 1409 1235 nequitiam
1451 1163 1577 1218 inde
1614 1163 1836 1217 multam

242 1256 490 1325 acquirat
512 1259 725 1323 anima;
757 1273 878 1311 nam
910 1258 964 1311 in
992 1256 1380 1326 arrogantiam,
1413 1255 1465 1310 in
1495 1269 1686 1309 vanam
1715 1254 1835 1323 glo-

244 1346 404 1411 riam,
430 1346 483 1400 in
512 1345 788 1410 insaniam,
822 1348 873 1401 in
905 1348 1058 1409 iram,
1093 1356 1147 1401 et
1169 1347 1221 1400 in
1246 1345 1392 1400 mille
1416 1345 1541 1400 vitia
1572 1344 1835 1400 defertur.

243 1437 337 1500 At,
370 1436 594 1506 inquies,
620 1421 1098 1507 gaudet,‘l{etatur,
1123 1437 1174 1489 in
1202 1436 1391 1506 hisque
1420 1435 1701 1504 gloriatur.
1730 1434 1840 1489 Ma-

144 1513 153 1521 ’
247 1528 424 1581 lorum
454 1527 805 1596 (clephonem
844 1528 973 1582 mihi
1004 1528 1160 1593 dicis,
1194 1528 1502 1595 malumque
1547 1526 1839 1581 incumbite

245 1634 392 1675 esse.
422 1618 554 1679 Nam
595 1622 680 1689 qui
708 1622 760 1675 in
804 1622 885 1675 his
926 1620 1171 1685 laetatur,
1199 1635 1229 1673 a
1258 1619 1519 1673 malorum
1561 1633 1719 1672 causa
1750 1619 1839 1672 vix

245 1711 501 1765 recedere
532 1710 692 1776 velit,
721 1711 816 1766 sed
860 1727 954 1780 per
984 1711 1307 1778 voluptatem
1339 1710 1477 1765 viam
1515 1710 1617 1765 sibi
1638 1710 1704 1763 ad
1745 1725 1839 1763 cn-

245 1801 509 1855 rationem
536 1802 819 1856 obstruxit.
858 1801 1039 1870 Itaque
1074 1802 1201 1855 illud
1235 1802 1465 1854 maxime
1492 1799 1689 1853 malum
1721 1809 1835 1863 est,

243 1890 389 1959 quod
418 1890 486 1945 de
518 1890 850 1947 incremento
888 1892 1151 1946 malorum
1191 1906 1297 1944 non
1324 1890 1524 1954 doleat,
1556 1889 1665 1943 imo
1704 1905 1838 1958 gau-

244 1982 389 2034 deat.
410 1980 656 2037 Gaudere
676 1982 817 2036 enim
842 1997 946 2035 non
967 1995 1181 2053 semper
1202 1981 1400 2035 bonum
1427 1991 1541 2042 est;
1567 1995 1687 2034 nam
1714 1994 1841 2050 gau-

244 2071 377 2124 dent
417 2056 561 2127 fures
590 2087 713 2127 cum
759 2072 1034 2139 furantur,
1066 2082 1122 2127 et
1149 2071 1391 2127 inachus
1433 2064 1555 2125 cum
1602 2072 1837 2124 alienum

246 2171 423 2215 torutn
448 2161 714 2230 detnrpat,
743 2176 935 2216 avarus
964 2177 1087 2217 cum
1110 2162 1270 2232 rapit,
1302 2161 1565 2215 homicida
1592 2175 1714 2214 eum
1743 2175 1837 2215 oe-

244 2252 394 2306 cidit.
423 2252 502 2307 Ne
533 2254 881 2324 respiciamus
910 2255 1070 2324 igitur
1094 2270 1162 2308 an
1190 2253 1437 2324 gaudeat,
1467 2253 1561 2307 sed
1592 2265 1657 2305 an
1685 2253 1754 2307 de
1781 2268 1839 2308 re

247 2341 361 2395 utili
378 2341 639 2411 gaudeat;
662 2352 717 2397 et
737 2358 1043 2410 caveamus,
1073 2359 1141 2399 ne
1163 2342 1464 2413 bujusmodi
1487 2342 1737 2411 gaudium
1759 2342 1840 2397 in-

248 2432 544 2496 veniamus,
576 2434 733 2502 quale
760 2430 1003 2488 mteehus
1023 2442 1079 2489 et
1110 2435 1192 2487 fur
1222 2432 1434 2487 habeat.
1459 2432 1602 2496 Cur,
1630 2446 1837 2502 quaeso,

245 2522 445 2591 gaudet
470 2523 596 2577 ille?
621 2522 764 2592 quod
791 2524 1015 2593 gloriam
1052 2523 1191 2593 apud
1222 2524 1418 2577 multos
1459 2523 1800 2577 nanciscatur
1820 2561 1837 2586 ,

246 2628 356 2681 quo
384 2611 554 2666 inflari
599 2622 655 2667 et
687 2613 924 2681 conspici
961 2613 1176 2667 valeat?
1200 2612 1404 2681 Ecquid
1444 2611 1543 2666 bac
1577 2612 1838 2680 concupi-

243 2702 446 2756 sectilia
468 2710 519 2756 et
553 2702 785 2757 absurdo
810 2718 994 2758 amore
1014 2703 1290 2759 deterius?
1311 2702 1462 2769 Quod
1487 2702 1530 2756 si
1559 2703 1607 2755 id
1641 2702 1837 2755 malum

245 2806 351 2844 nun
369 2801 477 2855 est,
492 2806 560 2846 ne
580 2806 709 2862 ergo
730 2792 907 2847 inanis
926 2792 1112 2864 glorise
1132 2792 1355 2862 cupidos
1379 2791 1713 2861 vituperetis,
1739 2806 1837 2845 nec

3433 407 3542 462 571»

1934 525 2242 581 innumeris
2274 524 2586 595 opprobriis
2616 524 2868 579 faceretis
2905 541 2918 578 :
2949 524 3186 579 desinite
3218 533 3541 591 arrogantes

1935 628 1989 669 et
2016 616 2284 685 superbos
2323 616 2618 671 exsecrari.
2667 618 2771 671 Sed
2802 632 2914 670 non
2946 617 3197 684 poteritis
3232 616 3534 669 abstinere.

1938 709 2194 764 Plurimis
2215 724 2346 778 ergo
2372 708 2446 763 illi
2474 708 3017 778 criminilms'inipeti
3046 718 3301 777 possunt,
3324 708 3545 761 etiamst

1944 802 2088 856 inille
2112 803 2376 870 stipentur
2403 802 2703 857 lictoribus.
2739 802 2803 855 Et
2836 800 2951 855 haec
2993 802 3125 856 mihi
3155 802 3224 857 de
3260 801 3545 855 deteriori-

1944 893 2042 945 bus
2066 892 2417 961 cptimatibus
2457 892 2599 947 dicta
2633 901 2794 945 sunto
2827 909 2839 943 :
2884 907 3009 945 nam
3061 892 3305 961 plerique
3334 890 3549 944 illorum

1944 983 2263 1049 latronibus,
2297 983 2599 1047 homicidis,
2624 983 2875 1050 nuncliis,
2918 982 3297 1052 sepulcrorum
3326 980 3551 1036 clloSso-

1946 1074 2094 1127 ribus
2112 1074 2344 1141 peccatis
2360 1073 2666 1127 onustiores
2682 1071 3188 1143 deprehenduntur,
3202 1071 3345 1140 quod
3378 1071 3546 1139 impe-

1944 1164 2025 1218 rio
2041 1163 2179 1217 male
2193 1172 2431 1217 utantur.
2451 1162 2583 1217 Nam
2604 1163 2967 1231 impudentius
2989 1177 3152 1231 quam
3175 1160 3249 1215 illi
3281 1159 3547 1227 furantur,

1942 1253 2218 1308 crudelius
2237 1252 2583 1317 oceidunt,ct
2606 1253 2763 1321 longe
2786 1252 3020 1322 iniquius
3048 1251 3420 1306 Iaseiviuut.et
3465 1255 3547 1306 cl-

1945 1344 2209 1408 fodiunt‘,
2230 1360 2335 1397 non
2370 1359 2581 1398 murum
2600 1385 2615 1405 .
2642 1345 2736 1399 sed
2767 1359 2898 1413 Opes
2917 1345 3179 1399 etdomos
3197 1346 3507 1398 innumeras
3528 1384 3542 1406 ,

1942 1434 2070 1489 dum
2091 1449 2201 1504 pne
2218 1444 2483 1503 potestate
2500 1435 2551 1489 id
2569 1435 2722 1490 facile
2738 1445 2966 1505 possunt
2980 1453 2992 1487 :
3007 1436 3094 1505 qui
3109 1428 3367 1491 servitute
3378 1434 3551 1490 durisp

1944 1530 2079 1582 sima
2108 1538 2424 1597 preumntur
2443 1568 2459 1592 ,
2491 1528 2617 1581 dum
2635 1527 2799 1581 animi
2823 1528 3026 1580 morbis
3044 1529 3232 1596 ignave
3251 1527 3470 1593 cedunt,
3489 1534 3547 1580 et

1943 1631 2234 1672 conservos
2256 1618 2373 1672 sine
2392 1618 2707 1672 remissione
2722 1616 3029 1682 verberant,
3051 1616 3409 1686 consciosque
3426 1632 3513 1669 om
3529 1644 3542 1654 -

1945 1722 2041 1762 nes
2058 1716 2312 1761 trenmnt.
2331 1706 2461 1760 Nam
2483 1706 2570 1761 ille
2586 1707 2733 1760 solus
2750 1707 2885 1762 liber
2902 1718 2977 1760 est
2990 1707 3157 1771 ,solus
3176 1706 3445 1775 princeps,
3470 1722 3547 1761 rc-

1943 1799 2204 1868 gibusque
2219 1798 2507 1867 potentior,
2526 1799 2614 1867 qui
2638 1814 2666 1851 a
2687 1798 2829 1851 vitiis
2850 1797 3135 1880 expeditus
3154 1808 3256 1851 cst.
3284 1797 3410 1851 llzrc
3428 1813 3551 1850 cum

1945 1892 2199 1955 sciamus,
2221 1904 2400 1944 veram
2420 1903 2710 1961 sequamur
2726 1876 3050 1954 libertatem,
3071 1899 3126 1942 et
3144 1888 3213 1941 ab
3234 1876 3415 1958 iniqua
3432 1902 3551 1942 ser-

1945 1982 2112 2035 vitute
2137 1995 2233 2034 nos
2246 1978 2623 2049 expediamus:
2646 1995 2819 2048 neque
2836 1979 3045 2049 imperii
3067 1979 3281 2043 fastum,
3299 1980 3553 2047 nequedi-

1947 2072 2197 2125 vitiarum
2216 2070 2571 2139 tyrannidem,
2589 2083 2763 2139 neque
2780 2069 2921 2122 aliud
2939 2068 3211 2139 quidpiam
3247 2068 3552 2137 hujusmodi

1946 2162 2328 2217 beatitudinem
2358 2176 2546 2228 parere
2584 2174 2741 2229 posse
2773 2170 3042 2229 putemus,
3073 2160 3165 2213 sed
3186 2162 3355 2215 solani
3393 2160 3552 2213 viriu-

1946 2262 2076 2308 tem.
2094 2253 2183 2307 Sic
2200 2252 2341 2307 enim
2362 2262 2415 2306 et
2432 2251 2485 2305 in
2504 2252 2755 2320 pra-senti
2772 2252 2875 2306 vita
2897 2252 3278 2321 tranquilliuite
3293 2252 3553 2317 fruemur,

1946 2354 2002 2399 ct
2020 2342 2193 2397 futura
2213 2355 2611 2410 consequemur
2631 2341 2768 2395 bona
2790 2381 2805 2407 ,
2824 2343 2994 2411 gratia
3010 2349 3065 2395 et
3093 2341 3421 2407 benignitate
3450 2341 3526 2394 Do

1947 2436 2077 2490 mini
2099 2434 2267 2488 nostri
2294 2433 2420 2488 .lesu
2447 2432 2671 2497 Christi,
2695 2434 2779 2487 cui
2802 2433 2968 2503 gloria
2995 2442 3051 2488 et
3074 2433 3358 2501 imperium
3393 2474 3409 2496 ,
3434 2449 3557 2486 cum

1948 2528 2109 2584 Patre
2124 2536 2180 2583 et
2196 2526 2401 2595 Spiritu
2421 2536 2608 2580 sancto
2631 2565 2648 2591 ,
2673 2524 2726 2579 in
2756 2524 2953 2579 smeula
2981 2525 3322 2581 smeulorum.
3356 2525 3553 2579 Anien.

2028 2740 2043 2769 ι
2062 2737 2247 2802 μοι-ει.
2273 2738 2587 2802 1ιιιηείιοςιιηι
2609 2739 2681 2788 sic
2703 2738 2853 2787 habet
2878 2752 2891 2788 :
2921 2748 3039 2789 Nam
3064 2739 3393 2799 impudentius
3416 2752 3559 2802 quam

1946 2798 2021 2848 illi
2045 2800 2278 2861 fruuntur
2300 2806 2346 2849 et
2368 2798 2622 2862 effodiunt,
2646 2802 2840 2850 omissis
2862 2798 3181 2864 interpositis.

3417 2932 3541 2943 -ο

1446 2999 1791 3061 HOMlLIA
1830 3000 1999 3061 LIX.
2058 2998 2146 3061 al.
2201 2998 2342 3060 LX.

240 3138 367 3192 Car.
412 3139 499 3193 18.
542 3155 594 3194 v.
622 3141 676 3195 7.
720 3140 808 3196 Va:
869 3150 1058 3200 mundo
1106 3158 1137 3195 a
1188 3143 1461 3198 scandatis.
1499 3142 1716 3197 Necesse
1768 3152 1841 3197 est

312 3230 445 3283 enim
473 3240 527 3284 ut
555 3234 756 3286 veniant
780 3234 1045 3296 scandala,
1070 3244 1410 3288 verumtamen
1431 3250 1503 3288 vae
1530 3234 1723 3288 homini
1740 3235 1838 3297 illi,

318 3337 407 3386 per
431 3337 575 3384 quem
599 3322 843 3377 scandala
864 3324 1090 3377 veniunt.

314 3411 365 3463 l.
408 3410 463 3463 Si
509 3426 729 3467 necesse
776 3413 843 3466 sit
878 3423 936 3467 ut
966 3414 1179 3468 veniant
1208 3413 1477 3479 scandala,
1508 3414 1699 3471 dixerit
1731 3415 1839 3470 for-

243 3508 387 3553 tasse
412 3500 673 3571 quispiam
700 3518 765 3557 ex
795 3502 1117 3558 adversariis
1138 3544 1152 3569 ,
1180 3519 1277 3559 cur
1305 3506 1558 3559 miserum
1587 3505 1843 3572 prtrdicat

242 3590 543 3657 mundum,
594 3607 716 3647 cum
776 3594 851 3648 illi
904 3594 1154 3663 opitulari
1199 3604 1254 3649 et
1300 3609 1515 3649 manum
1571 3596 1842 3664 porrigere

240 3683 558 3748 oporteret?
604 3682 717 3736 lloc
756 3684 950 3752 quippe
986 3692 1067 3738 est
1107 3683 1299 3738 medici
1343 3693 1397 3738 et
1441 3686 1678 3753 patroni;
1712 3686 1841 3740 illud

242 3786 369 3822 vero
416 3771 701 3839 cujuslibet
742 3786 773 3826 e
816 3772 971 3842 vulgo
1016 3772 1268 3827 hominis.
1318 3774 1454 3840 Quid
1506 3774 1664 3843 igitur
1707 3775 1841 3829 adeo

243 3859 536 3927 impudenti
578 3861 770 3929 linguae
799 3863 1256 3930 respondeamus?
1297 3862 1495 3932 Ecquid
1535 3864 1657 3917 huic
1682 3879 1837 3917 cura-

244 3951 373 4003 tioni
416 3967 510 4019 par
540 3955 777 4023 reperire
807 3955 1022 4022 possis?
1062 3954 1193 4009 Nam
1228 3956 1366 4009 Deus
1391 3970 1511 4009 cum
1540 3956 1610 4009 sit
1631 3996 1645 4019 ,
1679 3953 1841 4010 homo

242 4042 412 4095 iactus
436 4052 515 4096 est
546 4054 766 4113 propter
792 4052 842 4098 te
864 4086 877 4108 ,
906 4056 960 4098 et
989 4046 1129 4099 servi
1157 4044 1383 4099 formam
1410 4047 1652 4115 accepit,
1680 4056 1840 4116 atque

242 4132 552 4199 turpissima
583 4134 763 4187 omnia
795 4148 982 4203 passus
1005 4144 1084 4189 est
1110 4175 1127 4201 ,
1158 4135 1287 4188 nihil
1327 4136 1669 4203 pra:termisit
1696 4138 1838 4206 quod

238 4226 307 4277 ad
334 4240 393 4279 se
422 4229 745 4295 pertineret;
793 4229 886 4284 sed
912 4231 1031 4300 quia
1060 4230 1249 4299 ingrati
1285 4232 1528 4287 homines
1557 4233 1687 4287 nihil
1716 4232 1841 4289 hinc

244 4317 367 4370 boni
405 4320 721 4387 consequuti
756 4329 916 4385 sunt,
964 4321 1088 4376 ideo
1132 4323 1253 4377 illos
1283 4323 1512 4378 miseros
1541 4324 1836 4393 praedicat,

238 4407 380 4471 quod
424 4419 542 4478 post
583 4411 914 4466 curationem
956 4423 1155 4468 tantam
1190 4415 1241 4468 in
1280 4415 1588 4471 inlirmitate
1626 4432 1840 4473 manse-

240 4498 347 4551 rint
375 4516 388 4553 :
416 4514 479 4553 ac
504 4500 547 4553 si
575 4504 693 4570 quis
720 4518 919 4571 aegrum
947 4505 1158 4574 egregie
1181 4515 1428 4561 curatum
1448 4548 1462 4570 ,
1491 4507 1582 4575 qui
1609 4508 1840 4563 noluerit

238 4588 571 4643 medicorum
604 4590 807 4661 legibus
836 4592 1100 4663 obsequi,
1144 4596 1332 4665 lugens
1361 4596 1559 4651 dixerit
1590 4613 1605 4653 :
1638 4598 1729 4652 Va:
1762 4599 1835 4653 illi

241 4676 441 4731 homini
464 4680 531 4732 ab
555 4681 887 4748 infirmitate,
908 4699 1066 4751 quam
1090 4701 1185 4756 per
1207 4686 1469 4755 ignaviam
1492 4703 1642 4743 suam
1664 4690 1834 4743 auxit.

235 4769 340 4823 Sed
382 4770 493 4825 illic
526 4773 743 4841 quidem
772 4774 901 4828 nihil
930 4790 992 4830 ex
1029 4779 1172 4831 luctu
1202 4778 1445 4833 utilitatis
1473 4780 1715 4844 accedit;
1750 4782 1836 4835 hic

238 4874 365 4913 vero
406 4862 614 4930 species
644 4873 727 4917 est
754 4865 1045 4922 curationis
1070 4908 1085 4931 ,
1117 4881 1238 4921 cum
1271 4868 1322 4923 id
1350 4870 1491 4939 quod
1520 4880 1836 4927 eventurum

237 4960 320 5003 Cal
342 4952 679 5020 praedicitur,
702 4965 754 5009 et
777 4956 1033 5011 miserum
1057 4958 1395 5027 praedicatur.
1423 4961 1665 5032 Plerique
1689 4964 1833 5018 enim

234 5057 380 5110 s;rpe
417 5057 486 5098 ex
523 5045 750 5100 consilio
790 5046 922 5101 nihil
949 5048 1191 5104 utilitatis
1220 5062 1581 5121 acceperunt,
1613 5068 1677 5108 ex
1708 5053 1834 5109 fletu

236 5147 363 5187 vero
390 5136 617 5189 multum
656 5137 821 5207 adjuti
849 5149 993 5194 sunt.
1026 5140 1151 5197 Ideo
1180 5145 1413 5199 maxime
1453 5144 1539 5199 l’a'
1578 5146 1705 5200 illud
1734 5162 1832 5219 ap-

232 5226 431 5293 posuit,
459 5226 579 5279 illos
604 5230 843 5283 excitans
870 5244 934 5285 ac
956 5231 1322 5300 diligentiores
1347 5233 1587 5290 efficiens
1606 5238 1831 5307 vigilan-

235 5318 525 5388 tiorcsque.
567 5319 647 5373 Ad
685 5321 801 5375 haec
825 5322 1257 5381 benevolentiam
1284 5343 1495 5397 quoque
1524 5344 1673 5383 suam
1706 5345 1829 5397 erga

235 5407 352 5461 illos
375 5418 536 5477 atque
570 5413 1029 5469 mansuetudinem
1066 5431 1217 5470 suam
1250 5418 1487 5486 exhibet,
1521 5419 1646 5473 dum
1672 5436 1831 5489 repu-

237 5508 458 5565 gnantes
510 5500 678 5569 luget,
708 5517 815 5556 non
835 5507 1113 5561 modonou
1134 5523 1277 5580 aegre
1296 5511 1505 5582 ferens,
1530 5511 1625 5567 sed
1668 5514 1827 5567 etiam

236 5589 527 5643 emendatis
555 5600 661 5645 tam
689 5609 754 5647 ex
788 5592 913 5648 lletu
935 5611 1090 5664 quam
1120 5614 1186 5652 ex
1215 5602 1591 5670 prtedietione,
1622 5615 1677 5658 ut
1709 5607 1829 5660 illos

234 5678 298 5732 ad
328 5695 512 5734 sanam
548 5693 780 5738 mentem
808 5698 1043 5742 revocet.
1076 5690 1137 5743 Et
1165 5693 1434 5759 quomodo
1454 5737 1467 5759 ,
1500 5695 1707 5764 inquies
1732 5739 1747 5762 ,
1778 5698 1829 5752 id

237 5772 345 5824 lieri
375 5776 592 5841 potest?
622 5792 743 5829 nam
772 5780 814 5830 si
846 5796 1066 5836 necesse
1095 5792 1177 5836 est
1207 5795 1263 5837 ut
1297 5788 1511 5840 veniant
1536 5790 1785 5843 scandala
1812 5832 1826 5853 ,

240 5864 500 5928 ‘lUUlllUdU
534 5866 645 5923 bazc
674 5868 907 5937 tangere
933 5876 1221 5937 poterimus
1242 5879 1261 5929 ’ἐ
1293 5880 1423 5945 Quia
1456 5895 1672 5935 necesse
1704 5883 1824 5950 qni-

1950 3140 2070 3195 dem
2093 3148 2176 3195 est
2199 3149 2257 3194 ut
2279 3142 2492 3195 veniant
2521 3142 2793 3205 scandala,
2816 3146 2993 3214 perire
3014 3157 3192 3201 autem
3220 3150 3439 3205 omnino
3466 3167 3557 3206 nc-

1950 3244 2106 3285 cesse
2136 3246 2241 3283 non
2271 3240 2373 3285 est.
2400 3230 2861 3296 Quemadmodum
2889 3235 2933 3287 si
2960 3236 3082 3305 quis
3105 3237 3344 3295 medicus
3365 3241 3559 3297 dixerit

1948 3324 1967 3392 (
1996 3322 2127 3377 nihil
2167 3326 2309 3377 cnim
2340 3333 2486 3378 velat
2531 3326 2818 3393 quominus
2846 3326 3037 3382 eodem
3079 3332 3330 3400 exemplo
3360 3320 3560 3389 iterum

1952 3415 2187 3481 utamur)
2217 3431 2229 3466 :
2262 3414 2491 3469 Necesse
2519 3424 2605 3469 est
2633 3415 2775 3469 hunc
2796 3418 2979 3472 venire
3009 3422 3257 3475 morbum
3278 3464 3294 3487 ,
3326 3425 3421 3478 sed
3454 3442 3560 3480 non

1951 3505 2078 3558 item
2112 3518 2335 3559 necesse
2362 3513 2446 3558 est
2484 3515 2543 3559 ut
2578 3504 2681 3559 hoc
2721 3507 2911 3560 morbo
2956 3523 3181 3577 pereas,
3231 3513 3274 3564 si
3320 3515 3557 3568 animum

1948 3594 2241 3657 adhibeas,
2268 3593 2385 3648 hare
2411 3608 2533 3648 cum
2563 3596 2684 3649 aliis
2706 3595 2915 3651 dicebat
2938 3639 2954 3662 ,
2985 3600 3041 3652 ut
3068 3599 3177 3666 jam
3206 3604 3422 3668 monui,
3450 3621 3559 3674 quo

1951 3683 2244 3752 discipulos
2284 3698 2313 3735 a
2354 3698 2546 3738 somno
2585 3686 2865 3741 excitaret.
2913 3686 2992 3742 Ne
3030 3689 3335 3745 dormirent
3372 3696 3515 3747 enim
3544 3738 3557 3756 .

1947 3774 2099 3842 quasi
2120 3772 2188 3828 ad
2219 3788 2406 3842 pacem
2436 3784 2494 3829 et
2525 3776 2965 3845 imperturbatam
2995 3778 3159 3832 vitam
3187 3782 3358 3848 missi,
3388 3784 3553 3838 multa

1947 3875 1999 3917 et
2037 3864 2176 3939 foris
2215 3878 2269 3918 et
2313 3864 2455 3919 intus
2499 3865 2797 3935 ingruentia
2841 3867 2976 3922 bella
3017 3869 3275 3925 declarat.
3319 3872 3471 3939 Quod
3504 3886 3558 3929 et

1950 3953 2145 4009 Paulus
2189 3955 2521 4024 signiﬁcabat
2562 3959 2645 4011 his
2685 3958 2907 4012 verbis:
2952 3958 3106 4014 Foris
3156 3979 3375 4031 puqnw,
3414 3968 3555 4021 intus

1948 4047 2152 4101 timores
2174 4062 2193 4099 :
2216 4047 2440 4115 pericula
2461 4047 2514 4101 in
2538 4048 2683 4116 falsis
2709 4051 2952 4119 fratribus
2975 4053 3053 4120 (2.
3080 4053 3200 4107 Cor.
3230 4056 3281 4107 7.
3306 4057 3361 4111 5.
3394 4070 3440 4111 rt
3466 4062 3553 4118 ll.

1944 4138 2074 4208 ‘26);
2102 4148 2159 4194 et
2191 4138 2428 4195 Milesios
2456 4140 2735 4210 alloquens
2758 4141 2969 4197 dicebat
2992 4161 3005 4198 :
3034 4143 3321 4216 Exsurgent
3347 4152 3556 4221 quidam

1946 4245 2011 4283 ea:
2037 4230 2175 4285 vobis
2199 4231 2455 4301 loquentes
2482 4248 2716 4301 perversa
2754 4232 2889 4300 (Act.
2926 4234 3016 4289 20.
3059 4237 3172 4305 '50).
3201 4238 3446 4296 Christus
3470 4261 3555 4297 ve-

1946 4336 2007 4374 ro
2032 4321 2279 4388 dicebat,
2304 4320 2510 4376 Inimici
2540 4322 2761 4379 hominis
2788 4325 3045 4379 domestici
3075 4328 3185 4397 ejus
3216 4330 3431 4399 (Matth.
3467 4338 3551 4389 ltl.

1946 4412 2063 4481 56).

2018 4500 2253 4555 Liberum
2289 4502 2554 4556 arbitrium
2584 4513 2629 4557 et
2652 4504 2857 4560 libertas
2887 4507 3162 4564 voluntatis
3198 4526 3313 4563 cum
3350 4517 3553 4569 ueritate

1944 4593 2224 4661 praplietia:
2247 4593 2509 4646 conciliari
2536 4604 2767 4663 possunt.
2791 4624 2861 4634 —
2883 4595 3020 4651 Cum
3046 4603 3225 4653 autem
3257 4606 3551 4658 necessita-

1946 4693 2053 4735 tem
2080 4680 2237 4747 dicit,
2262 4697 2367 4735 non
2397 4684 2621 4738 liberum
2649 4684 2930 4739 arbitrium
2960 4688 3127 4753 tollit,
3158 4706 3330 4760 neque
3359 4694 3546 4748 volun-

1944 4772 2070 4827 tatis
2120 4772 2465 4838 libertatem,
2512 4790 2686 4844 neque
2730 4790 2907 4829 rerum
2961 4781 3270 4840 necessitati
3318 4768 3551 4853 cuipiam

1941 4862 2105 4916 vitam
2146 4862 2436 4929 subiiciens
2465 4863 2580 4918 hare
2610 4864 2683 4919 ait
2714 4882 2726 4918 :
2754 4865 2850 4921 sed
2879 4868 3023 4936 quod
3059 4872 3278 4926 omnino
3308 4874 3546 4931 futurum

1941 4962 2060 5007 erat
2084 4954 2322 5022 praedicit
2352 4954 2532 5023 :quod
2564 4956 2733 5011 Lucas
2761 4958 2881 5013 aliis
2906 4955 3085 5015 verbis
3114 4962 3434 5031 declaravit,
3466 4971 3546 5024 sic

1940 5045 2127 5099 dicens
2149 5086 2165 5107 ,
2198 5044 2523 5113 Impossibile
2553 5058 2626 5101 est
2655 5058 2710 5100 ut
2736 5066 2836 5102 non
2868 5053 3070 5105 veniant
3105 5057 3350 5109 scandala
3382 5055 3542 5127 (Luc.

1942 5137 2029 5189 Π.
2063 5136 2140 5207 1).
2169 5136 2305 5201 Quid
2336 5134 2463 5190 illud
2490 5144 2606 5203 est,
2637 5138 2944 5194 Scundalu?
2970 5143 3353 5211 Impedimenta
3387 5160 3541 5205 rectae

1942 5226 2046 5281 via:
2069 5227 2107 5279 ⁸.
2135 5225 2224 5281 Sic
2248 5226 2302 5280 in
2335 5241 2495 5282 scena
2526 5238 2720 5283 vocant
2746 5232 2997 5300 agiliores
3022 5236 3281 5302 quosdam
3309 5241 3397 5309 qui
3428 5258 3539 5296 cor-

1941 5332 2066 5387 pora
2118 5328 2444 5385 pervertunt.
2497 5319 2629 5373 Non'
2649 5321 2807 5389 igitur
2840 5324 3116 5391 priedictio
3144 5332 3260 5396 ejus
3295 5334 3547 5386 seandan

1937 5410 2155 5465 adduett
2182 5428 2195 5464 :
2223 5411 2362 5465 absit
2391 5430 2405 5465 :
2433 5428 2607 5481 neque
2632 5414 2756 5482 quia
2785 5418 3197 5485 praenuntiavit,
3245 5421 3365 5475 ideo
3406 5440 3536 5479 eve-

1939 5505 2119 5571 niunt;
2150 5503 2243 5558 sed
2276 5503 2397 5557 ideo
2429 5504 2696 5573 praedixit,
2728 5508 2849 5575 quia
2884 5520 3141 5564 eventura
3169 5524 3324 5568 erant
3349 5534 3361 5569 :
3389 5517 3457 5569 ita
3491 5525 3547 5573 ut

1936 5598 1980 5648 si
2010 5594 2307 5649 noluissent
2333 5594 2365 5651 ii
2394 5595 2483 5664 qui
2513 5595 2602 5649 illa
2632 5595 2890 5663 inferunt,
2916 5616 3206 5671 numquam
3236 5607 3541 5674 venissent,

2000 5770 2015 5795 ο
2059 5767 2217 5835 \torel.
2235 5776 2357 5876 post
2392 5768 2497 5815 ltft‘c
2523 5770 2690 5824 verita,
2720 5770 2851 5827 quod
2876 5779 3233 5823 Lucus..........
3261 5778 3329 5824 sir
3357 5777 3541 5837 (livens,

2000 5830 2241 5876 ttnnes‘tlu
2265 5846 2288 5873 ι’
2312 5836 2379 5876 est
2416 5839 2465 5876 ιιι
2504 5844 2595 5876 nou
2620 5834 2808 5876 reuimtt
2846 5836 3109 5876 smnulul.1_
3139 5855 3159 5876 η
3206 5838 3329 5876 mittit
3399 5839 3541 5876 millia

1944 5848 1963 5872 ο
2000 5830 2379 5897 [νηνυδεέινιιιίυδι
2416 5839 2467 5898 ut
2504 5844 2595 5878 nou
2620 5834 2808 5880 veniunt
2846 5836 3110 5886 scandala.
3139 5855 3159 5880 η
3206 5838 3357 5897 addit,
3399 5830 3541 5889 nullis

1940 5894 2257 5952 interpositis,
2284 5894 2629 5952 tuq't‘ilimcula
2656 5900 2801 5942 ret‘ltt:
2830 5907 2931 5945 ww.
