4040 6424
904 350 937 377 ί

541 428 647 483 575

540 549 597 593 et
624 538 727 594 nisi
751 545 1008 593 eventura
1034 546 1235 607 essent,
1264 550 1371 589 non
1399 534 1649 605 praedicta
1676 532 1924 589 inissent.
1946 531 2099 600 Quo-

541 618 685 685 niam
707 645 831 684 vero
845 628 1066 697 quidam
1085 626 1320 694 maligne
1332 623 1941 693 agebant,etincurabiii
1958 638 2099 677 mor-

540 722 611 775 bo
628 720 963 785 laborabant,
987 726 1251 772 venerunt
1280 718 1561 781 scandala,
1586 716 1837 785 quodque
1856 714 2094 769 futurum

521 803 751 867 'eratiile
765 809 1025 880 prtedicit.
1043 807 1113 862 At
1133 808 1180 862 si
1201 807 1277 861 illi
1295 809 1565 863 emendati
1593 808 1844 870 fuissent,
1859 805 2094 878 inquies,

538 911 591 953 et
611 899 791 953 nullus
818 896 1076 954 scandala
1100 895 1394 962 attulisset,
1419 910 1597 950 annon
1619 894 1978 951 dictum'iliud
1996 892 2098 947 ial-

538 1006 658 1044 sum
671 988 1071 1057 deprehensum
1086 985 1279 1043 luisset
1291 985 1316 1039 τ
1328 984 1680 1056 Nequaquam
1694 1001 1710 1038 :
1728 1000 1835 1039 non
1847 984 2094 1040 dicturus

530 1076 671 1130 enim
701 1083 818 1131 erat
839 1114 856 1140 ,
888 1074 933 1129 si
971 1071 1286 1129 emendandi
1318 1072 1541 1126 fuissent
1567 1083 1756 1125 omnes
1776 1108 1793 1133 ,
1822 1083 1995 1138 neque
2019 1067 2104 1122 di-

508 1167 702 1219 '-xisset
734 1183 748 1218 :
783 1164 1001 1219 Necesse
1025 1174 1102 1218 est
1126 1173 1180 1217 ut
1208 1162 1440 1227 ument;
1476 1160 1572 1217 sed
1603 1160 1726 1230 quia
1755 1158 1966 1213 videbat
2000 1172 2117 1231 non»

528 1254 875 1326 corrigendos
902 1254 1038 1321 fore,
1065 1253 1185 1308 ideo
1208 1252 1361 1319 dixit,
1388 1267 1451 1308 ea
1478 1251 1697 1306 omnino
1721 1260 1939 1305 ventum
1963 1263 2103 1302 esse.

536 1345 603 1399 lit
639 1361 767 1411 cur,
798 1346 1008 1416 inquies
1030 1384 1045 1409 ,
1087 1345 1200 1413 ipse
1231 1360 1335 1401 non
1364 1341 1623 1398 abstulit?
1662 1342 1727 1397 Et
1750 1355 1844 1397 cur
1874 1338 2106 1395 tollenda

533 1434 723 1489 enim?
760 1448 832 1489 an
861 1446 1075 1506 propter
1102 1430 1206 1489 eos
1219 1435 1309 1504 qui
1340 1434 1404 1503 iis
1434 1431 1735 1489 laeduntur?
1756 1434 1833 1487 At
1854 1445 1957 1485 non
1985 1428 2108 1487 inde

535 1532 759 1591 pereunt
793 1524 831 1595 ii
869 1525 956 1594 qui
993 1524 1287 1589 laeduntur,
1322 1525 1413 1578 sed
1448 1538 1514 1578 es
1554 1522 1757 1591 ignavia
1783 1538 1877 1576 sua
1908 1539 1923 1575 :
1951 1522 2109 1590 idque

532 1614 808 1669 declarant
844 1614 877 1668 ii
906 1615 994 1683 qui
1026 1616 1273 1670 virtutem
1303 1615 1515 1675 colunt.
1542 1616 1631 1685 qui
1662 1630 1765 1668 non
1796 1614 1956 1668 modo
1984 1613 2108 1668 hinc

534 1704 662 1757 nihil
697 1701 1110 1767 induratum-sed
1140 1704 1298 1759 etiam
1328 1705 1549 1759 multum
1578 1708 1800 1759 iructum
1828 1704 2063 1759 referunt
2088 1721 2105 1759 :

531 1794 700 1862 qualis
723 1805 835 1858 erat
862 1794 964 1849 iob
986 1832 1003 1858 ,
1032 1795 1202 1865 qualis
1226 1794 1427 1864 Joseph
1448 1836 1463 1860 ,
1492 1795 1676 1865 quales
1697 1810 1884 1849 omnes
1902 1795 2030 1862 justi
2052 1803 2109 1849 et

531 1884 778 1953 apo'stoii.
817 1884 969 1954 Quod
1009 1886 1052 1940 si
1095 1885 1246 1940 inulti
1286 1887 1591 1955 perierunt,
1634 1885 1685 1940 id
1725 1902 1791 1941 es
1829 1902 2019 1940 somno
2053 1894 2108 1940 et

534 1975 851 2046 negligentia
889 1991 985 2032 sua
1016 1976 1217 2032 evenit.
1242 1974 1299 2033 Si
1328 1990 1416 2037 res
1449 1992 1555 2031 non
1585 1977 1655 2030 ita
1682 1986 1824 2031 esset
1843 2014 1859 2041 ,
1888 1984 1946 2030 ct
1968 1977 2013 2031 si
2038 1991 2104 2031 ex

531 2063 797 2119 seandalis
839 2065 1101 2134 pernicies
1142 2074 1325 2130 esset,
1374 2078 1562 2120 omnes
1604 2065 1777 2135 perire
1816 2074 2106 2134 oporteret.

521 2145 682 2221 Quod
710 2153 755 2207 si
779 2153 993 2223 quidam
1019 2153 1297 2223 eil‘ugiunt,
1319 2154 1412 2225 qui
1439 2170 1545 2209 non
1567 2154 1772 2224 eii‘ogit.
1801 2155 1852 2209 id
1880 2154 1978 2209 sibi
2004 2155 2106 2224 ipsi
2130 2222 2136 2227 η

532 2251 756 2313 reputet.
786 2241 1046 2300 Seandala
1071 2244 1250 2310 enim,
1278 2256 1338 2300 ut
1363 2244 1494 2308 disi,
1520 2255 1578 2300 et
1602 2246 1863 2310 excitant,
1901 2253 1956 2298 et
1984 2260 2109 2314 per-

528 2331 879 2396 spicaciorem
896 2330 1302 2396 sentit-remque
1316 2328 1542 2391 iaciunt,
1562 2326 1799 2379 minentu
1816 2326 1976 2380 modo
1986 2326 2082 2396 qui

526 2415 631 2472 sibi
647 2426 822 2483 cavet,
837 2418 933 2473 sed
949 2418 1113 2472 etiam
1130 2433 1253 2472 eum
1274 2420 1366 2488 qui
1388 2417 1585 2473 cecidit
1600 2418 1818 2487 citoqne
1832 2416 2082 2486 erigitur,

528 2506 655 2560 hinc
670 2508 816 2562 enim
827 2508 1039 2564 cautior
1052 2519 1321 2578 captuqoe
1333 2506 1601 2563 didiciiior
1616 2509 2020 2578 evadetJtaque
2034 2506 2084 2563 si

538 2591 845 2663 vigilemus,
874 2608 981 2648 non
1010 2609 1234 2663 parvum
1265 2596 1386 2650 inde
1412 2597 1613 2651 lucrum
1641 2600 1943 2657 referimus.
1967 2600 2108 2670 quod

536 2684 738 2740 scilicet
763 2686 981 2740 assidue
1008 2685 1305 2757 vigilemus.
1336 2687 1393 2743 Si
1421 2702 1551 2742 vero
1588 2688 1902 2743 instantibus
1932 2691 2108 2745 inimi—

536 2775 653 2842 eis,
695 2784 749 2832 et
793 2784 871 2831 tot
916 2774 1297 2833 tentationibus
1341 2777 1706 2849 ingruentibus
1744 2779 2105 2850 dormiamus,

537 2868 664 2938 quid
694 2868 763 2924 de
790 2869 945 2924 nobis
984 2869 1074 2925 iiet
1108 2871 1155 2926 si
1198 2873 1279 2927 sic
1316 2872 1597 2942 tramuille
1637 2874 1915 2930 vivamus?
1941 2876 1996 2932 Si
2030 2879 2111 2933 vis

536 2949 714 3011 alitem
738 2994 756 3023 ,
788 2959 1015 3026 primum
1045 2959 1315 3014 hominem
1341 2960 1619 3015 considera
1647 2977 1663 3017 :
1691 2962 1737 3016 si
1769 2964 1911 3020 enim
1942 2980 2111 3033 pauco

536 3054 794 3113 tempore,
822 3055 877 3100 et
899 3048 1143 3104 fortassis
1168 3064 1273 3104 non
1304 3063 1412 3105 uno
1432 3048 1522 3107 die
1547 3050 1600 3106 in
1626 3052 1870 3120 paradiso
1890 3068 2108 3113 versans

533 3133 691 3203 inque
718 3134 925 3193 deliciis
944 3175 961 3203 ,
994 3138 1055 3190 in
1093 3146 1297 3193 tsnttmi
1327 3139 1574 3208 nequitiae
1603 3142 1903 3211 proruperit
1922 3182 1938 3210 ,
1967 3154 2027 3200 ut
2047 3160 2109 3203 se

532 3225 792 3293 aqualem
818 3225 927 3281 Deo
951 3227 1066 3282 lore
1088 3229 1404 3297 speraverit,
1426 3238 1483 3285 et
1504 3231 1841 3301 demitterent
1869 3234 2108 3292 heneilcii

532 3320 804 3368 auctorem
834 3316 1132 3383 putaverit,
1174 3332 1349 3386 neque
1372 3320 1588 3376 unicum
1629 3320 1756 3376 illud
1781 3333 2107 3395 pmceptum

529 3406 825 3461 servaverit
850 3422 867 3461 :
894 3408 939 3462 si
984 3408 1105 3463 vita:
1131 3407 1391 3479 reliquam
1421 3420 1623 3479 partem
1649 3414 1767 3470 sine
1788 3412 1970 3471 labore
2003 3415 2107 3472 du-

531 3491 731 3561 xisset,
754 3495 881 3570 quid
908 3512 1015 3556 non
1040 3496 1272 3558 facturus
1297 3500 1455 3560 erat!

599 3590 656 3643 2.
698 3587 866 3646 Homo
902 3606 997 3646 sua
1038 3608 1194 3665 opera
1226 3604 1275 3648 et
1314 3609 1348 3649 α
1390 3595 1552 3667 seipse
1580 3593 1746 3654 multis
1779 3595 2007 3670 eﬁdtur.
2034 3624 2107 3639 --

531 3676 627 3733 ilis
657 3679 727 3735 ita
754 3680 911 3736 dictis
932 3722 948 3748 ,
976 3681 1133 3737 aliam
1158 3682 1508 3755 objectiouem
1540 3686 1771 3743 oderunt
1806 3705 1827 3744 :
1844 3688 1955 3744 Cur
1976 3703 2106 3762 ergo

535 3771 675 3827 Deus
714 3773 870 3828 talem
913 3775 1085 3843 ipsum
1120 3774 1339 3831 eil'ecit?
1379 3775 1493 3833 Non
1524 3777 1665 3833 Deus
1702 3779 1860 3836 talem
1888 3778 2101 3849 eiecit,

528 3864 706 3918 absit:
734 3879 839 3920 non
865 3867 1007 3921 enim
1036 3866 1182 3921 illum
1211 3868 1523 3937 punivisset.
1552 3868 1684 3925 Nam
1704 3874 1749 3927 si
1774 3886 1871 3928 nos
1890 3872 2103 3943 quando

528 3953 753 4023 alicujus
772 3956 847 4009 rei
873 3969 1029 4011 causa
1050 3971 1256 4023 sumus,
1278 3968 1463 4014 servos
1488 3974 1593 4014 non
1620 3961 1941 4029 incusamus,
1966 3963 2103 4018 mul-

529 4052 583 4096 ω
612 4044 787 4099 minus
813 4046 1182 4103 universorum
1212 4048 1349 4105 Deus
1374 4049 1429 4106 id
1451 4048 1665 4108 faceret.
1696 4052 1824 4121 Sed,
1852 4055 2059 4126 inquies
2076 4097 2095 4123 ,

529 4135 668 4191 unde
709 4137 826 4191 talis
864 4137 1081 4194 eil‘ectns
1116 4140 1241 4196 esti
1280 4140 1355 4197 Ex
1394 4142 1683 4214 seruetipso
1706 4152 1763 4199 et
1797 4158 1862 4200 ea
1894 4146 2097 4216 ignavia

526 4242 641 4282 sua.
680 4228 825 4295 Quid
873 4238 995 4294 est,
1036 4244 1103 4285 ex
1139 4231 1462 4301 semetipso?
1500 4231 1750 4302 Teipsum
1793 4234 2095 4308 interroga:

528 4332 648 4370 nam
679 4318 723 4370 si
755 4318 787 4371 il
816 4319 903 4388 qui
933 4318 1058 4374 mali
1087 4327 1233 4382 sunt,
1265 4334 1370 4375 non
1394 4334 1457 4376 ex
1489 4321 1679 4391 seipsis
1707 4324 1830 4379 mali
1858 4332 2000 4388 sunt.
2030 4342 2099 4382 ne

525 4421 737 4459 servum
768 4416 913 4461 tuum
943 4407 1169 4478 castiges
1192 4449 1210 4471 ,
1238 4424 1337 4464 nec
1365 4424 1581 4465 uxorem
1609 4412 1655 4465 si
1681 4415 1977 4482 peccaverit
2010 4415 2096 4471 in-

521 4508 708 4566 erepas
730 4537 745 4562 ,
786 4506 884 4552 nec
919 4496 1083 4553 ﬁlium
1124 4499 1419 4569 percutias,
1450 4506 1549 4557 nec
1588 4504 1813 4559 amicum
1843 4505 2053 4564 incuses
2076 4548 2092 4575 ,

522 4598 621 4641 nec
664 4587 933 4642 inimicum
973 4596 1026 4643 te
1065 4589 1343 4645 ledentem
1383 4588 1510 4645 odio
1549 4592 1785 4648 habeas:
1818 4593 1870 4650 hi
1899 4597 2094 4668 quippe

521 4692 709 4733 Oltllles
734 4679 875 4749 digni
897 4686 1029 4733 sunt
1054 4679 1438 4745 misericordia,
1467 4696 1572 4736 non
1600 4684 1891 4754 punitione,
1917 4688 1961 4742 si
1987 4701 2094 4745 non

521 4781 586 4823 es
616 4768 803 4836 scipsts
830 4768 1162 4839 delinquunt.
1194 4768 1298 4825 Sed
1326 4784 1431 4825 non
1463 4785 1677 4839 possum
1707 4773 2090 4845 philosophari,

520 4860 746 4929 inquies.
774 4861 931 4931 Atqui
956 4863 1000 4916 si
1024 4861 1218 4918 videris
1241 4874 1344 4918 non
1372 4864 1577 4919 illorum
1601 4866 1808 4935 cuipam
1835 4882 1971 4933 esse,
1995 4871 2090 4926 sed

518 4966 582 5003 ex
612 4950 713 5003 alia
753 4952 1068 5007 necessitate
1092 4951 1144 5008 id
1173 4952 1369 5009 factum
1398 4970 1516 5011 esse
1541 4997 1557 5021 ,
1590 4966 1714 5013 tunc
1745 4960 1942 5029 poteris
1972 4961 2089 5031 phi-

519 5038 805 5114 losophari.
836 5039 968 5095 Nam
993 5056 1111 5097 cum
1134 5055 1320 5100 servus
1342 5045 1652 5114 aegritudine
1672 5044 1917 5105 detentus
1946 5051 2086 5119 iussa

517 5143 623 5182 non
657 5127 857 5196 fecerit,
888 5145 994 5184 non
1024 5130 1183 5187 modo
1208 5147 1313 5198 non
1340 5134 1636 5189 criminaris
1659 5175 1673 5197 .
1705 5136 1798 5192 sed
1829 5145 1883 5193 et
1908 5140 2085 5196 statim

519 5217 763 5286 ignoscis.
795 5218 885 5275 Sic
908 5228 961 5274 tu
991 5223 1142 5276 testis
1166 5238 1247 5287 es,
1273 5225 1538 5293 quidpiam
1564 5227 1630 5283 ab
1656 5227 1792 5296 ipso,
1820 5229 2084 5299 quidpiam

516 5322 619 5361 non
659 5308 726 5362 ab
768 5309 883 5379 ipso
909 5324 1050 5366 esse.
1097 5311 1257 5382 igitur
1290 5317 1448 5368 etiam
1487 5316 1570 5369 hic
1593 5360 1609 5383 ,
1639 5321 1682 5373 si
1714 5321 1881 5376 scires
1912 5322 2083 5390 ipsum

516 5396 634 5450 ideo
665 5398 857 5454 malum
884 5414 1004 5457 esse
1042 5402 1164 5471 quia
1207 5404 1285 5460 sic
1322 5416 1477 5461 natus
1516 5408 1581 5461 sit
1607 5448 1621 5471 ,
1660 5423 1764 5464 non
1790 5412 1951 5466 modo
1977 5427 2081 5467 non

513 5501 792 5544 accusares
816 5529 829 5551 .
876 5490 970 5545 sed
1013 5502 1067 5547 et
1105 5494 1315 5569 veniam,
1354 5495 1528 5550 dares.
1573 5496 1701 5552 Nam
1738 5501 1820 5554 cui
1864 5512 2081 5570 propter

514 5578 756 5633 morbum
793 5580 1018 5649 ignoscis
1040 5622 1056 5649 ,
1087 5594 1303 5654 propter
1343 5586 1432 5641 Dei
1467 5590 1734 5656 opiﬁcium
1765 5592 1841 5647 illi
1870 5595 2078 5651 veniam

514 5683 614 5724 non
646 5685 867 5741 negares
889 5713 904 5736 ,
972 5672 1228 5742 siquidem
1256 5679 1375 5733 talis
1402 5680 1470 5733 ab
1500 5682 1647 5734 initio
1678 5684 1844 5739 factus
1871 5684 2073 5741 i'uisSet.

1237 422 1295 477 S.
1335 419 1619 477 JOANNIS
1649 413 2145 476 CllBYSOSTOJIl
2180 416 2495 475 ARCHIEP.
2538 419 3069 476 CONSTANTINOP.

3689 418 3803 475 57B

2210 530 2405 585 veritas
2428 533 2753 598 argumentis
2777 532 3030 586 abundat.
3059 533 3165 586 Cur
3189 545 3474 601 numquam
3495 544 3718 586 servum
3742 535 3801 587 in

2206 621 2405 676 crimen
2420 622 2629 697 uocasti
2648 662 2666 686 ,
2704 621 2845 693 quod
2875 636 2980 675 non
3020 622 3090 677 sit
3128 621 3275 675 vultu
3306 620 3572 675 tortuosos
3598 660 3615 684 ,
3646 625 3799 690 quod

2208 726 2318 766 non
2355 712 2423 767 sit
2463 713 2768 781 proceriore
2803 722 3041 776 statura,
3084 710 3228 782 quod
3266 727 3373 775 non
3412 710 3482 763 sit
3520 707 3795 764 volucris?

2207 800 2338 868 Quia
2377 802 2492 856 h:rc
2531 817 2561 856 a
2606 812 2793 857 natura
2832 803 3259 873 proﬁciscuntur.
3295 800 3437 871 Ergo
3472 800 3608 855 iiber
3641 808 3723 853 est
3755 811 3803 853 ar

2206 894 2363 964 culpa
2387 904 2641 964 quantum
2664 893 2731 947 ad
2755 903 2956 947 naturae
2976 894 3121 953 vitia.
3150 908 3412 961 nemoque
3438 892 3535 945 ibit
3562 888 3789 944 inﬁtias.

2206 983 2342 1037 Cum
2367 999 2498 1055 ergo
2520 999 2763 1051 accusas,
2793 983 3033 1039 intendis
3058 995 3228 1049 certe,
3258 984 3441 1039 vitium
3469 998 3575 1037 non
3601 995 3663 1036 es
3693 995 3795 1032 ua-

2209 1085 2326 1129 tura
2351 1115 2368 1139 ,
2402 1075 2503 1143 sed
2539 1091 2605 1129 es
2644 1076 2915 1129 voluntate
2952 1075 3235 1145 proﬁcisci.
3264 1074 3398 1130 Nam
3439 1077 3484 1129 si
3518 1087 3640 1129 cunt
3673 1085 3795 1127 non

2207 1180 2539 1231 accusamus,
2564 1167 2907 1222 testiﬁcantur
2927 1176 3094 1223 totum
3113 1183 3234 1224 esse
3254 1175 3458 1222 natura
3476 1163 3796 1221 adscriben-

2207 1255 2365 1321 dum,
2398 1256 2570 1324 palam
2600 1263 2683 1311 est
2708 1257 2850 1325 quod
2876 1271 2998 1311 cum
3030 1258 3399 1325 iuerepamus,
3426 1273 3491 1311 ex
3518 1254 3799 1313 viduatam

2207 1347 2417 1413 cuipam
2436 1360 2558 1400 esse
2576 1344 2930 1420 declaramus.
2953 1346 3030 1401 Ne
3050 1347 3229 1417 itaque
3248 1361 3494 1416 perversa
3511 1346 3798 1401 ratiocinia

2210 1435 2262 1489 in
2300 1434 2533 1490 medium
2566 1434 2760 1490 ai'i'eras
2784 1474 2798 1497 .
2842 1450 2911 1490 ne
2946 1436 3270 1506 sophismata
3298 1445 3354 1490 et
3382 1434 3550 1489 midos
3574 1448 3798 1489 aranea:

2211 1525 2330 1580 telis
2375 1526 2592 1580 viliores
2623 1543 2637 1578 :
2667 1524 2762 1579 sed
2804 1524 2870 1579 ad
2916 1525 3017 1580 hoc
3053 1540 3265 1580 rursum
3307 1524 3435 1578 mihi
3476 1526 3745 1592 responde
3777 1540 3795 1577 :

2208 1616 2395 1672 Nonne
2421 1616 2664 1679 homines
2692 1627 2881 1672 omnes
2909 1615 3032 1673 iecit
3062 1615 3239 1672 Deus?
3273 1615 3329 1671 id
3354 1614 3491 1683 apud
3512 1629 3705 1670 omnes
3734 1614 3796 1667 in

2208 1709 2458 1763 confesso
2483 1717 2588 1763 est.
2614 1707 2723 1761 Cur
2750 1722 2878 1777 ergo
2906 1722 3011 1761 nou
3038 1722 3226 1763 omnes
3255 1705 3545 1762 secundum
3576 1707 3798 1761 virtutis

2207 1810 2266 1855 et
2302 1799 2412 1853 vitii
2457 1800 2717 1855 rationem
2759 1799 2992 1867 arquaies
3029 1797 3191 1853 sunt?
3232 1796 3371 1853 unde
3408 1797 3467 1850 iit
3505 1807 3562 1850 nt
3592 1797 3647 1849 hi
3683 1795 3799 1850 sint

2208 1891 2356 1957 boni,
2383 1889 2528 1959 probi
2548 1896 2604 1944 et
2627 1887 2896 1944 modesti?
2921 1886 3058 1944 unde
3084 1889 3143 1942 iit
3170 1897 3228 1943 ut
3242 1888 3299 1942 hi
3320 1889 3429 1943 sint
3455 1888 3580 1941 ntali
3608 1896 3663 1943 et
3692 1888 3767 1940 im
3784 1918 3798 1926 -

2210 1981 2400 2050 probi?
2427 1979 2559 2035 Nam
2598 1978 2643 2033 si
2674 1979 2729 2035 lu
2759 1977 2845 2033 his
2883 1992 2992 2031 non
3021 1978 3293 2033 voluntate
3325 1992 3462 2048 opus
3483 1984 3571 2031 est
3590 2016 3610 2043 ,
3647 1986 3709 2031 et
3744 1992 3797 2032 st

2210 2072 2323 2126 hmo
2350 2079 2534 2125 neutra
2562 2079 2708 2135 sunt,
2737 2084 2836 2126 cur
2860 2069 2913 2124 hi
2937 2068 3207 2133 virtutem,
3231 2068 3321 2124 alii
3346 2068 3529 2123 vitium
3556 2082 3799 2138 sequun-

2209 2162 2335 2217 tur?
2356 2160 2489 2216 Nam
2514 2162 2560 2216 si
2586 2176 2776 2217 omnes
2802 2169 2991 2216 natura
3021 2161 3146 2216 ntali
3174 2170 3388 2225 essent,
3421 2174 3583 2225 nemo
3608 2170 3802 2230 posset.

2206 2270 2327 2311 esse
2364 2257 2569 2320 bonus;
2607 2263 2664 2310 et
2700 2254 2745 2308 si
2784 2268 2973 2309 omnes
3003 2263 3205 2323 natura
3230 2254 3352 2307 boni
3373 2293 3387 2317 ,
3420 2267 3581 2308 nemo
3608 2262 3795 2322 posset

2205 2361 2328 2401 esse
2363 2346 2554 2401 malus.
2593 2344 2649 2399 Si
2683 2344 2979 2399 etniimonis
3016 2354 3102 2399 est
3139 2345 3651 2399 naturahouiinum
3673 2359 3793 2397 om-

2208 2435 2377 2500 nium,
2402 2434 2694 2490 secundum
2722 2434 2824 2488 hue
2843 2434 3122 2504 oportebat
3141 2436 3331 2490 milites
3356 2433 3605 2488 homines
3623 2448 3792 2487 ustum

2206 2534 2262 2578 et
2289 2526 2425 2578 idem
2453 2540 2574 2579 esse
2595 2566 2611 2591 ,
2643 2538 2738 2579 seu
2768 2524 2937 2580 honos
2962 2526 3166 2580 scilicet
3185 2563 3205 2593 ,
3238 2538 3333 2582 seu
3359 2523 3549 2582 malos.
3577 2525 3633 2582 Si
3661 2540 3795 2581 vero

2207 2616 2465 2680 dieamtts,
2496 2631 2567 2671 ex-
2593 2625 2775 2670 natura
2804 2631 2922 2671 esse
2946 2619 3086 2685 «illud
3115 2618 3167 2671 Ili
3192 2617 3317 2673 boni
3336 2656 3350 2679 ,
3383 2617 3457 2672 illi
3488 2617 3612 2672 mali
3638 2618 3751 2675 sint
3770 2657 3790 2683 ,

2207 2705 2348 2775 quod
2368 2714 2510 2761 esset
2534 2705 2726 2759 rationi
2752 2705 3033 2767 absonum,
3060 2716 3119 2760 ut
3137 2705 3489 2770 ostendimus,
3513 2714 3793 2773 oporteret

2209 2796 2324 2851 haec
2342 2795 2630 2851 immobilia
2653 2810 2808 2860 esse;
2833 2797 3089 2850 naturalis
3109 2796 3304 2866 quippe
3325 2806 3451 2851 sunt
3471 2795 3767 2851 immobilia

2211 2890 2323 2949 Hoc
2335 2909 2464 2948 vero
2478 2892 2794 2949 consideres
2807 2892 2984 2945 velim.
3003 2888 3256 2943 Mortales
3268 2902 3460 2942 omnes
3470 2896 3604 2940 sunt
3617 2894 3791 2939 etiam

2211 2982 2515 3054 passibiies,
2551 2996 2815 3050 nemoque
2844 2989 3012 3048 potest
3047 2975 3397 3047 impassihiiis
3424 2990 3570 3039 esse,
3593 2976 3793 3029 etiam-

2207 3072 2253 3131 si
2307 3073 2503 3128 miilies
2551 3072 2862 3129 contendat.
2911 3067 3067 3122 Nune
3099 3083 3229 3122 vero
3285 3066 3485 3120 multos
3531 3065 3788 3119 videmus

2206 3177 2273 3218 ex
2300 3163 2459 3217 bonis
2493 3162 2791 3229 improbos,
2834 3170 2887 3215 et
2912 3174 2978 3213 ex
3007 3158 3269 3227 improbis
3301 3158 3472 3212 bonos
3516 3156 3668 3219 lieri,
3720 3156 3789 3208 ii-

2204 3253 2290 3309 los
2324 3252 2665 3324 negligentia,
2704 3250 2802 3306 hos
2847 3264 2978 3304 vero
3012 3249 3330 3321 diligentia:
3358 3246 3504 3317 quod
3543 3244 3789 3299 maxime

2207 3347 2399 3416 probat
2420 3347 2470 3401 id
2496 3360 2601 3400 non
2627 3359 2749 3399 esse
2771 3353 2999 3402 naturae.
3020 3340 3296 3398 Naturalia
3319 3340 3520 3411 quippe
3543 3353 3642 3394 nec
3660 3353 3787 3391 mn-

2205 3430 2421 3500 tantur,~
2454 3448 2627 3504 neque
2659 3433 2933 3504 diligentia
2962 3446 3099 3502 opus
3128 3432 3351 3496 habent,
3394 3438 3457 3483 ut
3480 3428 3785 3497 acquiren-

2203 3537 2309 3583 tnr.
2345 3525 2415 3583 Ut
2448 3527 2592 3580 enim
2632 3527 2697 3579 ad
2725 3526 3014 3579 videndum
3055 3536 3107 3577 et
3136 3522 3466 3578 audiendum
3497 3535 3605 3575 non
3639 3534 3786 3590 opus

2200 3627 2286 3673 est
2314 3617 2521 3679 labore,
2562 3617 2640 3671 sic
2690 3629 2790 3668 nec
2822 3613 2874 3668 in
2913 3612 3135 3668 colenda
3178 3611 3376 3665 virtute
3411 3610 3613 3665 sudore
3638 3622 3786 3678 opus

2200 3721 2365 3772 esset,
2404 3709 2450 3761 si
2502 3708 2588 3761 illa
2620 3725 2683 3763 ex
2712 3715 2902 3763 ualere
2940 3706 3098 3760 nobis
3138 3703 3300 3760 insita
3329 3710 3497 3758 esset.
3530 3700 3645 3756 Cur
3673 3714 3779 3753 au-

2202 3805 2306 3851 tem
2332 3796 2504 3851 malos
2534 3794 2768 3860 fecisset,
2788 3810 2913 3851 cum
2939 3806 3116 3866 posset
3135 3805 3330 3846 mnnes
3361 3790 3535 3845 bonos
3558 3786 3784 3843 facere?

2200 3883 2354 3942 Unde
2407 3902 2537 3958 ergo
2584 3888 2761 3942 mala?
2805 3886 3017 3956 inquies
3052 3886 3092 3941 '.
3138 3882 3395 3952 Teipsum
3447 3880 3721 3951 interroga
3759 3897 3778 3933 :

2199 3988 2379 4029 meum
2416 3975 2613 4045 quippe
2653 3985 2739 4031 est
2777 3972 3100 4034 ostendere,
3140 3972 3230 4027 illa
3275 3985 3375 4026 nec
3424 3982 3495 4025 ex
3531 3978 3725 4024 natura
3755 4009 3774 4036 ,

2198 4078 2299 4121 nec
2328 4055 2360 4120 a
2395 4065 2505 4119 Deo
2538 4081 2680 4121 esse.
2712 4064 2855 4135 Ergo
2884 4062 3061 4121 casu?
3090 4061 3322 4132 inquies.
3356 4059 3598 4114 Minime.
3629 4056 3773 4113 Num

2196 4153 2475 4226 ingenita?
2506 4152 2654 4211 Bona
2696 4155 2878 4218 verba,
2917 4164 3126 4223 quaeso.
3147 4162 3183 4206 o
3214 4150 3399 4214 homo.
3446 4163 3478 4205 a
3511 4158 3660 4204 tanta
3693 4148 3779 4203 in-

2200 4247 2353 4301 sania
2382 4244 2608 4315 gradum
2637 4257 2852 4305 revoca,
2883 4252 2941 4295 nt
2963 4244 3309 4297 bonore'uno
3348 4239 3515 4294 Deum
3548 4250 3603 4294 et
3622 4239 3771 4298 mala

2195 4336 2344 4391 colas
2372 4343 2535 4405 atque
2564 4333 2772 4389 honore
2804 4342 3067 4402 superno.
3101 4328 3235 4385 Nam
3283 4331 3328 4385 si
3362 4331 3624 4401 ingenita,
3656 4329 3770 4383 rur-

2193 4428 2267 4485 tia
2306 4436 2360 4483 et
2392 4426 2615 4482 immota
2643 4425 2830 4493 utique
2854 4430 3040 4488 erunt,
3071 4436 3250 4492 neque
3299 4427 3558 4490 poterunt
3586 4422 3768 4485 avelli,

2189 4530 2365 4588 neque
2388 4516 2456 4571 ad
2494 4516 2724 4571 nihilum
2756 4513 2924 4585 redigi
2961 4529 2976 4568 :
3007 4527 3131 4566 nam
3162 4510 3304 4581 quod
3326 4511 3631 4580 ingenitum
3659 4523 3767 4575 est,

2188 4611 2366 4679 perire
2402 4623 2509 4663 nou
2541 4621 2721 4678 posse.
2752 4610 2954 4678 cuique
2985 4605 3333 4663 manifestum
3369 4618 3474 4661 est.

2258 4700 2311 4754 5.
2353 4694 2507 4755 Unde
2542 4697 2599 4753 iit
2620 4707 2677 4752 ut
2707 4709 2785 4753 tot
2817 4699 2925 4753 sint
2948 4699 3097 4765 boni,
3117 4699 3164 4755 si
3186 4699 3387 4754 malum
3415 4707 3622 4752 tantam
3652 4696 3762 4752 vim

2190 4784 2426 4841 habeat?
2446 4783 2722 4857 quomodo
2750 4788 2919 4857 geniti
2939 4786 3014 4843 illi
3047 4788 3289 4857 ingenito
3316 4796 3447 4843 sunt
3472 4785 3775 4841 fortiores?“

2189 4877 2294 4931 Sed
2323 4876 2484 4942 Deus,
2521 4878 2754 4948 inquies,
2786 4878 2875 4933 illa
2908 4879 3140 4933 auferet.
3178 4876 3761 4944 Quandolouoniodo

2193 4978 2373 5022 antem
2399 4967 2485 5023 illa
2514 4971 2744 5035 auferet,
2770 4968 2981 5040 siparis
2998 4967 3109 5024 sint
3135 4967 3381 5035 honoris,
3401 4965 3758 5031 fortitudinis,

2184 5058 2501 5116 vetustatis?
2516 5061 2939 5131 utquisdixerit.
2959 5054 3219 5116 Odiaboii
3238 5060 3558 5138 nequitiam!
3577 5074 3684 5127 qua
3695 5074 3759 5111 n-

2184 5157 2297 5203 tum
2326 5149 2535 5205 invenit
2560 5150 2799 5205 malum!
2837 5166 2947 5221 quo
2978 5150 3333 5221 blasphemia
3352 5161 3554 5219 genere
3585 5144 3755 5201 Deum

2246 5356 2262 5387 ¹
2291 5354 2471 5404 Totum
2511 5353 2673 5403 locum
2711 5354 2859 5415 longe
2903 5349 3131 5415 pluribus
3172 5360 3461 5415 egressum
3495 5347 3570 5397 sic
3601 5348 3756 5399 habet

2180 5416 2341 5479 Codex
2376 5429 2555 5479 unus;
2583 5419 2681 5465 Cur
2719 5412 2830 5463 illos
2851 5412 3007 5479 mulos
3030 5412 3367 5479 [emanarunt
3398 5415 3561 5479 posset
3588 5421 3757 5479 omna

2181 5476 2323 5542 bonos
2343 5475 2557 5542 facere?
2596 5480 2735 5542 Certe
2760 5476 2913 5542 nudos
2938 5471 3038 5542 non
3060 5472 3171 5535 lecit
3184 5486 3211 5542 ς¹
3223 5471 3408 5542 duplici
3430 5471 3560 5519 enim
3594 5473 3757 5542 ruin

2180 5533 2411 5601 obnoxius
2437 5542 2557 5587 esset
2580 5552 2594 5586 .'
2617 5536 2812 5601 primo._
2833 5537 2876 5585 si
2909 5533 3067 5601 uin/os
3088 5533 3429 5601 produxisset;
3460 5536 3686 5601 set-unda,

2179 5598 2305 5649 alios
2344 5598 2506 5654 bonos.
2547 5592 2675 5647 alios
2715 5597 2885 5656 malos,
2926 5592 3141 5655 illudque
3163 5601 3341 5656 temere
3365 5599 3412 5641 et
3436 5592 3541 5643 sine
3559 5606 3707 5642 causa
3734 5605 3755 5643 :

2213 5673 2396 5709 meum:
2420 5661 2546 5709 enim
2571 5660 2619 5708 in
2636 5673 2693 5709 ea
2718 5674 2767 5707 re
2789 5657 2916 5719 ωηιιὲ
2942 5657 3140 5721 bonique
3167 5655 3325 5721 ratio?
3354 5655 3493 5721 Unde
3508 5667 3628 5721 ergo
3647 5668 3756 5702 nta-

2198 5716 2264 5769 ὶιῩ
2290 5721 2491 5785 inquies.
2520 5721 2725 5785 Verum,
2749 5716 2857 5767 cum
2885 5716 3238 5785 utnts__l'_ant_unt
3269 5718 3527 5785 liodqxnsic
3552 5716 3756 5777 habeat,

510 5758 750 5817 Aliunde
772 5764 934 5819 etiam
968 5763 1085 5820 illos
1113 5764 1265 5822 facile
1293 5772 1566 5827 confutare
1595 5788 1873 5843 possumus
1907 5794 1921 5829 :
1952 5794 2070 5831 nam
2178 5758 3238 5846 Eiéi'd'é‘auititﬁ'."iuifQuid?nam
3260 5758 3505 5840 signa.
