  <div class='ocr_page' id='page_1' title='image "/cluster/home/n/w/nwhite01/storage/ocr_20150623/58/ien.35556001660851/122.png"; bbox 0 0 4040 6430; ppageno 0'>
   <div class='ocr_carea' id='block_1_1' title="bbox 326 413 427 473">
    <p class='ocr_par' dir='ltr' id='par_1_1' title="bbox 326 413 427 473">
     <span class='ocr_line' id='line_1_1' title="bbox 326 413 427 473; baseline -0.05 -1"><span class='ocrx_word' id='word_1_1' title='bbox 326 413 427 473; x_wconf 72' lang='grc' dir='ltr'><strong>δτι</strong></span> 
     </span>
    </p>
   </div>
   <div class='ocr_carea' id='block_1_2' title="bbox 323 496 1910 585">
    <p class='ocr_par' dir='ltr' id='par_1_2' title="bbox 323 496 1910 585">
     <span class='ocr_line' id='line_1_2' title="bbox 323 496 1910 585; baseline -0.025 -1"><span class='ocrx_word' id='word_1_2' title='bbox 323 527 598 585; x_wconf 73' lang='lat' dir='ltr'><strong>involvere</strong></span> <span class='ocrx_word' id='word_1_3' title='bbox 615 519 824 574; x_wconf 90' lang='lat' dir='ltr'><strong>homini</strong></span> <span class='ocrx_word' id='word_1_4' title='bbox 852 513 1068 573; x_wconf 87' lang='lat' dir='ltr'><strong>suasit?</strong></span> <span class='ocrx_word' id='word_1_5' title='bbox 1103 509 1250 582; x_wconf 81' lang='lat' dir='ltr'><strong>quali</strong></span> <span class='ocrx_word' id='word_1_6' title='bbox 1284 502 1505 577; x_wconf 88' lang='lat' dir='ltr'><strong>pietatis</strong></span> <span class='ocrx_word' id='word_1_7' title='bbox 1535 497 1716 570; x_wconf 83' lang='lat' dir='ltr'><strong>specie</strong></span> <span class='ocrx_word' id='word_1_8' title='bbox 1747 496 1910 550; x_wconf 85' lang='lat' dir='ltr'><strong>aliam</strong></span> 
     </span>
    </p>
   </div>
   <div class='ocr_carea' id='block_1_3' title="bbox 331 585 1911 685">
    <p class='ocr_par' dir='ltr' id='par_1_3' title="bbox 331 585 1911 685">
     <span class='ocr_line' id='line_1_3' title="bbox 331 585 1911 685; baseline -0.023 -13"><span class='ocrx_word' id='word_1_9' title='bbox 331 618 704 685; x_wconf 76' lang='lat' dir='ltr'><strong>ldaspht-mam</strong></span> <span class='ocrx_word' id='word_1_10' title='bbox 727 610 993 664; x_wconf 83' lang='lat' dir='ltr'><strong>rationem</strong></span> <span class='ocrx_word' id='word_1_11' title='bbox 1014 599 1339 665; x_wconf 74' lang='lat' dir='ltr'><strong>excogitavit</strong></span> <span class='ocrx_word' id='word_1_12' title='bbox 1358 599 1372 651; x_wconf 74' lang='grc' dir='ltr'><strong>ι</strong></span> <span class='ocrx_word' id='word_1_13' title='bbox 1388 595 1528 650; x_wconf 86' lang='lat' dir='ltr'><strong>Cum</strong></span> <span class='ocrx_word' id='word_1_14' title='bbox 1546 590 1749 644; x_wconf 83' lang='lat' dir='ltr'><strong>vt-Ilent</strong></span> <span class='ocrx_word' id='word_1_15' title='bbox 1764 585 1911 640; x_wconf 76' lang='lat' dir='ltr'><strong>enim</strong></span> 
     </span>
    </p>
   </div>
   <div class='ocr_carea' id='block_1_4' title="bbox 318 677 1914 767">
    <p class='ocr_par' dir='ltr' id='par_1_4' title="bbox 318 677 1914 767">
     <span class='ocr_line' id='line_1_4' title="bbox 318 677 1914 767; baseline -0.025 -3"><span class='ocrx_word' id='word_1_16' title='bbox 318 677 606 764; x_wconf 80' lang='lat' dir='ltr'><strong>ostendere</strong></span> <span class='ocrx_word' id='word_1_17' title='bbox 628 744 644 767; x_wconf 85' lang='lat'><strong>.</strong></span> <span class='ocrx_word' id='word_1_18' title='bbox 685 697 887 756; x_wconf 85' lang='lat' dir='ltr'><strong>malum</strong></span> <span class='ocrx_word' id='word_1_19' title='bbox 926 707 1033 749; x_wconf 91' lang='lat' dir='ltr'><strong>non</strong></span> <span class='ocrx_word' id='word_1_20' title='bbox 1060 687 1131 743; x_wconf 91' lang='lat' dir='ltr'><strong>ab</strong></span> <span class='ocrx_word' id='word_1_21' title='bbox 1166 686 1284 756; x_wconf 85' lang='lat' dir='ltr'><strong>ipso</strong></span> <span class='ocrx_word' id='word_1_22' title='bbox 1321 677 1653 752; x_wconf 86' lang='lat' dir='ltr'><strong>procedere,</strong></span> <span class='ocrx_word' id='word_1_23' title='bbox 1676 684 1914 767; x_wconf 83' lang='lat' dir='ltr'><strong>pravum</strong></span> 
     </span>
    </p>
   </div>
   <div class='ocr_carea' id='block_1_5' title="bbox 318 766 1912 865">
    <p class='ocr_par' dir='ltr' id='par_1_5' title="bbox 318 766 1912 865">
     <span class='ocr_line' id='line_1_5' title="bbox 318 766 1912 865; baseline -0.024 -11"><span class='ocrx_word' id='word_1_24' title='bbox 318 797 463 856; x_wconf 85' lang='lat' dir='ltr'><strong>aliud</strong></span> <span class='ocrx_word' id='word_1_25' title='bbox 496 796 688 865; x_wconf 88' lang='lat' dir='ltr'><strong>dogma</strong></span> <span class='ocrx_word' id='word_1_26' title='bbox 727 790 1046 843; x_wconf 84' lang='lat' dir='ltr'><strong>invexeruut</strong></span> <span class='ocrx_word' id='word_1_27' title='bbox 1068 820 1085 846; x_wconf 87' lang='lat'><strong>,</strong></span> <span class='ocrx_word' id='word_1_28' title='bbox 1115 774 1345 833; x_wconf 89' lang='lat' dir='ltr'><strong>dicendo</strong></span> <span class='ocrx_word' id='word_1_29' title='bbox 1383 769 1617 865; x_wconf 79' lang='lat' dir='ltr'><strong>ingenita</strong></span> <span class='ocrx_word' id='word_1_30' title='bbox 1653 766 1742 821; x_wconf 89' lang='lat' dir='ltr'><strong>illa</strong></span> 
     </span>
    </p>
   </div>
   <div class='ocr_carea' id='block_1_6' title="bbox 322 855 1919 955">
    <p class='ocr_par' dir='ltr' id='par_1_6' title="bbox 322 855 1919 955">
     <span class='ocr_line' id='line_1_6' title="bbox 322 855 1919 955; baseline -0.025 -8"><span class='ocrx_word' id='word_1_31' title='bbox 322 855 479 947; x_wconf 74' lang='lat' dir='ltr'><strong>unde</strong></span> <span class='ocrx_word' id='word_1_32' title='bbox 521 855 681 955; x_wconf 73' lang='lat' dir='ltr'><strong>igitur</strong></span> <span class='ocrx_word' id='word_1_33' title='bbox 709 874 886 935; x_wconf 82' lang='lat' dir='ltr'><strong>mala?</strong></span> <span class='ocrx_word' id='word_1_34' title='bbox 930 869 1162 941; x_wconf 86' lang='lat' dir='ltr'><strong>inquies.</strong></span> <span class='ocrx_word' id='word_1_35' title='bbox 1210 865 1387 955; x_wconf 83' lang='lat' dir='ltr'><strong>Exeo</strong></span> <span class='ocrx_word' id='word_1_36' title='bbox 1414 859 1556 932; x_wconf 91' lang='lat' dir='ltr'><strong>quod</strong></span> <span class='ocrx_word' id='word_1_37' title='bbox 1695 855 1919 955; x_wconf 47' lang='lat' dir='ltr'><strong>veile&#39;et</strong></span> 
     </span>
    </p>
   </div>
   <div class='ocr_carea' id='block_1_7' title="bbox 320 943 1915 1042">
    <p class='ocr_par' dir='ltr' id='par_1_7' title="bbox 320 943 1915 1042">
     <span class='ocr_line' id='line_1_7' title="bbox 320 943 1915 1042; baseline -0.023 -9"><span class='ocrx_word' id='word_1_38' title='bbox 320 943 482 1033; x_wconf 53' lang='lat' dir='ltr'><strong>tu...</strong></span> <span class='ocrx_word' id='word_1_39' title='bbox 500 943 606 1032; x_wconf 65' lang='lat' dir='ltr'><strong>52d</strong></span> <span class='ocrx_word' id='word_1_40' title='bbox 629 972 803 1042; x_wconf 84' lang='lat' dir='ltr'><strong>ipsum</strong></span> <span class='ocrx_word' id='word_1_41' title='bbox 825 963 961 1021; x_wconf 89' lang='lat' dir='ltr'><strong>velle</strong></span> <span class='ocrx_word' id='word_1_42' title='bbox 976 972 1031 1017; x_wconf 78' lang='lat' dir='ltr'><strong>et</strong></span> <span class='ocrx_word' id='word_1_43' title='bbox 1052 956 1191 1014; x_wconf 88' lang='lat' dir='ltr'><strong>nolle</strong></span> <span class='ocrx_word' id='word_1_44' title='bbox 1207 950 1507 1010; x_wconf 74' lang='lat' dir='ltr'><strong>undenam?</strong></span> <span class='ocrx_word' id='word_1_45' title='bbox 1524 950 1563 1003; x_wconf 82' lang='lat' dir='ltr'><strong>A</strong></span> <span class='ocrx_word' id='word_1_46' title='bbox 1589 943 1915 1042; x_wconf 52' lang='lat' dir='ltr'><strong>inconiuus.</strong></span> 
     </span>
    </p>
   </div>
   <div class='ocr_carea' id='block_1_8' title="bbox 324 1033 1919 1138">
    <p class='ocr_par' dir='ltr' id='par_1_8' title="bbox 324 1033 1919 1138">
     <span class='ocr_line' id='line_1_8' title="bbox 324 1033 1919 1138; baseline -0.025 -12"><span class='ocrx_word' id='word_1_47' title='bbox 324 1070 378 1124; x_wconf 88' lang='lat' dir='ltr'><strong>td</strong></span> <span class='ocrx_word' id='word_1_48' title='bbox 407 1070 580 1138; x_wconf 87' lang='lat' dir='ltr'><strong>ipsum</strong></span> <span class='ocrx_word' id='word_1_49' title='bbox 601 1033 733 1118; x_wconf 76' lang='lat' dir='ltr'><strong>facis</strong></span> <span class='ocrx_word' id='word_1_50' title='bbox 755 1073 821 1114; x_wconf 88' lang='lat' dir='ltr'><strong>ac</strong></span> <span class='ocrx_word' id='word_1_51' title='bbox 845 1056 891 1112; x_wconf 92' lang='lat' dir='ltr'><strong>si</strong></span> <span class='ocrx_word' id='word_1_52' title='bbox 914 1060 1209 1124; x_wconf 63' lang='lat' dir='ltr'><strong>quareres,</strong></span> <span class='ocrx_word' id='word_1_53' title='bbox 1233 1044 1512 1138; x_wconf 70' lang='lat' dir='ltr'><strong>Undenam</strong></span> <span class='ocrx_word' id='word_1_54' title='bbox 1539 1036 1718 1109; x_wconf 84' lang='lat' dir='ltr'><strong>prodit</strong></span> <span class='ocrx_word' id='word_1_55' title='bbox 1736 1033 1919 1138; x_wconf 71' lang='lat' dir='ltr'><strong>videre</strong></span> 
     </span>
    </p>
   </div>
   <div class='ocr_carea' id='block_1_9' title="bbox 322 1124 1916 1215">
    <p class='ocr_par' dir='ltr' id='par_1_9' title="bbox 322 1124 1916 1215">
     <span class='ocr_line' id='line_1_9' title="bbox 322 1124 1916 1215; baseline -0.024 1"><span class='ocrx_word' id='word_1_56' title='bbox 322 1170 379 1215; x_wconf 84' lang='lat' dir='ltr'><strong>et</strong></span> <span class='ocrx_word' id='word_1_57' title='bbox 404 1124 513 1212; x_wconf 78' lang='lat' dir='ltr'><strong>.qu</strong></span> <span class='ocrx_word' id='word_1_58' title='bbox 539 1150 761 1210; x_wconf 74' lang='lat' dir='ltr'><strong>videret</strong></span> <span class='ocrx_word' id='word_1_59' title='bbox 786 1161 874 1203; x_wconf 90' lang='lat' dir='ltr'><strong>me</strong></span> <span class='ocrx_word' id='word_1_60' title='bbox 899 1156 1028 1200; x_wconf 88' lang='lat' dir='ltr'><strong>vero</strong></span> <span class='ocrx_word' id='word_1_61' title='bbox 1054 1134 1439 1210; x_wconf 72' lang='lat' dir='ltr'><strong>respondente,</strong></span> <span class='ocrx_word' id='word_1_62' title='bbox 1468 1131 1548 1186; x_wconf 84' lang='lat' dir='ltr'><strong>Ex</strong></span> <span class='ocrx_word' id='word_1_63' title='bbox 1574 1141 1643 1183; x_wconf 90' lang='lat' dir='ltr'><strong>eo</strong></span> <span class='ocrx_word' id='word_1_64' title='bbox 1666 1124 1808 1197; x_wconf 90' lang='lat' dir='ltr'><strong>quod</strong></span> <span class='ocrx_word' id='word_1_65' title='bbox 1836 1132 1916 1179; x_wconf 83' lang='lat' dir='ltr'><strong>est</strong></span> 
     </span>
    </p>
   </div>
   <div class='ocr_carea' id='block_1_10' title="bbox 322 1219 1915 1305">
    <p class='ocr_par' dir='ltr' id='par_1_10' title="bbox 322 1219 1915 1305">
     <span class='ocr_line' id='line_1_10' title="bbox 322 1219 1915 1305; baseline -0.024 2"><span class='ocrx_word' id='word_1_66' title='bbox 322 1248 575 1305; x_wconf 80' lang='lat' dir='ltr'><strong>claudere</strong></span> <span class='ocrx_word' id='word_1_67' title='bbox 601 1255 657 1300; x_wconf 90' lang='lat' dir='ltr'><strong>et</strong></span> <span class='ocrx_word' id='word_1_68' title='bbox 685 1255 792 1298; x_wconf 91' lang='lat' dir='ltr'><strong>non</strong></span> <span class='ocrx_word' id='word_1_69' title='bbox 818 1235 1073 1294; x_wconf 84' lang='lat' dir='ltr'><strong>claudere</strong></span> <span class='ocrx_word' id='word_1_70' title='bbox 1105 1229 1293 1287; x_wconf 88' lang='lat' dir='ltr'><strong>oculos</strong></span> <span class='ocrx_word' id='word_1_71' title='bbox 1323 1243 1337 1280; x_wconf 89' lang='lat'><strong>:</strong></span> <span class='ocrx_word' id='word_1_72' title='bbox 1365 1234 1590 1280; x_wconf 82' lang='lat' dir='ltr'><strong>rursum</strong></span> <span class='ocrx_word' id='word_1_73' title='bbox 1610 1219 1915 1287; x_wconf 81' lang='lat' dir='ltr'><strong>interroga-</strong></span> 
     </span>
    </p>
   </div>
   <div class='ocr_carea' id='block_1_11' title="bbox 324 1308 1921 1409">
    <p class='ocr_par' dir='ltr' id='par_1_11' title="bbox 324 1308 1921 1409">
     <span class='ocr_line' id='line_1_11' title="bbox 324 1308 1921 1409; baseline -0.024 -11"><span class='ocrx_word' id='word_1_74' title='bbox 324 1357 414 1397; x_wconf 87' lang='lat' dir='ltr'><strong>res</strong></span> <span class='ocrx_word' id='word_1_75' title='bbox 437 1381 455 1407; x_wconf 95' lang='lat'><strong>,</strong></span> <span class='ocrx_word' id='word_1_76' title='bbox 487 1338 665 1409; x_wconf 89' lang='lat' dir='ltr'><strong>Ipsum</strong></span> <span class='ocrx_word' id='word_1_77' title='bbox 694 1328 947 1389; x_wconf 82' lang='lat' dir='ltr'><strong>claudere</strong></span> <span class='ocrx_word' id='word_1_78' title='bbox 979 1333 1034 1380; x_wconf 89' lang='lat' dir='ltr'><strong>et</strong></span> <span class='ocrx_word' id='word_1_79' title='bbox 1071 1336 1178 1377; x_wconf 93' lang='lat' dir='ltr'><strong>non</strong></span> <span class='ocrx_word' id='word_1_80' title='bbox 1211 1314 1465 1375; x_wconf 80' lang='lat' dir='ltr'><strong>claudere</strong></span> <span class='ocrx_word' id='word_1_81' title='bbox 1497 1308 1685 1367; x_wconf 75' lang='lat' dir='ltr'><strong>unde?</strong></span> <span class='ocrx_word' id='word_1_82' title='bbox 1726 1318 1921 1375; x_wconf 85' lang='lat' dir='ltr'><strong>meque</strong></span> 
     </span>
    </p>
   </div>
   <div class='ocr_carea' id='block_1_12' title="bbox 323 1397 1919 1503">
    <p class='ocr_par' dir='ltr' id='par_1_12' title="bbox 323 1397 1919 1503">
     <span class='ocr_line' id='line_1_12' title="bbox 323 1397 1919 1503; baseline -0.025 -14"><span class='ocrx_word' id='word_1_83' title='bbox 323 1397 705 1503; x_wconf 72' lang='lat' dir='ltr'><strong>respondente,</strong></span> <span class='ocrx_word' id='word_1_84' title='bbox 725 1425 767 1479; x_wconf 82' lang='lat' dir='ltr'><strong>A</strong></span> <span class='ocrx_word' id='word_1_85' title='bbox 784 1419 943 1477; x_wconf 89' lang='lat' dir='ltr'><strong>nobis</strong></span> <span class='ocrx_word' id='word_1_86' title='bbox 961 1414 1094 1496; x_wconf 78' lang='lat' dir='ltr'><strong>ipsis</strong></span> <span class='ocrx_word' id='word_1_87' title='bbox 1111 1420 1170 1469; x_wconf 89' lang='lat' dir='ltr'><strong>et</strong></span> <span class='ocrx_word' id='word_1_88' title='bbox 1189 1426 1219 1465; x_wconf 85' lang='lat' dir='ltr'><strong>a</strong></span> <span class='ocrx_word' id='word_1_89' title='bbox 1243 1407 1522 1464; x_wconf 90' lang='lat' dir='ltr'><strong>voluntate</strong></span> <span class='ocrx_word' id='word_1_90' title='bbox 1759 1397 1919 1503; x_wconf 69' lang='lat' dir='ltr'><strong>aliam</strong></span> 
     </span>
    </p>
   </div>
   <div class='ocr_carea' id='block_1_13' title="bbox 321 1485 1917 1582">
    <p class='ocr_par' dir='ltr' id='par_1_13' title="bbox 321 1485 1917 1582">
     <span class='ocr_line' id='line_1_13' title="bbox 321 1485 1917 1582; baseline -0.026 -3"><span class='ocrx_word' id='word_1_91' title='bbox 321 1485 508 1578; x_wconf 51' lang='lat' dir='ltr'><strong>snitu</strong></span> <span class='ocrx_word' id='word_1_92' title='bbox 525 1485 740 1573; x_wconf 82' lang='lat' dir='ltr'><strong>causam</strong></span> <span class='ocrx_word' id='word_1_93' title='bbox 760 1485 1051 1582; x_wconf 57' lang='lat' dir='ltr'><strong>quaeres.</strong></span> <span class='ocrx_word' id='word_1_94' title='bbox 1075 1500 1268 1558; x_wconf 77' lang='lat' dir='ltr'><strong>Malum</strong></span> <span class='ocrx_word' id='word_1_95' title='bbox 1284 1498 1482 1568; x_wconf 80' lang='lat' dir='ltr'><strong>quippe</strong></span> <span class='ocrx_word' id='word_1_96' title='bbox 1501 1485 1795 1582; x_wconf 25' lang='lat' dir='ltr'><strong>nibiIAaliut-l</strong></span> <span class='ocrx_word' id='word_1_97' title='bbox 1814 1492 1917 1551; x_wconf 89' lang='lat' dir='ltr'><strong>est,</strong></span> 
     </span>
    </p>
   </div>
   <div class='ocr_carea' id='block_1_14' title="bbox 323 1576 1923 1684">
    <p class='ocr_par' dir='ltr' id='par_1_14' title="bbox 323 1576 1923 1684">
     <span class='ocr_line' id='line_1_14' title="bbox 323 1576 1923 1684; baseline -0.029 -16"><span class='ocrx_word' id='word_1_98' title='bbox 323 1576 484 1684; x_wconf 76' lang='lat' dir='ltr'><strong>quam</strong></span> <span class='ocrx_word' id='word_1_99' title='bbox 515 1623 621 1663; x_wconf 89' lang='lat' dir='ltr'><strong>non</strong></span> <span class='ocrx_word' id='word_1_100' title='bbox 647 1576 867 1659; x_wconf 75' lang='lat' dir='ltr'><strong>obedire</strong></span> <span class='ocrx_word' id='word_1_101' title='bbox 895 1598 1024 1652; x_wconf 84' lang='lat' dir='ltr'><strong>Deo.</strong></span> <span class='ocrx_word' id='word_1_102' title='bbox 1053 1591 1357 1654; x_wconf 89' lang='lat' dir='ltr'><strong>Undenam,</strong></span> <span class='ocrx_word' id='word_1_103' title='bbox 1384 1582 1616 1684; x_wconf 71' lang='lat' dir='ltr'><strong>inquies,</strong></span> <span class='ocrx_word' id='word_1_104' title='bbox 1771 1576 1923 1684; x_wconf 71' lang='lat' dir='ltr'><strong>inve:</strong></span> 
     </span>
    </p>
   </div>
   <div class='ocr_carea' id='block_1_15' title="bbox 324 1665 1922 1761">
    <p class='ocr_par' dir='ltr' id='par_1_15' title="bbox 324 1665 1922 1761">
     <span class='ocr_line' id='line_1_15' title="bbox 324 1665 1922 1761; baseline -0.024 -2"><span class='ocrx_word' id='word_1_105' title='bbox 324 1665 406 1759; x_wconf 56' lang='lat' dir='ltr'><strong>tiu</strong></span> <span class='ocrx_word' id='word_1_106' title='bbox 444 1699 638 1756; x_wconf 78' lang='lat' dir='ltr'><strong>homo?</strong></span> <span class='ocrx_word' id='word_1_107' title='bbox 660 1695 797 1751; x_wconf 86' lang='lat' dir='ltr'><strong>Num</strong></span> <span class='ocrx_word' id='word_1_108' title='bbox 822 1733 840 1760; x_wconf 87' lang='lat'><strong>,</strong></span> <span class='ocrx_word' id='word_1_109' title='bbox 867 1700 1054 1761; x_wconf 68' lang='lat' dir='ltr'><strong>quaeso</strong></span> <span class='ocrx_word' id='word_1_110' title='bbox 1075 1726 1093 1753; x_wconf 89' lang='lat'><strong>,</strong></span> <span class='ocrx_word' id='word_1_111' title='bbox 1120 1679 1341 1738; x_wconf 85' lang='lat' dir='ltr'><strong>difficile</strong></span> <span class='ocrx_word' id='word_1_112' title='bbox 1363 1683 1480 1731; x_wconf 85' lang='lat' dir='ltr'><strong>erat</strong></span> <span class='ocrx_word' id='word_1_113' title='bbox 1505 1674 1607 1728; x_wconf 88' lang='lat' dir='ltr'><strong>hoc</strong></span> <span class='ocrx_word' id='word_1_114' title='bbox 1636 1665 1922 1725; x_wconf 72' lang='lat' dir='ltr'><strong>invenire?</strong></span> 
     </span>
    </p>
   </div>
   <div class='ocr_carea' id='block_1_16' title="bbox 321 1763 1924 1857">
    <p class='ocr_par' dir='ltr' id='par_1_16' title="bbox 321 1763 1924 1857">
     <span class='ocr_line' id='line_1_16' title="bbox 321 1763 1924 1857; baseline -0.024 -6"><span class='ocrx_word' id='word_1_115' title='bbox 321 1793 440 1850; x_wconf 76' lang='lat' dir='ltr'><strong>Non</strong></span> <span class='ocrx_word' id='word_1_116' title='bbox 468 1792 591 1845; x_wconf 89' lang='lat' dir='ltr'><strong>dico</strong></span> <span class='ocrx_word' id='word_1_117' title='bbox 614 1803 714 1857; x_wconf 76' lang='lat' dir='ltr'><strong>ego</strong></span> <span class='ocrx_word' id='word_1_118' title='bbox 740 1785 843 1839; x_wconf 89' lang='lat' dir='ltr'><strong>hoc</strong></span> <span class='ocrx_word' id='word_1_119' title='bbox 866 1778 1083 1836; x_wconf 87' lang='lat' dir='ltr'><strong>difticile</strong></span> <span class='ocrx_word' id='word_1_120' title='bbox 1109 1787 1259 1831; x_wconf 89' lang='lat' dir='ltr'><strong>esse:</strong></span> <span class='ocrx_word' id='word_1_121' title='bbox 1279 1768 1375 1826; x_wconf 85' lang='lat' dir='ltr'><strong>sed</strong></span> <span class='ocrx_word' id='word_1_122' title='bbox 1400 1763 1817 1857; x_wconf 77' lang='lat' dir='ltr'><strong>undeinductus</strong></span> <span class='ocrx_word' id='word_1_123' title='bbox 1837 1766 1924 1814; x_wconf 90' lang='lat' dir='ltr'><strong>est</strong></span> 
     </span>
    </p>
   </div>
   <div class='ocr_carea' id='block_1_17' title="bbox 322 1854 1921 1942">
    <p class='ocr_par' dir='ltr' id='par_1_17' title="bbox 322 1854 1921 1942">
     <span class='ocr_line' id='line_1_17' title="bbox 322 1854 1921 1942; baseline -0.023 -2"><span class='ocrx_word' id='word_1_124' title='bbox 322 1895 382 1939; x_wconf 90' lang='lat' dir='ltr'><strong>ut</strong></span> <span class='ocrx_word' id='word_1_125' title='bbox 411 1884 521 1937; x_wconf 87' lang='lat' dir='ltr'><strong>Deo</strong></span> <span class='ocrx_word' id='word_1_126' title='bbox 546 1854 1108 1942; x_wconf 27' lang='lat' dir='ltr'><strong>nou‘obtemperaret?</strong></span> <span class='ocrx_word' id='word_1_127' title='bbox 1140 1864 1221 1921; x_wconf 86' lang='lat' dir='ltr'><strong>Ex</strong></span> <span class='ocrx_word' id='word_1_128' title='bbox 1250 1859 1482 1934; x_wconf 78' lang='lat' dir='ltr'><strong>ignavia.</strong></span> <span class='ocrx_word' id='word_1_129' title='bbox 1512 1854 1646 1911; x_wconf 83' lang='lat' dir='ltr'><strong>Nam</strong></span> <span class='ocrx_word' id='word_1_130' title='bbox 1673 1866 1799 1908; x_wconf 91' lang='lat' dir='ltr'><strong>cum</strong></span> <span class='ocrx_word' id='word_1_131' title='bbox 1824 1864 1921 1942; x_wconf 83' lang='lat' dir='ltr'><strong>pe-</strong></span> 
     </span>
    </p>
   </div>
   <div class='ocr_carea' id='block_1_18' title="bbox 330 1939 1922 2031">
    <p class='ocr_par' dir='ltr' id='par_1_18' title="bbox 330 1939 1922 2031">
     <span class='ocr_line' id='line_1_18' title="bbox 330 1939 1922 2031; baseline -0.023 0"><span class='ocrx_word' id='word_1_132' title='bbox 330 1989 428 2031; x_wconf 90' lang='lat' dir='ltr'><strong>nes</strong></span> <span class='ocrx_word' id='word_1_133' title='bbox 457 1972 605 2026; x_wconf 91' lang='lat' dir='ltr'><strong>illum</strong></span> <span class='ocrx_word' id='word_1_134' title='bbox 633 1976 780 2024; x_wconf 84' lang='lat' dir='ltr'><strong>esset</strong></span> <span class='ocrx_word' id='word_1_135' title='bbox 807 1939 875 2019; x_wconf 81' lang='lat' dir='ltr'><strong>ad</strong></span> <span class='ocrx_word' id='word_1_136' title='bbox 917 1957 1229 2017; x_wconf 88' lang='lat' dir='ltr'><strong>utrumlibet</strong></span> <span class='ocrx_word' id='word_1_137' title='bbox 1255 1951 1526 2008; x_wconf 89' lang='lat' dir='ltr'><strong>declinare</strong></span> <span class='ocrx_word' id='word_1_138' title='bbox 1546 1986 1564 2013; x_wconf 93' lang='lat'><strong>,</strong></span> <span class='ocrx_word' id='word_1_139' title='bbox 1594 1944 1661 1999; x_wconf 87' lang='lat' dir='ltr'><strong>ad</strong></span> <span class='ocrx_word' id='word_1_140' title='bbox 1692 1943 1797 1997; x_wconf 88' lang='lat' dir='ltr'><strong>hoc</strong></span> <span class='ocrx_word' id='word_1_141' title='bbox 1819 1939 1922 1997; x_wconf 80' lang='lat' dir='ltr'><strong>de-</strong></span> 
     </span>
    </p>
   </div>
   <div class='ocr_carea' id='block_1_19' title="bbox 321 2031 1922 2123">
    <p class='ocr_par' dir='ltr' id='par_1_19' title="bbox 321 2031 1922 2123">
     <span class='ocr_line' id='line_1_19' title="bbox 321 2031 1922 2123; baseline -0.024 0"><span class='ocrx_word' id='word_1_142' title='bbox 321 2065 561 2123; x_wconf 77' lang='lat' dir='ltr'><strong>clinavit.</strong></span> <span class='ocrx_word' id='word_1_143' title='bbox 587 2060 646 2118; x_wconf 88' lang='lat' dir='ltr'><strong>Si</strong></span> <span class='ocrx_word' id='word_1_144' title='bbox 669 2067 847 2113; x_wconf 89' lang='lat' dir='ltr'><strong>autem</strong></span> <span class='ocrx_word' id='word_1_145' title='bbox 869 2063 1070 2120; x_wconf 80' lang='lat' dir='ltr'><strong>anceps</strong></span> <span class='ocrx_word' id='word_1_146' title='bbox 1092 2047 1269 2103; x_wconf 88' lang='lat' dir='ltr'><strong>adhuc</strong></span> <span class='ocrx_word' id='word_1_147' title='bbox 1294 2043 1378 2097; x_wconf 92' lang='lat' dir='ltr'><strong>his</strong></span> <span class='ocrx_word' id='word_1_148' title='bbox 1395 2037 1593 2095; x_wconf 84' lang='lat' dir='ltr'><strong>auditis</strong></span> <span class='ocrx_word' id='word_1_149' title='bbox 1616 2036 1673 2091; x_wconf 92' lang='lat' dir='ltr'><strong>in</strong></span> <span class='ocrx_word' id='word_1_150' title='bbox 1692 2031 1922 2103; x_wconf 73' lang='lat' dir='ltr'><strong>caligine</strong></span> 
     </span>
    </p>
   </div>
   <div class='ocr_carea' id='block_1_20' title="bbox 323 2121 1920 2221">
    <p class='ocr_par' dir='ltr' id='par_1_20' title="bbox 323 2121 1920 2221">
     <span class='ocr_line' id='line_1_20' title="bbox 323 2121 1920 2221; baseline -0.023 -8"><span class='ocrx_word' id='word_1_151' title='bbox 323 2121 555 2212; x_wconf 78' lang='lat' dir='ltr'><strong>versaris</strong></span> <span class='ocrx_word' id='word_1_152' title='bbox 574 2192 595 2221; x_wconf 93' lang='lat'><strong>,</strong></span> <span class='ocrx_word' id='word_1_153' title='bbox 621 2164 725 2221; x_wconf 88' lang='lat' dir='ltr'><strong>ego</strong></span> <span class='ocrx_word' id='word_1_154' title='bbox 754 2147 847 2203; x_wconf 87' lang='lat' dir='ltr'><strong>tibi</strong></span> <span class='ocrx_word' id='word_1_155' title='bbox 875 2141 1227 2215; x_wconf 65' lang='lat' dir='ltr'><strong>quaestionem</strong></span> <span class='ocrx_word' id='word_1_156' title='bbox 1262 2143 1557 2221; x_wconf 79' lang='lat' dir='ltr'><strong>proponam</strong></span> <span class='ocrx_word' id='word_1_157' title='bbox 1588 2121 1920 2221; x_wconf 77' lang='lat' dir='ltr'><strong>uou_difllci-</strong></span> 
     </span>
    </p>
   </div>
   <div class='ocr_carea' id='block_1_21' title="bbox 324 2214 1923 2311">
    <p class='ocr_par' dir='ltr' id='par_1_21' title="bbox 324 2214 1923 2311">
     <span class='ocr_line' id='line_1_21' title="bbox 324 2214 1923 2311; baseline -0.022 -8"><span class='ocrx_word' id='word_1_158' title='bbox 324 2248 430 2302; x_wconf 69' lang='lat' dir='ltr'><strong>han</strong></span> <span class='ocrx_word' id='word_1_159' title='bbox 449 2257 551 2300; x_wconf 84' lang='lat' dir='ltr'><strong>nec</strong></span> <span class='ocrx_word' id='word_1_160' title='bbox 570 2214 918 2311; x_wconf 72' lang='lat' dir='ltr'><strong>implicatam,</strong></span> <span class='ocrx_word' id='word_1_161' title='bbox 937 2232 1034 2287; x_wconf 86' lang='lat' dir='ltr'><strong>sed</strong></span> <span class='ocrx_word' id='word_1_162' title='bbox 1054 2227 1352 2297; x_wconf 83' lang='lat' dir='ltr'><strong>simplicem</strong></span> <span class='ocrx_word' id='word_1_163' title='bbox 1367 2232 1422 2279; x_wconf 88' lang='lat' dir='ltr'><strong>et</strong></span> <span class='ocrx_word' id='word_1_164' title='bbox 1436 2214 1923 2311; x_wconf 36' lang='lat' dir='ltr'><strong>claramait‘uistiue</strong></span> 
     </span>
    </p>
   </div>
   <div class='ocr_carea' id='block_1_22' title="bbox 321 2305 1919 2408">
    <p class='ocr_par' dir='ltr' id='par_1_22' title="bbox 321 2305 1919 2408">
     <span class='ocr_line' id='line_1_22' title="bbox 321 2305 1919 2408; baseline -0.022 -14"><span class='ocrx_word' id='word_1_165' title='bbox 321 2332 609 2408; x_wconf 84' lang='lat' dir='ltr'><strong>aliquando</strong></span> <span class='ocrx_word' id='word_1_166' title='bbox 645 2305 858 2387; x_wconf 75' lang='lat' dir='ltr'><strong>malus?</strong></span> <span class='ocrx_word' id='word_1_167' title='bbox 898 2322 1117 2379; x_wconf 87' lang='lat' dir='ltr'><strong>fuistine</strong></span> <span class='ocrx_word' id='word_1_168' title='bbox 1145 2313 1433 2388; x_wconf 74' lang='lat' dir='ltr'><strong>aliquando</strong></span> <span class='ocrx_word' id='word_1_169' title='bbox 1472 2307 1685 2367; x_wconf 74' lang='lat' dir='ltr'><strong>bonust</strong></span> <span class='ocrx_word' id='word_1_170' title='bbox 1704 2305 1770 2408; x_wconf 77' lang='lat' dir='ltr'><strong>td</strong></span> <span class='ocrx_word' id='word_1_171' title='bbox 1795 2312 1881 2362; x_wconf 86' lang='lat' dir='ltr'><strong>est</strong></span> <span class='ocrx_word' id='word_1_172' title='bbox 1901 2344 1919 2372; x_wconf 90' lang='lat'><strong>,</strong></span> 
     </span>
    </p>
   </div>
   <div class='ocr_carea' id='block_1_23' title="bbox 322 2400 1921 2496">
    <p class='ocr_par' dir='ltr' id='par_1_23' title="bbox 322 2400 1921 2496">
     <span class='ocr_line' id='line_1_23' title="bbox 322 2400 1921 2496; baseline -0.021 -10"><span class='ocrx_word' id='word_1_173' title='bbox 322 2400 451 2486; x_wconf 79' lang='lat' dir='ltr'><strong>num</strong></span> <span class='ocrx_word' id='word_1_174' title='bbox 478 2426 661 2496; x_wconf 87' lang='lat' dir='ltr'><strong>aliquo</strong></span> <span class='ocrx_word' id='word_1_175' title='bbox 685 2420 819 2477; x_wconf 91' lang='lat' dir='ltr'><strong>vitio</strong></span> <span class='ocrx_word' id='word_1_176' title='bbox 842 2416 1088 2488; x_wconf 86' lang='lat' dir='ltr'><strong>superior</strong></span> <span class='ocrx_word' id='word_1_177' title='bbox 1113 2411 1284 2476; x_wconf 86' lang='lat' dir='ltr'><strong>fuisti,</strong></span> <span class='ocrx_word' id='word_1_178' title='bbox 1312 2417 1367 2465; x_wconf 91' lang='lat' dir='ltr'><strong>et</strong></span> <span class='ocrx_word' id='word_1_179' title='bbox 1394 2414 1579 2476; x_wconf 85' lang='lat' dir='ltr'><strong>postea</strong></span> <span class='ocrx_word' id='word_1_180' title='bbox 1605 2403 1675 2458; x_wconf 83' lang='lat' dir='ltr'><strong>ab</strong></span> <span class='ocrx_word' id='word_1_181' title='bbox 1704 2400 1799 2455; x_wconf 88' lang='lat' dir='ltr'><strong>illo</strong></span> <span class='ocrx_word' id='word_1_182' title='bbox 1824 2413 1921 2455; x_wconf 86' lang='lat' dir='ltr'><strong>ca-</strong></span> 
     </span>
    </p>
   </div>
   <div class='ocr_carea' id='block_1_24' title="bbox 326 2494 1921 2591">
    <p class='ocr_par' dir='ltr' id='par_1_24' title="bbox 326 2494 1921 2591">
     <span class='ocr_line' id='line_1_24' title="bbox 326 2494 1921 2591; baseline -0.019 -15"><span class='ocrx_word' id='word_1_183' title='bbox 326 2530 445 2591; x_wconf 85' lang='lat' dir='ltr'><strong>ptus</strong></span> <span class='ocrx_word' id='word_1_184' title='bbox 474 2494 584 2574; x_wconf 34' lang='lat' dir='ltr'><strong>es?—</strong></span> <span class='ocrx_word' id='word_1_185' title='bbox 605 2509 839 2570; x_wconf 89' lang='lat' dir='ltr'><strong>incidisti</strong></span> <span class='ocrx_word' id='word_1_186' title='bbox 865 2509 919 2565; x_wconf 90' lang='lat' dir='ltr'><strong>in</strong></span> <span class='ocrx_word' id='word_1_187' title='bbox 945 2506 1282 2568; x_wconf 77' lang='lat' dir='ltr'><strong>ebrietatem,</strong></span> <span class='ocrx_word' id='word_1_188' title='bbox 1309 2509 1365 2557; x_wconf 91' lang='lat' dir='ltr'><strong>et</strong></span> <span class='ocrx_word' id='word_1_189' title='bbox 1396 2506 1578 2569; x_wconf 85' lang='lat' dir='ltr'><strong>postea</strong></span> <span class='ocrx_word' id='word_1_190' title='bbox 1605 2494 1921 2550; x_wconf 88' lang='lat' dir='ltr'><strong>hoc-vitium</strong></span> 
     </span>
    </p>
   </div>
   <div class='ocr_carea' id='block_1_25' title="bbox 321 2583 1922 2680">
    <p class='ocr_par' dir='ltr' id='par_1_25' title="bbox 321 2583 1922 2680">
     <span class='ocr_line' id='line_1_25' title="bbox 321 2583 1922 2680; baseline -0.019 -14"><span class='ocrx_word' id='word_1_191' title='bbox 321 2583 612 2680; x_wconf 72' lang='lat' dir='ltr'><strong>depulisti?</strong></span> <span class='ocrx_word' id='word_1_192' title='bbox 634 2606 801 2661; x_wconf 86' lang='lat' dir='ltr'><strong>iratus</strong></span> <span class='ocrx_word' id='word_1_193' title='bbox 822 2616 905 2666; x_wconf 87' lang='lat' dir='ltr'><strong>es,</strong></span> <span class='ocrx_word' id='word_1_194' title='bbox 930 2605 988 2655; x_wconf 91' lang='lat' dir='ltr'><strong>et</strong></span> <span class='ocrx_word' id='word_1_195' title='bbox 1012 2602 1197 2668; x_wconf 82' lang='lat' dir='ltr'><strong>postea</strong></span> <span class='ocrx_word' id='word_1_196' title='bbox 1226 2590 1383 2647; x_wconf 78' lang='lat' dir='ltr'><strong>irasci</strong></span> <span class='ocrx_word' id='word_1_197' title='bbox 1408 2587 1611 2645; x_wconf 84' lang='lat' dir='ltr'><strong>desiisti</strong></span> <span class='ocrx_word' id='word_1_198' title='bbox 1633 2601 1649 2653; x_wconf 90' lang='lat'><strong>;</strong></span> <span class='ocrx_word' id='word_1_199' title='bbox 1672 2583 1922 2653; x_wconf 84' lang='lat' dir='ltr'><strong>despexi-</strong></span> 
     </span>
    </p>
   </div>
   <div class='ocr_carea' id='block_1_26' title="bbox 322 2681 1921 2770">
    <p class='ocr_par' dir='ltr' id='par_1_26' title="bbox 322 2681 1921 2770">
     <span class='ocr_line' id='line_1_26' title="bbox 322 2681 1921 2770; baseline -0.018 -13"><span class='ocrx_word' id='word_1_200' title='bbox 322 2700 391 2757; x_wconf 90' lang='lat' dir='ltr'><strong>sti</strong></span> <span class='ocrx_word' id='word_1_201' title='bbox 414 2710 726 2770; x_wconf 87' lang='lat' dir='ltr'><strong>pauperem,</strong></span> <span class='ocrx_word' id='word_1_202' title='bbox 743 2701 798 2748; x_wconf 89' lang='lat' dir='ltr'><strong>et</strong></span> <span class='ocrx_word' id='word_1_203' title='bbox 818 2696 1002 2762; x_wconf 88' lang='lat' dir='ltr'><strong>postea</strong></span> <span class='ocrx_word' id='word_1_204' title='bbox 1023 2681 1221 2742; x_wconf 75' lang='lat' dir='ltr'><strong>secus?</strong></span> <span class='ocrx_word' id='word_1_205' title='bbox 1242 2681 1534 2737; x_wconf 78' lang='lat' dir='ltr'><strong>fornicatus</strong></span> <span class='ocrx_word' id='word_1_206' title='bbox 1552 2691 1635 2744; x_wconf 86' lang='lat' dir='ltr'><strong>es,</strong></span> <span class='ocrx_word' id='word_1_207' title='bbox 1658 2686 1713 2731; x_wconf 89' lang='lat' dir='ltr'><strong>et</strong></span> <span class='ocrx_word' id='word_1_208' title='bbox 1732 2684 1921 2745; x_wconf 89' lang='lat' dir='ltr'><strong>postea</strong></span> 
     </span>
    </p>
   </div>
   <div class='ocr_carea' id='block_1_27' title="bbox 321 2763 1921 2845">
    <p class='ocr_par' dir='ltr' id='par_1_27' title="bbox 321 2763 1921 2845">
     <span class='ocr_line' id='line_1_27' title="bbox 321 2763 1921 2845; baseline -0.016 -1"><span class='ocrx_word' id='word_1_209' title='bbox 321 2763 609 2844; x_wconf 79' lang='lat' dir='ltr'><strong>continens</strong></span> <span class='ocrx_word' id='word_1_210' title='bbox 639 2784 823 2839; x_wconf 79' lang='lat' dir='ltr'><strong>fuisti?</strong></span> <span class='ocrx_word' id='word_1_211' title='bbox 862 2779 1016 2837; x_wconf 93' lang='lat' dir='ltr'><strong>Unde</strong></span> <span class='ocrx_word' id='word_1_212' title='bbox 1040 2817 1056 2843; x_wconf 94' lang='lat'><strong>,</strong></span> <span class='ocrx_word' id='word_1_213' title='bbox 1087 2788 1271 2845; x_wconf 68' lang='lat' dir='ltr'><strong>quatso</strong></span> <span class='ocrx_word' id='word_1_214' title='bbox 1289 2813 1308 2839; x_wconf 89' lang='lat'><strong>,</strong></span> <span class='ocrx_word' id='word_1_215' title='bbox 1341 2771 1457 2827; x_wconf 76' lang='lat' dir='ltr'><strong>ba-c</strong></span> <span class='ocrx_word' id='word_1_216' title='bbox 1482 2766 1702 2835; x_wconf 71' lang='lat' dir='ltr'><strong>omnia?</strong></span> <span class='ocrx_word' id='word_1_217' title='bbox 1732 2763 1921 2820; x_wconf 70' lang='lat' dir='ltr'><strong>unde?</strong></span> 
     </span>
    </p>
   </div>
   <div class='ocr_carea' id='block_1_28' title="bbox 321 2856 1923 2941">
    <p class='ocr_par' dir='ltr' id='par_1_28' title="bbox 321 2856 1923 2941">
     <span class='ocr_line' id='line_1_28' title="bbox 321 2856 1923 2941; baseline -0.016 -5"><span class='ocrx_word' id='word_1_218' title='bbox 321 2880 380 2937; x_wconf 94' lang='lat' dir='ltr'><strong>Si</strong></span> <span class='ocrx_word' id='word_1_219' title='bbox 418 2890 475 2934; x_wconf 90' lang='lat' dir='ltr'><strong>tu</strong></span> <span class='ocrx_word' id='word_1_220' title='bbox 515 2875 746 2931; x_wconf 81' lang='lat' dir='ltr'><strong>tacueris</strong></span> <span class='ocrx_word' id='word_1_221' title='bbox 770 2913 787 2938; x_wconf 91' lang='lat'><strong>,</strong></span> <span class='ocrx_word' id='word_1_222' title='bbox 823 2884 927 2941; x_wconf 85' lang='lat' dir='ltr'><strong>ego</strong></span> <span class='ocrx_word' id='word_1_223' title='bbox 961 2868 1159 2924; x_wconf 89' lang='lat' dir='ltr'><strong>dicam.</strong></span> <span class='ocrx_word' id='word_1_224' title='bbox 1190 2863 1325 2933; x_wconf 82' lang='lat' dir='ltr'><strong>Quia</strong></span> <span class='ocrx_word' id='word_1_225' title='bbox 1351 2875 1476 2917; x_wconf 90' lang='lat' dir='ltr'><strong>cum</strong></span> <span class='ocrx_word' id='word_1_226' title='bbox 1504 2857 1684 2915; x_wconf 88' lang='lat' dir='ltr'><strong>studio</strong></span> <span class='ocrx_word' id='word_1_227' title='bbox 1710 2866 1767 2914; x_wconf 89' lang='lat' dir='ltr'><strong>et</strong></span> <span class='ocrx_word' id='word_1_228' title='bbox 1801 2856 1923 2912; x_wconf 87' lang='lat' dir='ltr'><strong>dili-</strong></span> 
     </span>
    </p>
   </div>
   <div class='ocr_carea' id='block_1_29' title="bbox 322 2948 1919 3042">
    <p class='ocr_par' dir='ltr' id='par_1_29' title="bbox 322 2948 1919 3042">
     <span class='ocr_line' id='line_1_29' title="bbox 322 2948 1919 3042; baseline -0.015 -16"><span class='ocrx_word' id='word_1_229' title='bbox 322 2972 499 3042; x_wconf 76' lang='lat' dir='ltr'><strong>gentia</strong></span> <span class='ocrx_word' id='word_1_230' title='bbox 532 2971 583 3025; x_wconf 90' lang='lat' dir='ltr'><strong>id</strong></span> <span class='ocrx_word' id='word_1_231' title='bbox 610 2974 837 3022; x_wconf 79' lang='lat' dir='ltr'><strong>conatus</strong></span> <span class='ocrx_word' id='word_1_232' title='bbox 859 2977 950 3028; x_wconf 87' lang='lat' dir='ltr'><strong>es;</strong></span> <span class='ocrx_word' id='word_1_233' title='bbox 983 2969 1166 3032; x_wconf 86' lang='lat' dir='ltr'><strong>postea</strong></span> <span class='ocrx_word' id='word_1_234' title='bbox 1190 2969 1319 3021; x_wconf 81' lang='lat' dir='ltr'><strong>vero</strong></span> <span class='ocrx_word' id='word_1_235' title='bbox 1346 2953 1553 3010; x_wconf 87' lang='lat' dir='ltr'><strong>solutus</strong></span> <span class='ocrx_word' id='word_1_236' title='bbox 1580 2952 1633 3007; x_wconf 92' lang='lat' dir='ltr'><strong>in</strong></span> <span class='ocrx_word' id='word_1_237' title='bbox 1658 2948 1919 3006; x_wconf 80' lang='lat' dir='ltr'><strong>desidiam</strong></span> 
     </span>
    </p>
   </div>
   <div class='ocr_carea' id='block_1_30' title="bbox 321 3040 1921 3124">
    <p class='ocr_par' dir='ltr' id='par_1_30' title="bbox 321 3040 1921 3124">
     <span class='ocr_line' id='line_1_30' title="bbox 321 3040 1921 3124; baseline -0.014 -7"><span class='ocrx_word' id='word_1_238' title='bbox 321 3040 589 3118; x_wconf 78' lang='lat' dir='ltr'><strong>decidisti.</strong></span> <span class='ocrx_word' id='word_1_239' title='bbox 634 3058 767 3117; x_wconf 81' lang='lat' dir='ltr'><strong>Nam</strong></span> <span class='ocrx_word' id='word_1_240' title='bbox 797 3051 1095 3124; x_wconf 69' lang='lat' dir='ltr'><strong>desperatis</strong></span> <span class='ocrx_word' id='word_1_241' title='bbox 1136 3048 1240 3104; x_wconf 88' lang='lat' dir='ltr'><strong>illis</strong></span> <span class='ocrx_word' id='word_1_242' title='bbox 1262 3088 1279 3114; x_wconf 95' lang='lat'><strong>,</strong></span> <span class='ocrx_word' id='word_1_243' title='bbox 1305 3045 1399 3117; x_wconf 88' lang='lat' dir='ltr'><strong>qui</strong></span> <span class='ocrx_word' id='word_1_244' title='bbox 1443 3058 1504 3099; x_wconf 88' lang='lat' dir='ltr'><strong>se</strong></span> <span class='ocrx_word' id='word_1_245' title='bbox 1533 3043 1628 3097; x_wconf 91' lang='lat' dir='ltr'><strong>toti</strong></span> <span class='ocrx_word' id='word_1_246' title='bbox 1668 3040 1921 3111; x_wconf 73' lang='lat' dir='ltr'><strong>nequitiae</strong></span> 
     </span>
    </p>
   </div>
   <div class='ocr_carea' id='block_1_31' title="bbox 322 3130 1922 3218">
    <p class='ocr_par' dir='ltr' id='par_1_31' title="bbox 322 3130 1922 3218">
     <span class='ocr_line' id='line_1_31' title="bbox 322 3130 1922 3218; baseline -0.016 -9"><span class='ocrx_word' id='word_1_247' title='bbox 322 3153 650 3209; x_wconf 87' lang='lat' dir='ltr'><strong>dediderunt</strong></span> <span class='ocrx_word' id='word_1_248' title='bbox 673 3188 688 3211; x_wconf 94' lang='lat'><strong>,</strong></span> <span class='ocrx_word' id='word_1_249' title='bbox 727 3147 818 3218; x_wconf 90' lang='lat' dir='ltr'><strong>qui</strong></span> <span class='ocrx_word' id='word_1_250' title='bbox 848 3144 968 3201; x_wconf 85' lang='lat' dir='ltr'><strong>sine</strong></span> <span class='ocrx_word' id='word_1_251' title='bbox 1008 3153 1172 3197; x_wconf 85' lang='lat' dir='ltr'><strong>sensu</strong></span> <span class='ocrx_word' id='word_1_252' title='bbox 1199 3152 1263 3193; x_wconf 84' lang='lat' dir='ltr'><strong>ac</strong></span> <span class='ocrx_word' id='word_1_253' title='bbox 1291 3133 1478 3191; x_wconf 84' lang='lat' dir='ltr'><strong>furiosi</strong></span> <span class='ocrx_word' id='word_1_254' title='bbox 1509 3141 1673 3198; x_wconf 91' lang='lat' dir='ltr'><strong>sunt,</strong></span> <span class='ocrx_word' id='word_1_255' title='bbox 1716 3130 1806 3202; x_wconf 85' lang='lat' dir='ltr'><strong>qui</strong></span> <span class='ocrx_word' id='word_1_256' title='bbox 1851 3143 1922 3184; x_wconf 90' lang='lat' dir='ltr'><strong>ne</strong></span> 
     </span>
    </p>
   </div>
   <div class='ocr_carea' id='block_1_32' title="bbox 323 3224 1917 3312">
    <p class='ocr_par' dir='ltr' id='par_1_32' title="bbox 323 3224 1917 3312">
     <span class='ocr_line' id='line_1_32' title="bbox 323 3224 1917 3312; baseline -0.016 -14"><span class='ocrx_word' id='word_1_257' title='bbox 323 3245 507 3298; x_wconf 77' lang='lat' dir='ltr'><strong>audire</strong></span> <span class='ocrx_word' id='word_1_258' title='bbox 538 3239 755 3312; x_wconf 89' lang='lat' dir='ltr'><strong>quidem</strong></span> <span class='ocrx_word' id='word_1_259' title='bbox 783 3236 967 3291; x_wconf 91' lang='lat' dir='ltr'><strong>volunt</strong></span> <span class='ocrx_word' id='word_1_260' title='bbox 996 3246 1062 3288; x_wconf 85' lang='lat' dir='ltr'><strong>ea</strong></span> <span class='ocrx_word' id='word_1_261' title='bbox 1084 3244 1207 3302; x_wconf 70' lang='lat' dir='ltr'><strong>qua:</strong></span> <span class='ocrx_word' id='word_1_262' title='bbox 1233 3227 1302 3283; x_wconf 84' lang='lat' dir='ltr'><strong>ad</strong></span> <span class='ocrx_word' id='word_1_263' title='bbox 1330 3224 1761 3283; x_wconf 88' lang='lat' dir='ltr'><strong>emendationem</strong></span> <span class='ocrx_word' id='word_1_264' title='bbox 1789 3235 1917 3290; x_wconf 84' lang='lat' dir='ltr'><strong>spe-</strong></span> 
     </span>
    </p>
   </div>
   <div class='ocr_carea' id='block_1_33' title="bbox 321 3312 1922 3394">
    <p class='ocr_par' dir='ltr' id='par_1_33' title="bbox 321 3312 1922 3394">
     <span class='ocr_line' id='line_1_33' title="bbox 321 3312 1922 3394; baseline -0.016 -5"><span class='ocrx_word' id='word_1_265' title='bbox 321 3344 492 3394; x_wconf 85' lang='lat' dir='ltr'><strong>ctant.</strong></span> <span class='ocrx_word' id='word_1_266' title='bbox 521 3334 587 3387; x_wconf 90' lang='lat' dir='ltr'><strong>iis</strong></span> <span class='ocrx_word' id='word_1_267' title='bbox 613 3338 761 3386; x_wconf 86' lang='lat' dir='ltr'><strong>certe</strong></span> <span class='ocrx_word' id='word_1_268' title='bbox 790 3326 1011 3383; x_wconf 87' lang='lat' dir='ltr'><strong>minime</strong></span> <span class='ocrx_word' id='word_1_269' title='bbox 1038 3322 1107 3379; x_wconf 90' lang='lat' dir='ltr'><strong>de</strong></span> <span class='ocrx_word' id='word_1_270' title='bbox 1131 3315 1465 3392; x_wconf 88' lang='lat' dir='ltr'><strong>philosophia</strong></span> <span class='ocrx_word' id='word_1_271' title='bbox 1492 3316 1711 3385; x_wconf 87' lang='lat' dir='ltr'><strong>loquar;</strong></span> <span class='ocrx_word' id='word_1_272' title='bbox 1740 3312 1803 3366; x_wconf 80' lang='lat' dir='ltr'><strong>iis</strong></span> <span class='ocrx_word' id='word_1_273' title='bbox 1830 3325 1922 3365; x_wconf 83' lang='lat' dir='ltr'><strong>ve-</strong></span> 
     </span>
    </p>
   </div>
   <div class='ocr_carea' id='block_1_34' title="bbox 325 3403 1920 3497">
    <p class='ocr_par' dir='ltr' id='par_1_34' title="bbox 325 3403 1920 3497">
     <span class='ocr_line' id='line_1_34' title="bbox 325 3403 1920 3497; baseline -0.017 -13"><span class='ocrx_word' id='word_1_274' title='bbox 325 3446 386 3484; x_wconf 86' lang='lat' dir='ltr'><strong>ro</strong></span> <span class='ocrx_word' id='word_1_275' title='bbox 411 3470 427 3493; x_wconf 93' lang='lat'><strong>,</strong></span> <span class='ocrx_word' id='word_1_276' title='bbox 468 3427 559 3497; x_wconf 91' lang='lat' dir='ltr'><strong>qui</strong></span> <span class='ocrx_word' id='word_1_277' title='bbox 599 3421 759 3478; x_wconf 89' lang='lat' dir='ltr'><strong>modo</strong></span> <span class='ocrx_word' id='word_1_278' title='bbox 794 3420 898 3475; x_wconf 92' lang='lat' dir='ltr'><strong>hoc</strong></span> <span class='ocrx_word' id='word_1_279' title='bbox 921 3458 939 3486; x_wconf 96' lang='lat'><strong>,</strong></span> <span class='ocrx_word' id='word_1_280' title='bbox 980 3416 1142 3471; x_wconf 90' lang='lat' dir='ltr'><strong>modo</strong></span> <span class='ocrx_word' id='word_1_281' title='bbox 1176 3409 1308 3468; x_wconf 91' lang='lat' dir='ltr'><strong>illud</strong></span> <span class='ocrx_word' id='word_1_282' title='bbox 1345 3414 1621 3464; x_wconf 76' lang='lat' dir='ltr'><strong>secmntur</strong></span> <span class='ocrx_word' id='word_1_283' title='bbox 1642 3444 1659 3470; x_wconf 95' lang='lat'><strong>,</strong></span> <span class='ocrx_word' id='word_1_284' title='bbox 1692 3403 1920 3458; x_wconf 89' lang='lat' dir='ltr'><strong>libenter</strong></span> 
     </span>
    </p>
   </div>
   <div class='ocr_carea' id='block_1_35' title="bbox 324 3496 1917 3581">
    <p class='ocr_par' dir='ltr' id='par_1_35' title="bbox 324 3496 1917 3581">
     <span class='ocr_line' id='line_1_35' title="bbox 324 3496 1917 3581; baseline -0.019 -6"><span class='ocrx_word' id='word_1_285' title='bbox 324 3496 497 3575; x_wconf 11' lang='lat' dir='ltr'><strong>verba,</strong></span> <span class='ocrx_word' id='word_1_286' title='bbox 517 3516 734 3572; x_wconf 83' lang='lat' dir='ltr'><strong>faciam:</strong></span> <span class='ocrx_word' id='word_1_287' title='bbox 763 3506 1065 3581; x_wconf 74' lang='lat' dir='ltr'><strong>Aliquando</strong></span> <span class='ocrx_word' id='word_1_288' title='bbox 1090 3503 1309 3574; x_wconf 89' lang='lat' dir='ltr'><strong>rapuisti</strong></span> <span class='ocrx_word' id='word_1_289' title='bbox 1334 3513 1456 3570; x_wconf 77' lang='lat' dir='ltr'><strong>qua:</strong></span> <span class='ocrx_word' id='word_1_290' title='bbox 1484 3496 1551 3553; x_wconf 89' lang='lat' dir='ltr'><strong>ad</strong></span> <span class='ocrx_word' id='word_1_291' title='bbox 1582 3504 1633 3551; x_wconf 92' lang='lat' dir='ltr'><strong>te</strong></span> <span class='ocrx_word' id='word_1_292' title='bbox 1662 3511 1767 3549; x_wconf 92' lang='lat' dir='ltr'><strong>non</strong></span> <span class='ocrx_word' id='word_1_293' title='bbox 1798 3507 1917 3563; x_wconf 89' lang='lat' dir='ltr'><strong>per-</strong></span> 
     </span>
    </p>
   </div>
   <div class='ocr_carea' id='block_1_36' title="bbox 324 3584 1920 3673">
    <p class='ocr_par' dir='ltr' id='par_1_36' title="bbox 324 3584 1920 3673">
     <span class='ocr_line' id='line_1_36' title="bbox 324 3584 1920 3673; baseline -0.018 -6"><span class='ocrx_word' id='word_1_294' title='bbox 324 3591 600 3673; x_wconf 79' lang='lat' dir='ltr'><strong>tinebant;</strong></span> <span class='ocrx_word' id='word_1_295' title='bbox 641 3603 836 3661; x_wconf 90' lang='lat' dir='ltr'><strong>deinde</strong></span> <span class='ocrx_word' id='word_1_296' title='bbox 876 3614 1006 3656; x_wconf 90' lang='lat' dir='ltr'><strong>vero</strong></span> <span class='ocrx_word' id='word_1_297' title='bbox 1052 3591 1420 3652; x_wconf 85' lang='lat' dir='ltr'><strong>misericordia</strong></span> <span class='ocrx_word' id='word_1_298' title='bbox 1459 3597 1636 3645; x_wconf 87' lang='lat' dir='ltr'><strong>motus</strong></span> <span class='ocrx_word' id='word_1_299' title='bbox 1663 3587 1731 3641; x_wconf 91' lang='lat' dir='ltr'><strong>de</strong></span> <span class='ocrx_word' id='word_1_300' title='bbox 1763 3584 1920 3644; x_wconf 85' lang='lat' dir='ltr'><strong>bonis</strong></span> 
     </span>
    </p>
   </div>
   <div class='ocr_carea' id='block_1_37' title="bbox 325 3675 1919 3769">
    <p class='ocr_par' dir='ltr' id='par_1_37' title="bbox 325 3675 1919 3769">
     <span class='ocr_line' id='line_1_37' title="bbox 325 3675 1919 3769; baseline -0.018 -13"><span class='ocrx_word' id='word_1_301' title='bbox 325 3702 432 3756; x_wconf 90' lang='lat' dir='ltr'><strong>tuis</strong></span> <span class='ocrx_word' id='word_1_302' title='bbox 456 3712 628 3769; x_wconf 82' lang='lat' dir='ltr'><strong>egeno</strong></span> <span class='ocrx_word' id='word_1_303' title='bbox 654 3695 875 3765; x_wconf 84' lang='lat' dir='ltr'><strong>largitus</strong></span> <span class='ocrx_word' id='word_1_304' title='bbox 902 3705 984 3746; x_wconf 86' lang='lat' dir='ltr'><strong>es.</strong></span> <span class='ocrx_word' id='word_1_305' title='bbox 1022 3685 1174 3745; x_wconf 87' lang='lat' dir='ltr'><strong>Unde</strong></span> <span class='ocrx_word' id='word_1_306' title='bbox 1215 3684 1329 3738; x_wconf 83' lang='lat' dir='ltr'><strong>h:ec</strong></span> <span class='ocrx_word' id='word_1_307' title='bbox 1356 3678 1614 3736; x_wconf 81' lang='lat' dir='ltr'><strong>mutatio&quot;</strong></span> <span class='ocrx_word' id='word_1_308' title='bbox 1640 3691 1819 3731; x_wconf 87' lang='lat' dir='ltr'><strong>annon</strong></span> <span class='ocrx_word' id='word_1_309' title='bbox 1852 3675 1919 3729; x_wconf 87' lang='lat' dir='ltr'><strong>Ii-</strong></span> 
     </span>
    </p>
   </div>
   <div class='ocr_carea' id='block_1_38' title="bbox 322 3764 1918 3861">
    <p class='ocr_par' dir='ltr' id='par_1_38' title="bbox 322 3764 1918 3861">
     <span class='ocr_line' id='line_1_38' title="bbox 322 3764 1918 3861; baseline -0.018 -14"><span class='ocrx_word' id='word_1_310' title='bbox 322 3764 543 3861; x_wconf 69' lang='lat' dir='ltr'><strong>quiduin</strong></span> <span class='ocrx_word' id='word_1_311' title='bbox 570 3799 648 3843; x_wconf 91' lang='lat' dir='ltr'><strong>est</strong></span> <span class='ocrx_word' id='word_1_312' title='bbox 677 3764 753 3843; x_wconf 83' lang='lat' dir='ltr'><strong>ex</strong></span> <span class='ocrx_word' id='word_1_313' title='bbox 773 3784 1045 3837; x_wconf 82' lang='lat' dir='ltr'><strong>voluntate</strong></span> <span class='ocrx_word' id='word_1_314' title='bbox 1067 3793 1131 3833; x_wconf 87' lang='lat' dir='ltr'><strong>ac</strong></span> <span class='ocrx_word' id='word_1_315' title='bbox 1157 3776 1325 3831; x_wconf 90' lang='lat' dir='ltr'><strong>libero</strong></span> <span class='ocrx_word' id='word_1_316' title='bbox 1347 3770 1575 3829; x_wconf 86' lang='lat' dir='ltr'><strong>arbitrio</strong></span> <span class='ocrx_word' id='word_1_317' title='bbox 1599 3767 1754 3825; x_wconf 77' lang='lat' dir='ltr'><strong>esse?</strong></span> <span class='ocrx_word' id='word_1_318' title='bbox 1784 3764 1918 3822; x_wconf 90' lang='lat' dir='ltr'><strong>Illud</strong></span> 
     </span>
    </p>
   </div>
   <div class='ocr_carea' id='block_1_39' title="bbox 322 3869 1777 3943">
    <p class='ocr_par' dir='ltr' id='par_1_39' title="bbox 322 3869 1777 3943">
     <span class='ocr_line' id='line_1_39' title="bbox 322 3869 1777 3943; baseline -0.019 -4"><span class='ocrx_word' id='word_1_319' title='bbox 322 3893 528 3939; x_wconf 81' lang='lat' dir='ltr'><strong>certum</strong></span> <span class='ocrx_word' id='word_1_320' title='bbox 555 3888 637 3935; x_wconf 86' lang='lat' dir='ltr'><strong>est</strong></span> <span class='ocrx_word' id='word_1_321' title='bbox 657 3918 672 3943; x_wconf 88' lang='lat'><strong>,</strong></span> <span class='ocrx_word' id='word_1_322' title='bbox 705 3891 767 3930; x_wconf 84' lang='lat' dir='ltr'><strong>ac</strong></span> <span class='ocrx_word' id='word_1_323' title='bbox 792 3888 951 3930; x_wconf 88' lang='lat' dir='ltr'><strong>nemo</strong></span> <span class='ocrx_word' id='word_1_324' title='bbox 981 3869 1275 3940; x_wconf 76' lang='lat' dir='ltr'><strong>negaverit.</strong></span> <span class='ocrx_word' id='word_1_325' title='bbox 1772 3886 1777 3889; x_wconf 28' lang='grc' dir='ltr'>Α</span> 
     </span>
    </p>
   </div>
   <div class='ocr_carea' id='block_1_40' title="bbox 398 3950 1920 4037">
    <p class='ocr_par' dir='ltr' id='par_1_40' title="bbox 398 3950 1920 4037">
     <span class='ocr_line' id='line_1_40' title="bbox 398 3950 1920 4037; baseline -0.016 -12"><span class='ocrx_word' id='word_1_326' title='bbox 398 3971 541 4025; x_wconf 74' lang='lat' dir='ltr'><strong>Mula</strong></span> <span class='ocrx_word' id='word_1_327' title='bbox 579 3986 643 4024; x_wconf 77' lang='lat' dir='ltr'><strong>ea:</strong></span> <span class='ocrx_word' id='word_1_328' title='bbox 678 3965 881 4037; x_wconf 77' lang='lat' dir='ltr'><strong>ignavia</strong></span> <span class='ocrx_word' id='word_1_329' title='bbox 912 3963 1159 4033; x_wconf 83' lang='lat' dir='ltr'><strong>prodeunt</strong></span> <span class='ocrx_word' id='word_1_330' title='bbox 1184 3999 1201 4025; x_wconf 96' lang='lat'><strong>,</strong></span> <span class='ocrx_word' id='word_1_331' title='bbox 1227 3966 1275 4011; x_wconf 81' lang='lat' dir='ltr'><strong>et</strong></span> <span class='ocrx_word' id='word_1_332' title='bbox 1311 3970 1423 4010; x_wconf 83' lang='lat' dir='ltr'><strong>vere</strong></span> <span class='ocrx_word' id='word_1_333' title='bbox 1457 3970 1490 4006; x_wconf 91' lang='lat' dir='ltr'><strong>a</strong></span> <span class='ocrx_word' id='word_1_334' title='bbox 1516 3950 1659 4006; x_wconf 76' lang='lat' dir='ltr'><strong>nobis</strong></span> <span class='ocrx_word' id='word_1_335' title='bbox 1684 3958 1821 4004; x_wconf 80' lang='lat' dir='ltr'><strong>sunt.</strong></span> <span class='ocrx_word' id='word_1_336' title='bbox 1848 3975 1920 3987; x_wconf 91' lang='lat'><strong><em>—</em></strong></span> 
     </span>
    </p>
   </div>
   <div class='ocr_carea' id='block_1_41' title="bbox 329 4042 1921 4119">
    <p class='ocr_par' dir='ltr' id='par_1_41' title="bbox 329 4042 1921 4119">
     <span class='ocr_line' id='line_1_41' title="bbox 329 4042 1921 4119; baseline -0.016 0"><span class='ocrx_word' id='word_1_337' title='bbox 329 4064 454 4119; x_wconf 87' lang='lat' dir='ltr'><strong>Ideo</strong></span> <span class='ocrx_word' id='word_1_338' title='bbox 483 4062 711 4114; x_wconf 86' lang='lat' dir='ltr'><strong>obsecro</strong></span> <span class='ocrx_word' id='word_1_339' title='bbox 735 4065 793 4111; x_wconf 90' lang='lat' dir='ltr'><strong>ut</strong></span> <span class='ocrx_word' id='word_1_340' title='bbox 818 4052 997 4108; x_wconf 75' lang='lat' dir='ltr'><strong>virtuti</strong></span> <span class='ocrx_word' id='word_1_341' title='bbox 1026 4049 1308 4111; x_wconf 85' lang='lat' dir='ltr'><strong>studeatis,</strong></span> <span class='ocrx_word' id='word_1_342' title='bbox 1331 4054 1386 4100; x_wconf 92' lang='lat' dir='ltr'><strong>et</strong></span> <span class='ocrx_word' id='word_1_343' title='bbox 1416 4042 1547 4097; x_wconf 89' lang='lat' dir='ltr'><strong>nihil</strong></span> <span class='ocrx_word' id='word_1_344' title='bbox 1576 4051 1758 4111; x_wconf 86' lang='lat' dir='ltr'><strong>postea</strong></span> <span class='ocrx_word' id='word_1_345' title='bbox 1785 4055 1921 4107; x_wconf 81' lang='lat' dir='ltr'><strong>Opus</strong></span> 
     </span>
    </p>
   </div>
   <div class='ocr_carea' id='block_1_42' title="bbox 323 4133 1920 4221">
    <p class='ocr_par' dir='ltr' id='par_1_42' title="bbox 323 4133 1920 4221">
     <span class='ocr_line' id='line_1_42' title="bbox 323 4133 1920 4221; baseline -0.017 -9"><span class='ocrx_word' id='word_1_346' title='bbox 323 4158 430 4213; x_wconf 82' lang='lat' dir='ltr'><strong>erit</strong></span> <span class='ocrx_word' id='word_1_347' title='bbox 475 4149 777 4221; x_wconf 86' lang='lat' dir='ltr'><strong>ltujttstnodi</strong></span> <span class='ocrx_word' id='word_1_348' title='bbox 828 4143 1232 4216; x_wconf 70' lang='lat' dir='ltr'><strong>quaestionibus.</strong></span> <span class='ocrx_word' id='word_1_349' title='bbox 1284 4138 1415 4192; x_wconf 76' lang='lat' dir='ltr'><strong>Mala</strong></span> <span class='ocrx_word' id='word_1_350' title='bbox 1463 4137 1606 4190; x_wconf 89' lang='lat' dir='ltr'><strong>enim</strong></span> <span class='ocrx_word' id='word_1_351' title='bbox 1634 4173 1651 4201; x_wconf 93' lang='lat'><strong>,</strong></span> <span class='ocrx_word' id='word_1_352' title='bbox 1705 4133 1920 4187; x_wconf 80' lang='lat' dir='ltr'><strong>nomina</strong></span> 
     </span>
    </p>
   </div>
   <div class='ocr_carea' id='block_1_43' title="bbox 327 4226 1923 4306">
    <p class='ocr_par' dir='ltr' id='par_1_43' title="bbox 327 4226 1923 4306">
     <span class='ocr_line' id='line_1_43' title="bbox 327 4226 1923 4306; baseline -0.015 -3"><span class='ocrx_word' id='word_1_353' title='bbox 327 4256 534 4303; x_wconf 90' lang='lat' dir='ltr'><strong>tantum</strong></span> <span class='ocrx_word' id='word_1_354' title='bbox 560 4254 737 4306; x_wconf 89' lang='lat' dir='ltr'><strong>erunt,</strong></span> <span class='ocrx_word' id='word_1_355' title='bbox 770 4240 814 4294; x_wconf 89' lang='lat' dir='ltr'><strong>si</strong></span> <span class='ocrx_word' id='word_1_356' title='bbox 846 4238 1091 4292; x_wconf 78' lang='lat' dir='ltr'><strong>velimus.</strong></span> <span class='ocrx_word' id='word_1_357' title='bbox 1114 4232 1193 4289; x_wconf 81' lang='lat' dir='ltr'><strong>Ne</strong></span> <span class='ocrx_word' id='word_1_358' title='bbox 1224 4231 1384 4302; x_wconf 89' lang='lat' dir='ltr'><strong>igitur</strong></span> <span class='ocrx_word' id='word_1_359' title='bbox 1408 4241 1619 4299; x_wconf 72' lang='lat' dir='ltr'><strong>qumras</strong></span> <span class='ocrx_word' id='word_1_360' title='bbox 1644 4226 1786 4279; x_wconf 86' lang='lat' dir='ltr'><strong>unde</strong></span> <span class='ocrx_word' id='word_1_361' title='bbox 1810 4240 1923 4280; x_wconf 87' lang='lat' dir='ltr'><strong>ma-</strong></span> 
     </span>
    </p>
   </div>
   <div class='ocr_carea' id='block_1_44' title="bbox 327 4317 1923 4405">
    <p class='ocr_par' dir='ltr' id='par_1_44' title="bbox 327 4317 1923 4405">
     <span class='ocr_line' id='line_1_44' title="bbox 327 4317 1923 4405; baseline -0.016 -11"><span class='ocrx_word' id='word_1_362' title='bbox 327 4339 400 4399; x_wconf 84' lang='lat' dir='ltr'><strong>la,</strong></span> <span class='ocrx_word' id='word_1_363' title='bbox 426 4349 603 4405; x_wconf 89' lang='lat' dir='ltr'><strong>neque</strong></span> <span class='ocrx_word' id='word_1_364' title='bbox 629 4336 679 4387; x_wconf 90' lang='lat' dir='ltr'><strong>in</strong></span> <span class='ocrx_word' id='word_1_365' title='bbox 707 4331 871 4385; x_wconf 90' lang='lat' dir='ltr'><strong>dubio</strong></span> <span class='ocrx_word' id='word_1_366' title='bbox 897 4327 1133 4381; x_wconf 75' lang='lat' dir='ltr'><strong>verset-is</strong></span> <span class='ocrx_word' id='word_1_367' title='bbox 1157 4341 1173 4379; x_wconf 87' lang='lat'><strong>:</strong></span> <span class='ocrx_word' id='word_1_368' title='bbox 1195 4324 1288 4379; x_wconf 85' lang='lat' dir='ltr'><strong>sed</strong></span> <span class='ocrx_word' id='word_1_369' title='bbox 1320 4332 1597 4392; x_wconf 89' lang='lat' dir='ltr'><strong>postquam</strong></span> <span class='ocrx_word' id='word_1_370' title='bbox 1620 4317 1923 4386; x_wconf 86' lang='lat' dir='ltr'><strong>deprehen-</strong></span> 
     </span>
    </p>
   </div>
   <div class='ocr_carea' id='block_1_45' title="bbox 325 4408 1923 4494">
    <p class='ocr_par' dir='ltr' id='par_1_45' title="bbox 325 4408 1923 4494">
     <span class='ocr_line' id='line_1_45' title="bbox 325 4408 1923 4494; baseline -0.014 -11"><span class='ocrx_word' id='word_1_371' title='bbox 325 4429 452 4484; x_wconf 85' lang='lat' dir='ltr'><strong>disti</strong></span> <span class='ocrx_word' id='word_1_372' title='bbox 484 4443 545 4482; x_wconf 90' lang='lat' dir='ltr'><strong>ea</strong></span> <span class='ocrx_word' id='word_1_373' title='bbox 575 4441 638 4482; x_wconf 84' lang='lat' dir='ltr'><strong>ex</strong></span> <span class='ocrx_word' id='word_1_374' title='bbox 669 4424 875 4494; x_wconf 83' lang='lat' dir='ltr'><strong>ignavia</strong></span> <span class='ocrx_word' id='word_1_375' title='bbox 903 4422 1076 4475; x_wconf 88' lang='lat' dir='ltr'><strong>solum</strong></span> <span class='ocrx_word' id='word_1_376' title='bbox 1108 4415 1344 4488; x_wconf 89' lang='lat' dir='ltr'><strong>prodire,</strong></span> <span class='ocrx_word' id='word_1_377' title='bbox 1376 4413 1495 4482; x_wconf 89' lang='lat' dir='ltr'><strong>fuge</strong></span> <span class='ocrx_word' id='word_1_378' title='bbox 1527 4410 1689 4465; x_wconf 88' lang='lat' dir='ltr'><strong>mala.</strong></span> <span class='ocrx_word' id='word_1_379' title='bbox 1722 4408 1778 4464; x_wconf 89' lang='lat' dir='ltr'><strong>Si</strong></span> <span class='ocrx_word' id='word_1_380' title='bbox 1804 4409 1923 4477; x_wconf 84' lang='lat' dir='ltr'><strong>quis</strong></span> 
     </span>
    </p>
   </div>
   <div class='ocr_carea' id='block_1_46' title="bbox 326 4502 1925 4575">
    <p class='ocr_par' dir='ltr' id='par_1_46' title="bbox 326 4502 1925 4575">
     <span class='ocr_line' id='line_1_46' title="bbox 326 4502 1925 4575; baseline -0.013 -1"><span class='ocrx_word' id='word_1_381' title='bbox 326 4518 524 4575; x_wconf 81' lang='lat' dir='ltr'><strong>dixerit</strong></span> <span class='ocrx_word' id='word_1_382' title='bbox 553 4530 614 4569; x_wconf 86' lang='lat' dir='ltr'><strong>ea</strong></span> <span class='ocrx_word' id='word_1_383' title='bbox 648 4530 752 4569; x_wconf 86' lang='lat' dir='ltr'><strong>non</strong></span> <span class='ocrx_word' id='word_1_384' title='bbox 781 4529 809 4565; x_wconf 87' lang='lat' dir='ltr'><strong>a</strong></span> <span class='ocrx_word' id='word_1_385' title='bbox 841 4510 997 4566; x_wconf 83' lang='lat' dir='ltr'><strong>nobis</strong></span> <span class='ocrx_word' id='word_1_386' title='bbox 1025 4523 1146 4565; x_wconf 89' lang='lat' dir='ltr'><strong>esse</strong></span> <span class='ocrx_word' id='word_1_387' title='bbox 1166 4548 1179 4571; x_wconf 94' lang='lat'><strong>,</strong></span> <span class='ocrx_word' id='word_1_388' title='bbox 1212 4521 1334 4562; x_wconf 90' lang='lat' dir='ltr'><strong>cum</strong></span> <span class='ocrx_word' id='word_1_389' title='bbox 1364 4503 1562 4558; x_wconf 87' lang='lat' dir='ltr'><strong>videris</strong></span> <span class='ocrx_word' id='word_1_390' title='bbox 1588 4502 1737 4556; x_wconf 90' lang='lat' dir='ltr'><strong>illum</strong></span> <span class='ocrx_word' id='word_1_391' title='bbox 1767 4515 1925 4555; x_wconf 87' lang='lat' dir='ltr'><strong>servo</strong></span> 
     </span>
    </p>
   </div>
   <div class='ocr_carea' id='block_1_47' title="bbox 335 4596 1924 4674">
    <p class='ocr_par' dir='ltr' id='par_1_47' title="bbox 335 4596 1924 4674">
     <span class='ocr_line' id='line_1_47' title="bbox 335 4596 1924 4674; baseline -0.013 -8"><span class='ocrx_word' id='word_1_392' title='bbox 335 4616 553 4674; x_wconf 89' lang='lat' dir='ltr'><strong>iratum,</strong></span> <span class='ocrx_word' id='word_1_393' title='bbox 584 4609 636 4664; x_wconf 91' lang='lat' dir='ltr'><strong>in</strong></span> <span class='ocrx_word' id='word_1_394' title='bbox 665 4622 886 4663; x_wconf 77' lang='lat' dir='ltr'><strong>uxorem</strong></span> <span class='ocrx_word' id='word_1_395' title='bbox 914 4608 1307 4674; x_wconf 76' lang='lat' dir='ltr'><strong>eanperatum,</strong></span> <span class='ocrx_word' id='word_1_396' title='bbox 1339 4598 1505 4652; x_wconf 88' lang='lat' dir='ltr'><strong>Iiliutn</strong></span> <span class='ocrx_word' id='word_1_397' title='bbox 1526 4596 1924 4659; x_wconf 84' lang='lat' dir='ltr'><strong>criminantem,</strong></span> 
     </span>
    </p>
   </div>
   <div class='ocr_carea' id='block_1_48' title="bbox 330 4688 1928 4773">
    <p class='ocr_par' dir='ltr' id='par_1_48' title="bbox 330 4688 1928 4773">
     <span class='ocr_line' id='line_1_48' title="bbox 330 4688 1928 4773; baseline -0.012 -13"><span class='ocrx_word' id='word_1_398' title='bbox 330 4706 581 4773; x_wconf 82' lang='lat' dir='ltr'><strong>injttriam</strong></span> <span class='ocrx_word' id='word_1_399' title='bbox 624 4701 917 4757; x_wconf 80' lang='lat' dir='ltr'><strong>inferentes</strong></span> <span class='ocrx_word' id='word_1_400' title='bbox 958 4697 1300 4751; x_wconf 76' lang='lat' dir='ltr'><strong>damnantem</strong></span> <span class='ocrx_word' id='word_1_401' title='bbox 1327 4733 1343 4755; x_wconf 93' lang='lat'><strong>,</strong></span> <span class='ocrx_word' id='word_1_402' title='bbox 1384 4692 1470 4747; x_wconf 91' lang='lat' dir='ltr'><strong>dic</strong></span> <span class='ocrx_word' id='word_1_403' title='bbox 1497 4690 1574 4746; x_wconf 86' lang='lat' dir='ltr'><strong>illi</strong></span> <span class='ocrx_word' id='word_1_404' title='bbox 1608 4707 1620 4745; x_wconf 91' lang='lat'><strong>:</strong></span> <span class='ocrx_word' id='word_1_405' title='bbox 1650 4688 1758 4743; x_wconf 89' lang='lat' dir='ltr'><strong>Cur</strong></span> <span class='ocrx_word' id='word_1_406' title='bbox 1797 4701 1928 4757; x_wconf 85' lang='lat' dir='ltr'><strong>ergo</strong></span> 
     </span>
    </p>
   </div>
   <div class='ocr_carea' id='block_1_49' title="bbox 328 4778 1928 4859">
    <p class='ocr_par' dir='ltr' id='par_1_49' title="bbox 328 4778 1928 4859">
     <span class='ocr_line' id='line_1_49' title="bbox 328 4778 1928 4859; baseline -0.014 -7"><span class='ocrx_word' id='word_1_407' title='bbox 328 4797 570 4859; x_wconf 82' lang='lat' dir='ltr'><strong>dicebas,</strong></span> <span class='ocrx_word' id='word_1_408' title='bbox 600 4794 738 4847; x_wconf 83' lang='lat' dir='ltr'><strong>mala</strong></span> <span class='ocrx_word' id='word_1_409' title='bbox 770 4806 876 4845; x_wconf 92' lang='lat' dir='ltr'><strong>non</strong></span> <span class='ocrx_word' id='word_1_410' title='bbox 915 4805 943 4841; x_wconf 87' lang='lat' dir='ltr'><strong>a</strong></span> <span class='ocrx_word' id='word_1_411' title='bbox 978 4780 1132 4842; x_wconf 87' lang='lat' dir='ltr'><strong>nobis</strong></span> <span class='ocrx_word' id='word_1_412' title='bbox 1160 4783 1320 4840; x_wconf 82' lang='lat' dir='ltr'><strong>esse?</strong></span> <span class='ocrx_word' id='word_1_413' title='bbox 1341 4781 1475 4837; x_wconf 88' lang='lat' dir='ltr'><strong>Nam</strong></span> <span class='ocrx_word' id='word_1_414' title='bbox 1503 4782 1546 4836; x_wconf 87' lang='lat' dir='ltr'><strong>si</strong></span> <span class='ocrx_word' id='word_1_415' title='bbox 1581 4793 1685 4834; x_wconf 91' lang='lat' dir='ltr'><strong>non</strong></span> <span class='ocrx_word' id='word_1_416' title='bbox 1716 4793 1745 4831; x_wconf 93' lang='lat' dir='ltr'><strong>a</strong></span> <span class='ocrx_word' id='word_1_417' title='bbox 1775 4778 1928 4833; x_wconf 90' lang='lat' dir='ltr'><strong>nobis</strong></span> 
     </span>
    </p>
   </div>
   <div class='ocr_carea' id='block_1_50' title="bbox 332 4868 1930 4952">
    <p class='ocr_par' dir='ltr' id='par_1_50' title="bbox 332 4868 1930 4952">
     <span class='ocr_line' id='line_1_50' title="bbox 332 4868 1930 4952; baseline -0.014 -8"><span class='ocrx_word' id='word_1_418' title='bbox 332 4896 479 4952; x_wconf 89' lang='lat' dir='ltr'><strong>sunt,</strong></span> <span class='ocrx_word' id='word_1_419' title='bbox 500 4901 597 4941; x_wconf 85' lang='lat' dir='ltr'><strong>cur</strong></span> <span class='ocrx_word' id='word_1_420' title='bbox 623 4885 834 4938; x_wconf 80' lang='lat' dir='ltr'><strong>incusas</strong></span> <span class='ocrx_word' id='word_1_421' title='bbox 858 4879 1032 4935; x_wconf 85' lang='lat' dir='ltr'><strong>alios?</strong></span> <span class='ocrx_word' id='word_1_422' title='bbox 1060 4879 1152 4932; x_wconf 89' lang='lat' dir='ltr'><strong>Dic</strong></span> <span class='ocrx_word' id='word_1_423' title='bbox 1176 4876 1248 4930; x_wconf 91' lang='lat' dir='ltr'><strong>illi</strong></span> <span class='ocrx_word' id='word_1_424' title='bbox 1276 4876 1467 4930; x_wconf 90' lang='lat' dir='ltr'><strong>iterum</strong></span> <span class='ocrx_word' id='word_1_425' title='bbox 1495 4890 1508 4925; x_wconf 91' lang='lat'><strong>:</strong></span> <span class='ocrx_word' id='word_1_426' title='bbox 1534 4871 1667 4926; x_wconf 83' lang='lat' dir='ltr'><strong>Num</strong></span> <span class='ocrx_word' id='word_1_427' title='bbox 1694 4885 1727 4926; x_wconf 92' lang='lat' dir='ltr'><strong>a</strong></span> <span class='ocrx_word' id='word_1_428' title='bbox 1756 4868 1930 4938; x_wconf 89' lang='lat' dir='ltr'><strong>teipso</strong></span> 
     </span>
    </p>
   </div>
   <div class='ocr_carea' id='block_1_51' title="bbox 331 4963 1930 5035">
    <p class='ocr_par' dir='ltr' id='par_1_51' title="bbox 331 4963 1930 5035">
     <span class='ocr_line' id='line_1_51' title="bbox 331 4963 1930 5035; baseline -0.013 0"><span class='ocrx_word' id='word_1_429' title='bbox 331 4980 571 5035; x_wconf 86' lang='lat' dir='ltr'><strong>convicia</strong></span> <span class='ocrx_word' id='word_1_430' title='bbox 592 4987 647 5033; x_wconf 91' lang='lat' dir='ltr'><strong>et</strong></span> <span class='ocrx_word' id='word_1_431' title='bbox 668 4974 1018 5030; x_wconf 87' lang='lat' dir='ltr'><strong>contumelias</strong></span> <span class='ocrx_word' id='word_1_432' title='bbox 1045 4968 1248 5023; x_wconf 82' lang='lat' dir='ltr'><strong>infers?</strong></span> <span class='ocrx_word' id='word_1_433' title='bbox 1273 4966 1329 5021; x_wconf 88' lang='lat' dir='ltr'><strong>Si</strong></span> <span class='ocrx_word' id='word_1_434' title='bbox 1359 4980 1464 5020; x_wconf 91' lang='lat' dir='ltr'><strong>non</strong></span> <span class='ocrx_word' id='word_1_435' title='bbox 1490 4980 1521 5017; x_wconf 87' lang='lat' dir='ltr'><strong>a</strong></span> <span class='ocrx_word' id='word_1_436' title='bbox 1548 4963 1740 5032; x_wconf 80' lang='lat' dir='ltr'><strong>teipse,</strong></span> <span class='ocrx_word' id='word_1_437' title='bbox 1769 4974 1930 5015; x_wconf 90' lang='lat' dir='ltr'><strong>nemo</strong></span> 
     </span>
    </p>
   </div>
   <div class='ocr_carea' id='block_1_52' title="bbox 334 5055 1929 5135">
    <p class='ocr_par' dir='ltr' id='par_1_52' title="bbox 334 5055 1929 5135">
     <span class='ocr_line' id='line_1_52' title="bbox 334 5055 1929 5135; baseline -0.014 -6"><span class='ocrx_word' id='word_1_438' title='bbox 334 5076 427 5129; x_wconf 83' lang='lat' dir='ltr'><strong>tibi</strong></span> <span class='ocrx_word' id='word_1_439' title='bbox 462 5074 756 5135; x_wconf 75' lang='lat' dir='ltr'><strong>irascatur;</strong></span> <span class='ocrx_word' id='word_1_440' title='bbox 788 5070 831 5121; x_wconf 90' lang='lat' dir='ltr'><strong>si</strong></span> <span class='ocrx_word' id='word_1_441' title='bbox 860 5083 889 5121; x_wconf 89' lang='lat' dir='ltr'><strong>a</strong></span> <span class='ocrx_word' id='word_1_442' title='bbox 918 5066 1108 5133; x_wconf 85' lang='lat' dir='ltr'><strong>teipse,</strong></span> <span class='ocrx_word' id='word_1_443' title='bbox 1132 5076 1260 5132; x_wconf 83' lang='lat' dir='ltr'><strong>ergo</strong></span> <span class='ocrx_word' id='word_1_444' title='bbox 1285 5076 1317 5115; x_wconf 89' lang='lat' dir='ltr'><strong>a</strong></span> <span class='ocrx_word' id='word_1_445' title='bbox 1348 5068 1399 5114; x_wconf 92' lang='lat' dir='ltr'><strong>te</strong></span> <span class='ocrx_word' id='word_1_446' title='bbox 1427 5068 1479 5113; x_wconf 89' lang='lat' dir='ltr'><strong>et</strong></span> <span class='ocrx_word' id='word_1_447' title='bbox 1509 5058 1577 5110; x_wconf 89' lang='lat' dir='ltr'><strong>ab</strong></span> <span class='ocrx_word' id='word_1_448' title='bbox 1602 5055 1810 5126; x_wconf 72' lang='lat' dir='ltr'><strong>ignavia</strong></span> <span class='ocrx_word' id='word_1_449' title='bbox 1841 5062 1929 5107; x_wconf 89' lang='lat' dir='ltr'><strong>tua</strong></span> 
     </span>
    </p>
   </div>
   <div class='ocr_carea' id='block_1_53' title="bbox 336 5145 1932 5225">
    <p class='ocr_par' dir='ltr' id='par_1_53' title="bbox 336 5145 1932 5225">
     <span class='ocr_line' id='line_1_53' title="bbox 336 5145 1932 5225; baseline -0.013 -6"><span class='ocrx_word' id='word_1_450' title='bbox 336 5165 474 5219; x_wconf 78' lang='lat' dir='ltr'><strong>mala</strong></span> <span class='ocrx_word' id='word_1_451' title='bbox 504 5163 772 5216; x_wconf 89' lang='lat' dir='ltr'><strong>oriuntur.</strong></span> <span class='ocrx_word' id='word_1_452' title='bbox 802 5158 939 5225; x_wconf 88' lang='lat' dir='ltr'><strong>Quid</strong></span> <span class='ocrx_word' id='word_1_453' title='bbox 969 5154 1167 5225; x_wconf 84' lang='lat' dir='ltr'><strong>porro?</strong></span> <span class='ocrx_word' id='word_1_454' title='bbox 1200 5162 1425 5221; x_wconf 86' lang='lat' dir='ltr'><strong>putasne</strong></span> <span class='ocrx_word' id='word_1_455' title='bbox 1450 5148 1658 5218; x_wconf 86' lang='lat' dir='ltr'><strong>aliquos</strong></span> <span class='ocrx_word' id='word_1_456' title='bbox 1688 5160 1810 5201; x_wconf 86' lang='lat' dir='ltr'><strong>esse</strong></span> <span class='ocrx_word' id='word_1_457' title='bbox 1837 5145 1932 5199; x_wconf 84' lang='lat' dir='ltr'><strong>ho-</strong></span> 
     </span>
    </p>
   </div>
   <div class='ocr_carea' id='block_1_54' title="bbox 337 5237 1933 5312">
    <p class='ocr_par' dir='ltr' id='par_1_54' title="bbox 337 5237 1933 5312">
     <span class='ocr_line' id='line_1_54' title="bbox 337 5237 1933 5312; baseline -0.013 -2"><span class='ocrx_word' id='word_1_458' title='bbox 337 5255 476 5312; x_wconf 73' lang='lat' dir='ltr'><strong>nos?</strong></span> <span class='ocrx_word' id='word_1_459' title='bbox 505 5253 637 5308; x_wconf 75' lang='lat' dir='ltr'><strong>Nam</strong></span> <span class='ocrx_word' id='word_1_460' title='bbox 668 5252 711 5305; x_wconf 88' lang='lat' dir='ltr'><strong>si</strong></span> <span class='ocrx_word' id='word_1_461' title='bbox 740 5266 900 5304; x_wconf 91' lang='lat' dir='ltr'><strong>nemo</strong></span> <span class='ocrx_word' id='word_1_462' title='bbox 931 5249 1121 5310; x_wconf 83' lang='lat' dir='ltr'><strong>bonus,</strong></span> <span class='ocrx_word' id='word_1_463' title='bbox 1156 5243 1299 5299; x_wconf 88' lang='lat' dir='ltr'><strong>unde</strong></span> <span class='ocrx_word' id='word_1_464' title='bbox 1330 5242 1421 5297; x_wconf 88' lang='lat' dir='ltr'><strong>tibi</strong></span> <span class='ocrx_word' id='word_1_465' title='bbox 1451 5241 1553 5296; x_wconf 87' lang='lat' dir='ltr'><strong>hoc</strong></span> <span class='ocrx_word' id='word_1_466' title='bbox 1578 5237 1808 5294; x_wconf 83' lang='lat' dir='ltr'><strong>nomen?</strong></span> <span class='ocrx_word' id='word_1_467' title='bbox 1837 5254 1933 5290; x_wconf 91' lang='lat' dir='ltr'><strong>un-</strong></span> 
     </span>
    </p>
   </div>
   <div class='ocr_carea' id='block_1_55' title="bbox 335 5327 1934 5401">
    <p class='ocr_par' dir='ltr' id='par_1_55' title="bbox 335 5327 1934 5401">
     <span class='ocr_line' id='line_1_55' title="bbox 335 5327 1934 5401; baseline -0.011 -3"><span class='ocrx_word' id='word_1_468' title='bbox 335 5348 405 5401; x_wconf 85' lang='lat' dir='ltr'><strong>de</strong></span> <span class='ocrx_word' id='word_1_469' title='bbox 444 5343 667 5399; x_wconf 84' lang='lat' dir='ltr'><strong>laudes?</strong></span> <span class='ocrx_word' id='word_1_470' title='bbox 704 5342 801 5398; x_wconf 87' lang='lat' dir='ltr'><strong>Sin</strong></span> <span class='ocrx_word' id='word_1_471' title='bbox 831 5348 1010 5394; x_wconf 89' lang='lat' dir='ltr'><strong>autem</strong></span> <span class='ocrx_word' id='word_1_472' title='bbox 1056 5351 1181 5393; x_wconf 83' lang='lat' dir='ltr'><strong>vere</strong></span> <span class='ocrx_word' id='word_1_473' title='bbox 1218 5345 1340 5391; x_wconf 87' lang='lat' dir='ltr'><strong>sunt</strong></span> <span class='ocrx_word' id='word_1_474' title='bbox 1381 5333 1505 5388; x_wconf 91' lang='lat' dir='ltr'><strong>boni</strong></span> <span class='ocrx_word' id='word_1_475' title='bbox 1530 5327 1934 5401; x_wconf 84' lang='lat' dir='ltr'><strong>,proculdubio</strong></span> 
     </span>
    </p>
   </div>
   <div class='ocr_carea' id='block_1_56' title="bbox 338 5421 1931 5506">
    <p class='ocr_par' dir='ltr' id='par_1_56' title="bbox 338 5421 1931 5506">
     <span class='ocr_line' id='line_1_56' title="bbox 338 5421 1931 5506; baseline -0.013 -12"><span class='ocrx_word' id='word_1_476' title='bbox 338 5439 512 5495; x_wconf 87' lang='lat' dir='ltr'><strong>malos</strong></span> <span class='ocrx_word' id='word_1_477' title='bbox 553 5436 923 5506; x_wconf 86' lang='lat' dir='ltr'><strong>increpabunt.</strong></span> <span class='ocrx_word' id='word_1_478' title='bbox 955 5431 1060 5487; x_wconf 87' lang='lat' dir='ltr'><strong>Sed</strong></span> <span class='ocrx_word' id='word_1_479' title='bbox 1092 5431 1136 5485; x_wconf 89' lang='lat' dir='ltr'><strong>si</strong></span> <span class='ocrx_word' id='word_1_480' title='bbox 1167 5430 1344 5483; x_wconf 89' lang='lat' dir='ltr'><strong>nullus</strong></span> <span class='ocrx_word' id='word_1_481' title='bbox 1371 5434 1563 5496; x_wconf 87' lang='lat' dir='ltr'><strong>sponte</strong></span> <span class='ocrx_word' id='word_1_482' title='bbox 1592 5437 1687 5478; x_wconf 88' lang='lat' dir='ltr'><strong>sua</strong></span> <span class='ocrx_word' id='word_1_483' title='bbox 1717 5421 1787 5475; x_wconf 88' lang='lat' dir='ltr'><strong>sit</strong></span> <span class='ocrx_word' id='word_1_484' title='bbox 1815 5434 1931 5475; x_wconf 83' lang='lat' dir='ltr'><strong>ma-</strong></span> 
     </span>
    </p>
   </div>
   <div class='ocr_carea' id='block_1_57' title="bbox 341 5508 1935 5596">
    <p class='ocr_par' dir='ltr' id='par_1_57' title="bbox 341 5508 1935 5596">
     <span class='ocr_line' id='line_1_57' title="bbox 341 5508 1935 5596; baseline -0.012 -14"><span class='ocrx_word' id='word_1_485' title='bbox 341 5532 441 5588; x_wconf 88' lang='lat' dir='ltr'><strong>lus.</strong></span> <span class='ocrx_word' id='word_1_486' title='bbox 475 5544 648 5596; x_wconf 84' lang='lat' dir='ltr'><strong>neque</strong></span> <span class='ocrx_word' id='word_1_487' title='bbox 672 5544 701 5582; x_wconf 90' lang='lat' dir='ltr'><strong>a</strong></span> <span class='ocrx_word' id='word_1_488' title='bbox 732 5528 912 5595; x_wconf 84' lang='lat' dir='ltr'><strong>seipse</strong></span> <span class='ocrx_word' id='word_1_489' title='bbox 942 5523 1065 5578; x_wconf 88' lang='lat' dir='ltr'><strong>talis</strong></span> <span class='ocrx_word' id='word_1_490' title='bbox 1095 5523 1184 5585; x_wconf 90' lang='lat' dir='ltr'><strong>sit,</strong></span> <span class='ocrx_word' id='word_1_491' title='bbox 1216 5520 1414 5590; x_wconf 88' lang='lat' dir='ltr'><strong>injuste</strong></span> <span class='ocrx_word' id='word_1_492' title='bbox 1439 5525 1586 5571; x_wconf 87' lang='lat' dir='ltr'><strong>certe</strong></span> <span class='ocrx_word' id='word_1_493' title='bbox 1611 5513 1735 5569; x_wconf 90' lang='lat' dir='ltr'><strong>boni</strong></span> <span class='ocrx_word' id='word_1_494' title='bbox 1762 5508 1935 5565; x_wconf 75' lang='lat' dir='ltr'><strong>malos</strong></span> 
     </span>
    </p>
   </div>
   <div class='ocr_carea' id='block_1_58' title="bbox 344 5603 1934 5690">
    <p class='ocr_par' dir='ltr' id='par_1_58' title="bbox 344 5603 1934 5690">
     <span class='ocr_line' id='line_1_58' title="bbox 344 5603 1934 5690; baseline -0.013 -13"><span class='ocrx_word' id='word_1_495' title='bbox 344 5620 694 5690; x_wconf 77' lang='lat' dir='ltr'><strong>increpalmnt</strong></span> <span class='ocrx_word' id='word_1_496' title='bbox 721 5660 736 5682; x_wconf 93' lang='lat'><strong>,</strong></span> <span class='ocrx_word' id='word_1_497' title='bbox 769 5628 824 5672; x_wconf 90' lang='lat' dir='ltr'><strong>et</strong></span> <span class='ocrx_word' id='word_1_498' title='bbox 866 5616 966 5671; x_wconf 87' lang='lat' dir='ltr'><strong>hac</strong></span> <span class='ocrx_word' id='word_1_499' title='bbox 992 5614 1061 5670; x_wconf 89' lang='lat' dir='ltr'><strong>de</strong></span> <span class='ocrx_word' id='word_1_500' title='bbox 1091 5628 1250 5669; x_wconf 82' lang='lat' dir='ltr'><strong>causa</strong></span> <span class='ocrx_word' id='word_1_501' title='bbox 1286 5611 1384 5680; x_wconf 88' lang='lat' dir='ltr'><strong>ipsi</strong></span> <span class='ocrx_word' id='word_1_502' title='bbox 1425 5608 1550 5664; x_wconf 86' lang='lat' dir='ltr'><strong>mali</strong></span> <span class='ocrx_word' id='word_1_503' title='bbox 1588 5614 1766 5662; x_wconf 88' lang='lat' dir='ltr'><strong>erunt.</strong></span> <span class='ocrx_word' id='word_1_504' title='bbox 1797 5603 1934 5670; x_wconf 85' lang='lat' dir='ltr'><strong>Quid</strong></span> 
     </span>
    </p>
   </div>
   <div class='ocr_carea' id='block_1_59' title="bbox 344 5694 1937 5780">
    <p class='ocr_par' dir='ltr' id='par_1_59' title="bbox 344 5694 1937 5780">
     <span class='ocr_line' id='line_1_59' title="bbox 344 5694 1937 5780; baseline -0.014 -11"><span class='ocrx_word' id='word_1_505' title='bbox 344 5714 487 5769; x_wconf 80' lang='lat' dir='ltr'><strong>enim</strong></span> <span class='ocrx_word' id='word_1_506' title='bbox 529 5711 778 5780; x_wconf 87' lang='lat' dir='ltr'><strong>injttstius</strong></span> <span class='ocrx_word' id='word_1_507' title='bbox 821 5708 914 5763; x_wconf 91' lang='lat' dir='ltr'><strong>illo</strong></span> <span class='ocrx_word' id='word_1_508' title='bbox 951 5707 1041 5777; x_wconf 91' lang='lat' dir='ltr'><strong>qui</strong></span> <span class='ocrx_word' id='word_1_509' title='bbox 1082 5703 1351 5759; x_wconf 84' lang='lat' dir='ltr'><strong>innocenti</strong></span> <span class='ocrx_word' id='word_1_510' title='bbox 1400 5701 1624 5755; x_wconf 87' lang='lat' dir='ltr'><strong>erimina</strong></span> <span class='ocrx_word' id='word_1_511' title='bbox 1668 5694 1937 5752; x_wconf 82' lang='lat' dir='ltr'><strong>intentat?</strong></span> 
     </span>
    </p>
   </div>
   <div class='ocr_carea' id='block_1_60' title="bbox 348 5789 1937 5871">
    <p class='ocr_par' dir='ltr' id='par_1_60' title="bbox 348 5789 1937 5871">
     <span class='ocr_line' id='line_1_60' title="bbox 348 5789 1937 5871; baseline -0.008 -14"><span class='ocrx_word' id='word_1_512' title='bbox 348 5806 498 5870; x_wconf 78' lang='lat' dir='ltr'><strong>Quod</strong></span> <span class='ocrx_word' id='word_1_513' title='bbox 527 5806 567 5859; x_wconf 62' lang='lat' dir='ltr'><strong>si</strong></span> <span class='ocrx_word' id='word_1_514' title='bbox 600 5805 759 5857; x_wconf 83' lang='lat' dir='ltr'><strong>etiam</strong></span> <span class='ocrx_word' id='word_1_515' title='bbox 794 5806 1129 5871; x_wconf 73' lang='lat' dir='ltr'><strong>increpantes</strong></span> <span class='ocrx_word' id='word_1_516' title='bbox 1161 5798 1284 5853; x_wconf 87' lang='lat' dir='ltr'><strong>boni</strong></span> <span class='ocrx_word' id='word_1_517' title='bbox 1317 5806 1459 5861; x_wconf 85' lang='lat' dir='ltr'><strong>sunt,</strong></span> <span class='ocrx_word' id='word_1_518' title='bbox 1494 5792 1676 5848; x_wconf 85' lang='lat' dir='ltr'><strong>ethoc</strong></span> <span class='ocrx_word' id='word_1_519' title='bbox 1706 5789 1937 5846; x_wconf 78' lang='lat' dir='ltr'><strong>maxime</strong></span> 
     </span>
    </p>
   </div>
   <div class='ocr_carea' id='block_1_61' title="bbox 1349 373 2586 445">
    <p class='ocr_par' dir='ltr' id='par_1_61' title="bbox 1349 373 2586 445">
     <span class='ocr_line' id='line_1_61' title="bbox 1349 373 2586 445; baseline -0.015 -1"><span class='ocrx_word' id='word_1_520' title='bbox 1349 388 1415 445; x_wconf 73' lang='lat' dir='ltr'><strong>IN</strong></span> <span class='ocrx_word' id='word_1_521' title='bbox 1457 376 1871 442; x_wconf 68' lang='lat' dir='ltr'><strong>bl.\TTI|.-F.UM</strong></span> <span class='ocrx_word' id='word_1_522' title='bbox 1900 374 2131 433; x_wconf 78' lang='lat' dir='ltr'><strong>Il0MII..</strong></span> <span class='ocrx_word' id='word_1_523' title='bbox 2177 374 2314 431; x_wconf 77' lang='lat' dir='ltr'><strong>LIX.</strong></span> <span class='ocrx_word' id='word_1_524' title='bbox 2358 373 2430 429; x_wconf 87' lang='lat' dir='ltr'><strong>al.</strong></span> <span class='ocrx_word' id='word_1_525' title='bbox 2476 373 2586 429; x_wconf 72' lang='lat' dir='ltr'><strong>LX.</strong></span> 
     </span>
    </p>
   </div>
   <div class='ocr_carea' id='block_1_62' title="bbox 3531 362 3635 417">
    <p class='ocr_par' dir='ltr' id='par_1_62' title="bbox 3531 362 3635 417">
     <span class='ocr_line' id='line_1_62' title="bbox 3531 362 3635 417; baseline 0 -1"><span class='ocrx_word' id='word_1_526' title='bbox 3531 362 3635 417; x_wconf 71' lang='lat'><strong>578</strong></span> 
     </span>
    </p>
   </div>
   <div class='ocr_carea' id='block_1_63' title="bbox 2024 473 3629 557">
    <p class='ocr_par' dir='ltr' id='par_1_63' title="bbox 2024 473 3629 557">
     <span class='ocr_line' id='line_1_63' title="bbox 2024 473 3629 557; baseline -0.01 -15"><span class='ocrx_word' id='word_1_527' title='bbox 2024 488 2238 545; x_wconf 89' lang='lat' dir='ltr'><strong>illorum</strong></span> <span class='ocrx_word' id='word_1_528' title='bbox 2279 485 2559 557; x_wconf 77' lang='lat' dir='ltr'><strong>probitatis</strong></span> <span class='ocrx_word' id='word_1_529' title='bbox 2601 489 2975 553; x_wconf 78' lang='lat' dir='ltr'><strong>argumentum</strong></span> <span class='ocrx_word' id='word_1_530' title='bbox 3014 486 3095 534; x_wconf 90' lang='lat' dir='ltr'><strong>est</strong></span> <span class='ocrx_word' id='word_1_531' title='bbox 3127 480 3289 532; x_wconf 86' lang='lat' dir='ltr'><strong>etiam</strong></span> <span class='ocrx_word' id='word_1_532' title='bbox 3320 473 3462 545; x_wconf 67' lang='lat' dir='ltr'><strong>apud</strong></span> <span class='ocrx_word' id='word_1_533' title='bbox 3496 476 3629 527; x_wconf 59' lang='lat' dir='ltr'><strong>itte&#39;h</strong></span> 
     </span>
    </p>
   </div>
   <div class='ocr_carea' id='block_1_64' title="bbox 2024 572 3629 652">
    <p class='ocr_par' dir='ltr' id='par_1_64' title="bbox 2024 572 3629 652">
     <span class='ocr_line' id='line_1_64' title="bbox 2024 572 3629 652; baseline -0.009 -18"><span class='ocrx_word' id='word_1_534' title='bbox 2024 580 2234 652; x_wconf 84' lang='lat' dir='ltr'><strong>pientes</strong></span> <span class='ocrx_word' id='word_1_535' title='bbox 2253 619 2270 645; x_wconf 96' lang='lat'><strong>,</strong></span> <span class='ocrx_word' id='word_1_536' title='bbox 2304 578 2429 632; x_wconf 87' lang='lat' dir='ltr'><strong>hinc</strong></span> <span class='ocrx_word' id='word_1_537' title='bbox 2455 576 2796 631; x_wconf 86' lang='lat' dir='ltr'><strong>manilestum</strong></span> <span class='ocrx_word' id='word_1_538' title='bbox 2822 583 2909 629; x_wconf 88' lang='lat' dir='ltr'><strong>est</strong></span> <span class='ocrx_word' id='word_1_539' title='bbox 2932 616 2947 638; x_wconf 94' lang='lat'><strong>,</strong></span> <span class='ocrx_word' id='word_1_540' title='bbox 2978 572 3248 628; x_wconf 79' lang='lat' dir='ltr'><strong>neminem</strong></span> <span class='ocrx_word' id='word_1_541' title='bbox 3281 583 3534 637; x_wconf 86' lang='lat' dir='ltr'><strong>umquam</strong></span> <span class='ocrx_word' id='word_1_542' title='bbox 3565 582 3629 620; x_wconf 79' lang='lat' dir='ltr'><strong>ex</strong></span> 
     </span>
    </p>
   </div>
   <div class='ocr_carea' id='block_1_65' title="bbox 2023 661 3625 735">
    <p class='ocr_par' dir='ltr' id='par_1_65' title="bbox 2023 661 3625 735">
     <span class='ocr_line' id='line_1_65' title="bbox 2023 661 3625 735; baseline -0.009 -11"><span class='ocrx_word' id='word_1_543' title='bbox 2023 670 2346 725; x_wconf 80' lang='lat' dir='ltr'><strong>necessitate</strong></span> <span class='ocrx_word' id='word_1_544' title='bbox 2374 668 2538 722; x_wconf 83' lang='lat' dir='ltr'><strong>fuisse</strong></span> <span class='ocrx_word' id='word_1_545' title='bbox 2564 667 2784 721; x_wconf 86' lang='lat' dir='ltr'><strong>malum.</strong></span> <span class='ocrx_word' id='word_1_546' title='bbox 2813 664 2869 722; x_wconf 87' lang='lat' dir='ltr'><strong>Si</strong></span> <span class='ocrx_word' id='word_1_547' title='bbox 2896 673 3019 735; x_wconf 88' lang='lat' dir='ltr'><strong>post</strong></span> <span class='ocrx_word' id='word_1_548' title='bbox 3045 662 3164 717; x_wconf 66' lang='lat' dir='ltr'><strong>hace</strong></span> <span class='ocrx_word' id='word_1_549' title='bbox 3186 661 3368 716; x_wconf 89' lang='lat' dir='ltr'><strong>omnia</strong></span> <span class='ocrx_word' id='word_1_550' title='bbox 3395 674 3625 730; x_wconf 76' lang='lat' dir='ltr'><strong>qumras,</strong></span> 
     </span>
    </p>
   </div>
   <div class='ocr_carea' id='block_1_66' title="bbox 2025 747 3631 827">
    <p class='ocr_par' dir='ltr' id='par_1_66' title="bbox 2025 747 3631 827">
     <span class='ocr_line' id='line_1_66' title="bbox 2025 747 3631 827; baseline -0.008 -12"><span class='ocrx_word' id='word_1_551' title='bbox 2025 759 2304 816; x_wconf 86' lang='lat' dir='ltr'><strong>Undenam</strong></span> <span class='ocrx_word' id='word_1_552' title='bbox 2336 757 2514 813; x_wconf 82' lang='lat' dir='ltr'><strong>mala?</strong></span> <span class='ocrx_word' id='word_1_553' title='bbox 2537 772 2602 813; x_wconf 88' lang='lat' dir='ltr'><strong>ex</strong></span> <span class='ocrx_word' id='word_1_554' title='bbox 2633 756 2846 827; x_wconf 84' lang='lat' dir='ltr'><strong>ignavia</strong></span> <span class='ocrx_word' id='word_1_555' title='bbox 2875 755 3052 810; x_wconf 89' lang='lat' dir='ltr'><strong>dicam</strong></span> <span class='ocrx_word' id='word_1_556' title='bbox 3074 794 3089 817; x_wconf 94' lang='lat'><strong>,</strong></span> <span class='ocrx_word' id='word_1_557' title='bbox 3116 750 3453 823; x_wconf 88' lang='lat' dir='ltr'><strong>exdesidia,</strong></span> <span class='ocrx_word' id='word_1_558' title='bbox 3485 747 3631 819; x_wconf 88' lang='lat' dir='ltr'><strong>quod</strong></span> 
     </span>
    </p>
   </div>
   <div class='ocr_carea' id='block_1_67' title="bbox 2021 841 3633 917">
    <p class='ocr_par' dir='ltr' id='par_1_67' title="bbox 2021 841 3633 917">
     <span class='ocr_line' id='line_1_67' title="bbox 2021 841 3633 917; baseline -0.007 -12"><span class='ocrx_word' id='word_1_559' title='bbox 2021 865 2143 905; x_wconf 89' lang='lat' dir='ltr'><strong>cum</strong></span> <span class='ocrx_word' id='word_1_560' title='bbox 2189 848 2346 905; x_wconf 75' lang='lat' dir='ltr'><strong>malis</strong></span> <span class='ocrx_word' id='word_1_561' title='bbox 2387 862 2706 913; x_wconf 88' lang='lat' dir='ltr'><strong>versemur,</strong></span> <span class='ocrx_word' id='word_1_562' title='bbox 2737 845 2882 917; x_wconf 91' lang='lat' dir='ltr'><strong>quod</strong></span> <span class='ocrx_word' id='word_1_563' title='bbox 2924 845 3181 899; x_wconf 85' lang='lat' dir='ltr'><strong>virtutem</strong></span> <span class='ocrx_word' id='word_1_564' title='bbox 3224 841 3633 911; x_wconf 85' lang='lat' dir='ltr'><strong>despiciamus;</strong></span> 
     </span>
    </p>
   </div>
   <div class='ocr_carea' id='block_1_68' title="bbox 2024 929 3634 1007">
    <p class='ocr_par' dir='ltr' id='par_1_68' title="bbox 2024 929 3634 1007">
     <span class='ocr_line' id='line_1_68' title="bbox 2024 929 3634 1007; baseline -0.006 -14"><span class='ocrx_word' id='word_1_565' title='bbox 2024 939 2151 995; x_wconf 87' lang='lat' dir='ltr'><strong>hinc</strong></span> <span class='ocrx_word' id='word_1_566' title='bbox 2185 938 2326 994; x_wconf 80' lang='lat' dir='ltr'><strong>mala</strong></span> <span class='ocrx_word' id='word_1_567' title='bbox 2353 980 2368 1006; x_wconf 90' lang='lat'><strong>,</strong></span> <span class='ocrx_word' id='word_1_568' title='bbox 2404 938 2515 993; x_wconf 91' lang='lat' dir='ltr'><strong>imo</strong></span> <span class='ocrx_word' id='word_1_569' title='bbox 2548 936 2712 993; x_wconf 84' lang='lat' dir='ltr'><strong>etiam</strong></span> <span class='ocrx_word' id='word_1_570' title='bbox 2750 934 2896 1007; x_wconf 90' lang='lat' dir='ltr'><strong>quod</strong></span> <span class='ocrx_word' id='word_1_571' title='bbox 2940 942 3188 1006; x_wconf 63' lang='lat' dir='ltr'><strong>quarrant</strong></span> <span class='ocrx_word' id='word_1_572' title='bbox 3226 930 3445 1003; x_wconf 86' lang='lat' dir='ltr'><strong>quidam</strong></span> <span class='ocrx_word' id='word_1_573' title='bbox 3490 929 3634 986; x_wconf 82' lang='lat' dir='ltr'><strong>unde</strong></span> 
     </span>
    </p>
   </div>
   <div class='ocr_carea' id='block_1_69' title="bbox 2024 1021 3635 1094">
    <p class='ocr_par' dir='ltr' id='par_1_69' title="bbox 2024 1021 3635 1094">
     <span class='ocr_line' id='line_1_69' title="bbox 2024 1021 3635 1094; baseline -0.008 -5"><span class='ocrx_word' id='word_1_574' title='bbox 2024 1032 2164 1089; x_wconf 88' lang='lat' dir='ltr'><strong>mala</strong></span> <span class='ocrx_word' id='word_1_575' title='bbox 2186 1032 2313 1088; x_wconf 90' lang='lat' dir='ltr'><strong>sint.</strong></span> <span class='ocrx_word' id='word_1_576' title='bbox 2341 1030 2512 1087; x_wconf 84' lang='lat' dir='ltr'><strong>Nemo</strong></span> <span class='ocrx_word' id='word_1_577' title='bbox 2533 1030 2681 1087; x_wconf 89' lang='lat' dir='ltr'><strong>enim</strong></span> <span class='ocrx_word' id='word_1_578' title='bbox 2709 1036 2857 1085; x_wconf 89' lang='lat' dir='ltr'><strong>recte</strong></span> <span class='ocrx_word' id='word_1_579' title='bbox 2878 1027 3197 1093; x_wconf 85' lang='lat' dir='ltr'><strong>viventium,</strong></span> <span class='ocrx_word' id='word_1_580' title='bbox 3220 1037 3519 1094; x_wconf 87' lang='lat' dir='ltr'><strong>eorumque</strong></span> <span class='ocrx_word' id='word_1_581' title='bbox 3542 1021 3635 1092; x_wconf 86' lang='lat' dir='ltr'><strong>qui</strong></span> 
     </span>
    </p>
   </div>
   <div class='ocr_carea' id='block_1_70' title="bbox 2025 1113 3623 1188">
    <p class='ocr_par' dir='ltr' id='par_1_70' title="bbox 2025 1113 3623 1188">
     <span class='ocr_line' id='line_1_70' title="bbox 2025 1113 3623 1188; baseline -0.008 -10"><span class='ocrx_word' id='word_1_582' title='bbox 2025 1122 2269 1179; x_wconf 85' lang='lat' dir='ltr'><strong>modeste</strong></span> <span class='ocrx_word' id='word_1_583' title='bbox 2293 1130 2351 1179; x_wconf 90' lang='lat' dir='ltr'><strong>et</strong></span> <span class='ocrx_word' id='word_1_584' title='bbox 2381 1120 2726 1178; x_wconf 88' lang='lat' dir='ltr'><strong>continenter</strong></span> <span class='ocrx_word' id='word_1_585' title='bbox 2750 1120 2914 1174; x_wconf 85' lang='lat' dir='ltr'><strong>vitam</strong></span> <span class='ocrx_word' id='word_1_586' title='bbox 2946 1130 3107 1188; x_wconf 81' lang='lat' dir='ltr'><strong>agere</strong></span> <span class='ocrx_word' id='word_1_587' title='bbox 3136 1116 3505 1179; x_wconf 88' lang='lat' dir='ltr'><strong>instituerunt,</strong></span> <span class='ocrx_word' id='word_1_588' title='bbox 3530 1113 3623 1169; x_wconf 88' lang='lat' dir='ltr'><strong>bu-</strong></span> 
     </span>
    </p>
   </div>
   <div class='ocr_carea' id='block_1_71' title="bbox 2031 1202 3633 1287">
    <p class='ocr_par' dir='ltr' id='par_1_71' title="bbox 2031 1202 3633 1287">
     <span class='ocr_line' id='line_1_71' title="bbox 2031 1202 3633 1287; baseline -0.016 -16"><span class='ocrx_word' id='word_1_589' title='bbox 2031 1213 2277 1287; x_wconf 65' lang='lat' dir='ltr'><strong>iusmodi</strong></span> <span class='ocrx_word' id='word_1_590' title='bbox 2295 1212 2633 1285; x_wconf 68' lang='lat' dir='ltr'><strong>quaestiones</strong></span> <span class='ocrx_word' id='word_1_591' title='bbox 2644 1217 2855 1276; x_wconf 82' lang='lat' dir='ltr'><strong>movet;</strong></span> <span class='ocrx_word' id='word_1_592' title='bbox 2880 1207 2975 1263; x_wconf 84' lang='lat' dir='ltr'><strong>sed</strong></span> <span class='ocrx_word' id='word_1_593' title='bbox 2992 1205 3089 1276; x_wconf 90' lang='lat' dir='ltr'><strong>qui</strong></span> <span class='ocrx_word' id='word_1_594' title='bbox 3116 1204 3302 1271; x_wconf 84' lang='lat' dir='ltr'><strong>iniqua</strong></span> <span class='ocrx_word' id='word_1_595' title='bbox 3322 1202 3546 1260; x_wconf 83' lang='lat' dir='ltr'><strong>audent,</strong></span> <span class='ocrx_word' id='word_1_596' title='bbox 3577 1204 3633 1247; x_wconf 79' lang='lat' dir='ltr'><strong>et</strong></span> 
     </span>
    </p>
   </div>
   <div class='ocr_carea' id='block_1_72' title="bbox 2036 1284 3632 1372">
    <p class='ocr_par' dir='ltr' id='par_1_72' title="bbox 2036 1284 3632 1372">
     <span class='ocr_line' id='line_1_72' title="bbox 2036 1284 3632 1372; baseline -0.015 -10"><span class='ocrx_word' id='word_1_597' title='bbox 2036 1305 2455 1362; x_wconf 77' lang='lat' dir='ltr'><strong>excusationem</strong></span> <span class='ocrx_word' id='word_1_598' title='bbox 2515 1301 2815 1372; x_wconf 88' lang='lat' dir='ltr'><strong>quamdam</strong></span> <span class='ocrx_word' id='word_1_599' title='bbox 2829 1307 3297 1369; x_wconf 81' lang='lat' dir='ltr'><strong>supervacaneam</strong></span> <span class='ocrx_word' id='word_1_600' title='bbox 3318 1291 3398 1345; x_wconf 89' lang='lat' dir='ltr'><strong>sic</strong></span> <span class='ocrx_word' id='word_1_601' title='bbox 3412 1284 3632 1357; x_wconf 84' lang='lat' dir='ltr'><strong>excogi-</strong></span> 
     </span>
    </p>
   </div>
   <div class='ocr_carea' id='block_1_73' title="bbox 2036 1378 3634 1462">
    <p class='ocr_par' dir='ltr' id='par_1_73' title="bbox 2036 1378 3634 1462">
     <span class='ocr_line' id='line_1_73' title="bbox 2036 1378 3634 1462; baseline -0.015 -9"><span class='ocrx_word' id='word_1_602' title='bbox 2036 1405 2155 1454; x_wconf 80' lang='lat' dir='ltr'><strong>tare</strong></span> <span class='ocrx_word' id='word_1_603' title='bbox 2168 1394 2385 1462; x_wconf 90' lang='lat' dir='ltr'><strong>volunt,</strong></span> <span class='ocrx_word' id='word_1_604' title='bbox 2398 1406 2727 1449; x_wconf 87' lang='lat' dir='ltr'><strong>aranearum</strong></span> <span class='ocrx_word' id='word_1_605' title='bbox 2745 1390 2885 1446; x_wconf 83' lang='lat' dir='ltr'><strong>telas</strong></span> <span class='ocrx_word' id='word_1_606' title='bbox 2900 1395 3118 1444; x_wconf 87' lang='lat' dir='ltr'><strong>texunt.</strong></span> <span class='ocrx_word' id='word_1_607' title='bbox 3141 1383 3248 1439; x_wconf 84' lang='lat' dir='ltr'><strong>Sed</strong></span> <span class='ocrx_word' id='word_1_608' title='bbox 3264 1396 3365 1437; x_wconf 89' lang='lat' dir='ltr'><strong>nos</strong></span> <span class='ocrx_word' id='word_1_609' title='bbox 3380 1378 3506 1434; x_wconf 88' lang='lat' dir='ltr'><strong>illas</strong></span> <span class='ocrx_word' id='word_1_610' title='bbox 3520 1391 3634 1432; x_wconf 92' lang='lat' dir='ltr'><strong>non</strong></span> 
     </span>
    </p>
   </div>
   <div class='ocr_carea' id='block_1_74' title="bbox 2027 1471 3640 1553">
    <p class='ocr_par' dir='ltr' id='par_1_74' title="bbox 2027 1471 3640 1553">
     <span class='ocr_line' id='line_1_74' title="bbox 2027 1471 3640 1553; baseline -0.007 -15"><span class='ocrx_word' id='word_1_611' title='bbox 2027 1484 2208 1540; x_wconf 83' lang='lat' dir='ltr'><strong>verbis</strong></span> <span class='ocrx_word' id='word_1_612' title='bbox 2234 1482 2419 1549; x_wconf 87' lang='lat' dir='ltr'><strong>modo,</strong></span> <span class='ocrx_word' id='word_1_613' title='bbox 2441 1480 2538 1537; x_wconf 88' lang='lat' dir='ltr'><strong>sed</strong></span> <span class='ocrx_word' id='word_1_614' title='bbox 2564 1480 2820 1553; x_wconf 88' lang='lat' dir='ltr'><strong>operibus</strong></span> <span class='ocrx_word' id='word_1_615' title='bbox 2844 1477 3235 1546; x_wconf 82' lang='lat' dir='ltr'><strong>dii-umpamus.</strong></span> <span class='ocrx_word' id='word_1_616' title='bbox 3262 1473 3382 1530; x_wconf 86' lang='lat' dir='ltr'><strong>Non</strong></span> <span class='ocrx_word' id='word_1_617' title='bbox 3404 1471 3551 1530; x_wconf 90' lang='lat' dir='ltr'><strong>enim</strong></span> <span class='ocrx_word' id='word_1_618' title='bbox 3574 1486 3640 1526; x_wconf 91' lang='lat' dir='ltr'><strong>ex</strong></span> 
     </span>
    </p>
   </div>
   <div class='ocr_carea' id='block_1_75' title="bbox 2028 1564 3640 1630">
    <p class='ocr_par' dir='ltr' id='par_1_75' title="bbox 2028 1564 3640 1630">
     <span class='ocr_line' id='line_1_75' title="bbox 2028 1564 3640 1630; baseline -0.011 1"><span class='ocrx_word' id='word_1_619' title='bbox 2028 1573 2352 1630; x_wconf 85' lang='lat' dir='ltr'><strong>necessitate</strong></span> <span class='ocrx_word' id='word_1_620' title='bbox 2375 1582 2503 1628; x_wconf 92' lang='lat' dir='ltr'><strong>sunt</strong></span> <span class='ocrx_word' id='word_1_621' title='bbox 2542 1573 2717 1627; x_wconf 72' lang='lat' dir='ltr'><strong>istaec.</strong></span> <span class='ocrx_word' id='word_1_622' title='bbox 2749 1568 2883 1625; x_wconf 79' lang='lat' dir='ltr'><strong>Nam</strong></span> <span class='ocrx_word' id='word_1_623' title='bbox 2916 1569 2961 1623; x_wconf 88' lang='lat' dir='ltr'><strong>si</strong></span> <span class='ocrx_word' id='word_1_624' title='bbox 2991 1583 3057 1622; x_wconf 81' lang='lat' dir='ltr'><strong>ex</strong></span> <span class='ocrx_word' id='word_1_625' title='bbox 3090 1564 3409 1621; x_wconf 85' lang='lat' dir='ltr'><strong>necessitate</strong></span> <span class='ocrx_word' id='word_1_626' title='bbox 3437 1571 3640 1625; x_wconf 87' lang='lat' dir='ltr'><strong>essent,</strong></span> 
     </span>
    </p>
   </div>
   <div class='ocr_carea' id='block_1_76' title="bbox 2029 1658 3643 1728">
    <p class='ocr_par' dir='ltr' id='par_1_76' title="bbox 2029 1658 3643 1728">
     <span class='ocr_line' id='line_1_76' title="bbox 2029 1658 3643 1728; baseline -0.009 -8"><span class='ocrx_word' id='word_1_627' title='bbox 2029 1681 2138 1721; x_wconf 85' lang='lat' dir='ltr'><strong>non</strong></span> <span class='ocrx_word' id='word_1_628' title='bbox 2163 1665 2389 1720; x_wconf 77' lang='lat' dir='ltr'><strong>dixisset</strong></span> <span class='ocrx_word' id='word_1_629' title='bbox 2410 1661 2661 1719; x_wconf 83' lang='lat' dir='ltr'><strong>Christus</strong></span> <span class='ocrx_word' id='word_1_630' title='bbox 2690 1679 2706 1717; x_wconf 89' lang='lat'><strong>:</strong></span> <span class='ocrx_word' id='word_1_631' title='bbox 2742 1660 2831 1716; x_wconf 77' lang='lat' dir='ltr'><strong>Va:</strong></span> <span class='ocrx_word' id='word_1_632' title='bbox 2861 1659 3055 1713; x_wconf 74' lang='lat' dir='ltr'><strong>nomini</strong></span> <span class='ocrx_word' id='word_1_633' title='bbox 3083 1658 3163 1712; x_wconf 87' lang='lat' dir='ltr'><strong>illi</strong></span> <span class='ocrx_word' id='word_1_634' title='bbox 3193 1673 3284 1728; x_wconf 81' lang='lat' dir='ltr'><strong>per</strong></span> <span class='ocrx_word' id='word_1_635' title='bbox 3306 1670 3455 1728; x_wconf 80' lang='lat' dir='ltr'><strong>quem</strong></span> <span class='ocrx_word' id='word_1_636' title='bbox 3487 1670 3611 1709; x_wconf 72' lang='lat' dir='ltr'><strong>actm</strong></span> <span class='ocrx_word' id='word_1_637' title='bbox 3631 1682 3643 1692; x_wconf 91' lang='lat'><strong>-</strong></span> 
     </span>
    </p>
   </div>
   <div class='ocr_carea' id='block_1_77' title="bbox 2027 1746 3644 1824">
    <p class='ocr_par' dir='ltr' id='par_1_77' title="bbox 2027 1746 3644 1824">
     <span class='ocr_line' id='line_1_77' title="bbox 2027 1746 3644 1824; baseline -0.007 -13"><span class='ocrx_word' id='word_1_638' title='bbox 2027 1758 2204 1812; x_wconf 78' lang='lat' dir='ltr'><strong>datum</strong></span> <span class='ocrx_word' id='word_1_639' title='bbox 2230 1757 2383 1813; x_wconf 72' lang='lat' dir='ltr'><strong>venit.</strong></span> <span class='ocrx_word' id='word_1_640' title='bbox 2413 1755 2536 1811; x_wconf 86' lang='lat' dir='ltr'><strong>Illos</strong></span> <span class='ocrx_word' id='word_1_641' title='bbox 2563 1750 2767 1824; x_wconf 84' lang='lat' dir='ltr'><strong>quippe</strong></span> <span class='ocrx_word' id='word_1_642' title='bbox 2792 1752 2968 1808; x_wconf 86' lang='lat' dir='ltr'><strong>solum</strong></span> <span class='ocrx_word' id='word_1_643' title='bbox 2997 1749 3228 1804; x_wconf 88' lang='lat' dir='ltr'><strong>miseros</strong></span> <span class='ocrx_word' id='word_1_644' title='bbox 3255 1746 3530 1817; x_wconf 75' lang='lat' dir='ltr'><strong>praedicat,</strong></span> <span class='ocrx_word' id='word_1_645' title='bbox 3550 1746 3644 1816; x_wconf 88' lang='lat' dir='ltr'><strong>qui</strong></span> 
     </span>
    </p>
   </div>
   <div class='ocr_carea' id='block_1_78' title="bbox 2027 1838 3645 1920">
    <p class='ocr_par' dir='ltr' id='par_1_78' title="bbox 2027 1838 3645 1920">
     <span class='ocr_line' id='line_1_78' title="bbox 2027 1838 3645 1920; baseline -0.007 -16"><span class='ocrx_word' id='word_1_646' title='bbox 2027 1865 2099 1904; x_wconf 90' lang='lat' dir='ltr'><strong>ex</strong></span> <span class='ocrx_word' id='word_1_647' title='bbox 2130 1849 2273 1907; x_wconf 87' lang='lat' dir='ltr'><strong>malo</strong></span> <span class='ocrx_word' id='word_1_648' title='bbox 2307 1848 2585 1920; x_wconf 85' lang='lat' dir='ltr'><strong>proposito</strong></span> <span class='ocrx_word' id='word_1_649' title='bbox 2608 1852 2792 1917; x_wconf 81' lang='lat' dir='ltr'><strong>agunt.</strong></span> <span class='ocrx_word' id='word_1_650' title='bbox 2823 1842 2881 1901; x_wconf 91' lang='lat' dir='ltr'><strong>Si</strong></span> <span class='ocrx_word' id='word_1_651' title='bbox 2913 1857 3043 1898; x_wconf 86' lang='lat' dir='ltr'><strong>vero</strong></span> <span class='ocrx_word' id='word_1_652' title='bbox 3070 1841 3235 1908; x_wconf 85' lang='lat' dir='ltr'><strong>dicat,</strong></span> <span class='ocrx_word' id='word_1_653' title='bbox 3262 1838 3363 1895; x_wconf 80' lang='lat' dir='ltr'><strong>Per</strong></span> <span class='ocrx_word' id='word_1_654' title='bbox 3381 1855 3552 1911; x_wconf 81' lang='lat' dir='ltr'><strong>quem,</strong></span> <span class='ocrx_word' id='word_1_655' title='bbox 3576 1850 3645 1893; x_wconf 86' lang='lat' dir='ltr'><strong>ne</strong></span> 
     </span>
    </p>
   </div>
   <div class='ocr_carea' id='block_1_79' title="bbox 2028 1932 3645 2007">
    <p class='ocr_par' dir='ltr' id='par_1_79' title="bbox 2028 1932 3645 2007">
     <span class='ocr_line' id='line_1_79' title="bbox 2028 1932 3645 2007; baseline -0.008 -13"><span class='ocrx_word' id='word_1_656' title='bbox 2028 1938 2264 1994; x_wconf 80' lang='lat' dir='ltr'><strong>mireris.</strong></span> <span class='ocrx_word' id='word_1_657' title='bbox 2310 1938 2427 1995; x_wconf 81' lang='lat' dir='ltr'><strong>Non</strong></span> <span class='ocrx_word' id='word_1_658' title='bbox 2464 1937 2611 1994; x_wconf 85' lang='lat' dir='ltr'><strong>enim</strong></span> <span class='ocrx_word' id='word_1_659' title='bbox 2652 1946 2926 2007; x_wconf 83' lang='lat' dir='ltr'><strong>tamquam</strong></span> <span class='ocrx_word' id='word_1_660' title='bbox 2967 1933 3074 1988; x_wconf 88' lang='lat' dir='ltr'><strong>alio</strong></span> <span class='ocrx_word' id='word_1_661' title='bbox 3118 1947 3215 2002; x_wconf 84' lang='lat' dir='ltr'><strong>per</strong></span> <span class='ocrx_word' id='word_1_662' title='bbox 3243 1932 3420 2001; x_wconf 83' lang='lat' dir='ltr'><strong>ipsum</strong></span> <span class='ocrx_word' id='word_1_663' title='bbox 3449 1940 3645 2000; x_wconf 86' lang='lat' dir='ltr'><strong>agente</strong></span> 
     </span>
    </p>
   </div>
   <div class='ocr_carea' id='block_1_80' title="bbox 2030 2018 3647 2099">
    <p class='ocr_par' dir='ltr' id='par_1_80' title="bbox 2030 2018 3647 2099">
     <span class='ocr_line' id='line_1_80' title="bbox 2030 2018 3647 2099; baseline -0.007 -13"><span class='ocrx_word' id='word_1_664' title='bbox 2030 2032 2134 2087; x_wconf 91' lang='lat' dir='ltr'><strong>hoc</strong></span> <span class='ocrx_word' id='word_1_665' title='bbox 2176 2031 2309 2087; x_wconf 89' lang='lat' dir='ltr'><strong>dicit</strong></span> <span class='ocrx_word' id='word_1_666' title='bbox 2333 2071 2351 2097; x_wconf 97' lang='lat'><strong>,</strong></span> <span class='ocrx_word' id='word_1_667' title='bbox 2395 2029 2492 2086; x_wconf 81' lang='lat' dir='ltr'><strong>sed</strong></span> <span class='ocrx_word' id='word_1_668' title='bbox 2536 2037 2811 2099; x_wconf 86' lang='lat' dir='ltr'><strong>tamquam</strong></span> <span class='ocrx_word' id='word_1_669' title='bbox 2854 2026 2972 2097; x_wconf 88' lang='lat' dir='ltr'><strong>ipse</strong></span> <span class='ocrx_word' id='word_1_670' title='bbox 3017 2032 3185 2079; x_wconf 91' lang='lat' dir='ltr'><strong>totum</strong></span> <span class='ocrx_word' id='word_1_671' title='bbox 3227 2020 3450 2078; x_wconf 82' lang='lat' dir='ltr'><strong>efficiat.</strong></span> <span class='ocrx_word' id='word_1_672' title='bbox 3492 2018 3647 2077; x_wconf 88' lang='lat' dir='ltr'><strong>Solet</strong></span> 
     </span>
    </p>
   </div>
   <div class='ocr_carea' id='block_1_81' title="bbox 2028 2111 3642 2193">
    <p class='ocr_par' dir='ltr' id='par_1_81' title="bbox 2028 2111 3642 2193">
     <span class='ocr_line' id='line_1_81' title="bbox 2028 2111 3642 2193; baseline -0.007 -17"><span class='ocrx_word' id='word_1_673' title='bbox 2028 2120 2227 2193; x_wconf 87' lang='lat' dir='ltr'><strong>quippe</strong></span> <span class='ocrx_word' id='word_1_674' title='bbox 2250 2120 2526 2190; x_wconf 79' lang='lat' dir='ltr'><strong>Scriptura</strong></span> <span class='ocrx_word' id='word_1_675' title='bbox 2551 2116 2658 2174; x_wconf 77' lang='lat' dir='ltr'><strong>Per</strong></span> <span class='ocrx_word' id='word_1_676' title='bbox 2679 2133 2829 2188; x_wconf 75' lang='lat' dir='ltr'><strong>quem</strong></span> <span class='ocrx_word' id='word_1_677' title='bbox 2847 2116 3050 2179; x_wconf 88' lang='lat' dir='ltr'><strong>dicere,</strong></span> <span class='ocrx_word' id='word_1_678' title='bbox 3076 2122 3136 2168; x_wconf 89' lang='lat' dir='ltr'><strong>ut</strong></span> <span class='ocrx_word' id='word_1_679' title='bbox 3154 2114 3195 2167; x_wconf 79' lang='grc' dir='ltr'><strong>Α</strong></span> <span class='ocrx_word' id='word_1_680' title='bbox 3219 2127 3329 2184; x_wconf 92' lang='lat' dir='ltr'><strong>quo</strong></span> <span class='ocrx_word' id='word_1_681' title='bbox 3346 2111 3642 2183; x_wconf 83' lang='lat' dir='ltr'><strong>signiticet;</strong></span> 
     </span>
    </p>
   </div>
   <div class='ocr_carea' id='block_1_82' title="bbox 2029 2200 3643 2283">
    <p class='ocr_par' dir='ltr' id='par_1_82' title="bbox 2029 2200 3643 2283">
     <span class='ocr_line' id='line_1_82' title="bbox 2029 2200 3643 2283; baseline -0.006 -16"><span class='ocrx_word' id='word_1_682' title='bbox 2029 2224 2089 2267; x_wconf 88' lang='lat' dir='ltr'><strong>ut</strong></span> <span class='ocrx_word' id='word_1_683' title='bbox 2102 2212 2320 2283; x_wconf 88' lang='lat' dir='ltr'><strong>quando</strong></span> <span class='ocrx_word' id='word_1_684' title='bbox 2336 2212 2497 2269; x_wconf 89' lang='lat' dir='ltr'><strong>dicit:</strong></span> <span class='ocrx_word' id='word_1_685' title='bbox 2515 2208 2731 2265; x_wconf 75' lang='lat' dir='ltr'><strong>Possedi</strong></span> <span class='ocrx_word' id='word_1_686' title='bbox 2747 2207 3002 2263; x_wconf 70' lang='lat' dir='ltr'><strong>hominem</strong></span> <span class='ocrx_word' id='word_1_687' title='bbox 3022 2222 3114 2278; x_wconf 72' lang='lat' dir='ltr'><strong>per</strong></span> <span class='ocrx_word' id='word_1_688' title='bbox 3129 2204 3294 2261; x_wconf 78' lang='lat' dir='ltr'><strong>Deum</strong></span> <span class='ocrx_word' id='word_1_689' title='bbox 3310 2202 3467 2276; x_wconf 76' lang='lat' dir='ltr'><strong>(Gen.</strong></span> <span class='ocrx_word' id='word_1_690' title='bbox 3487 2200 3643 2272; x_wconf 62' lang='lat'><strong>4.1);</strong></span> 
     </span>
    </p>
   </div>
   <div class='ocr_carea' id='block_1_83' title="bbox 2029 2293 3640 2373">
    <p class='ocr_par' dir='ltr' id='par_1_83' title="bbox 2029 2293 3640 2373">
     <span class='ocr_line' id='line_1_83' title="bbox 2029 2293 3640 2373; baseline -0.008 -13"><span class='ocrx_word' id='word_1_691' title='bbox 2029 2321 2137 2360; x_wconf 92' lang='lat' dir='ltr'><strong>non</strong></span> <span class='ocrx_word' id='word_1_692' title='bbox 2165 2306 2457 2362; x_wconf 88' lang='lat' dir='ltr'><strong>secundam</strong></span> <span class='ocrx_word' id='word_1_693' title='bbox 2481 2343 2499 2370; x_wconf 90' lang='lat'><strong>,</strong></span> <span class='ocrx_word' id='word_1_694' title='bbox 2534 2302 2631 2359; x_wconf 84' lang='lat' dir='ltr'><strong>sed</strong></span> <span class='ocrx_word' id='word_1_695' title='bbox 2660 2302 2888 2373; x_wconf 85' lang='lat' dir='ltr'><strong>primam</strong></span> <span class='ocrx_word' id='word_1_696' title='bbox 2915 2312 3136 2354; x_wconf 86' lang='lat' dir='ltr'><strong>causam</strong></span> <span class='ocrx_word' id='word_1_697' title='bbox 3165 2309 3393 2368; x_wconf 86' lang='lat' dir='ltr'><strong>ponens.</strong></span> <span class='ocrx_word' id='word_1_698' title='bbox 3424 2293 3493 2349; x_wconf 86' lang='lat' dir='ltr'><strong>Et</strong></span> <span class='ocrx_word' id='word_1_699' title='bbox 3520 2309 3640 2349; x_wconf 86' lang='lat' dir='ltr'><strong>rur-</strong></span> 
     </span>
    </p>
   </div>
   <div class='ocr_carea' id='block_1_84' title="bbox 2029 2384 3639 2465">
    <p class='ocr_par' dir='ltr' id='par_1_84' title="bbox 2029 2384 3639 2465">
     <span class='ocr_line' id='line_1_84' title="bbox 2029 2384 3639 2465; baseline -0.008 -14"><span class='ocrx_word' id='word_1_700' title='bbox 2029 2411 2142 2460; x_wconf 87' lang='lat' dir='ltr'><strong>sus,</strong></span> <span class='ocrx_word' id='word_1_701' title='bbox 2173 2394 2362 2450; x_wconf 77' lang='lat' dir='ltr'><strong>Nonne</strong></span> <span class='ocrx_word' id='word_1_702' title='bbox 2389 2410 2481 2465; x_wconf 79' lang='lat' dir='ltr'><strong>per</strong></span> <span class='ocrx_word' id='word_1_703' title='bbox 2507 2392 2675 2448; x_wconf 75' lang='lat' dir='ltr'><strong>Deum</strong></span> <span class='ocrx_word' id='word_1_704' title='bbox 2702 2391 3052 2463; x_wconf 76' lang='lat' dir='ltr'><strong>manifestatio</strong></span> <span class='ocrx_word' id='word_1_705' title='bbox 3071 2404 3245 2443; x_wconf 76' lang='lat' dir='ltr'><strong>eorum</strong></span> <span class='ocrx_word' id='word_1_706' title='bbox 3269 2396 3345 2442; x_wconf 82' lang='lat' dir='ltr'><strong>est</strong></span> <span class='ocrx_word' id='word_1_707' title='bbox 3371 2385 3525 2459; x_wconf 77' lang='lat' dir='ltr'><strong>(Gen.</strong></span> <span class='ocrx_word' id='word_1_708' title='bbox 3549 2384 3639 2441; x_wconf 70' lang='grc'><strong>40.</strong></span> 
     </span>
    </p>
   </div>
   <div class='ocr_carea' id='block_1_85' title="bbox 2028 2480 3641 2555">
    <p class='ocr_par' dir='ltr' id='par_1_85' title="bbox 2028 2480 3641 2555">
     <span class='ocr_line' id='line_1_85' title="bbox 2028 2480 3641 2555; baseline -0.007 -11"><span class='ocrx_word' id='word_1_709' title='bbox 2028 2488 2125 2555; x_wconf 78' lang='lat'><strong>8)?</strong></span> <span class='ocrx_word' id='word_1_710' title='bbox 2152 2486 2240 2553; x_wconf 85' lang='lat' dir='ltr'><strong>Et,</strong></span> <span class='ocrx_word' id='word_1_711' title='bbox 2272 2484 2472 2541; x_wconf 78' lang='lat' dir='ltr'><strong>Fidelis</strong></span> <span class='ocrx_word' id='word_1_712' title='bbox 2501 2483 2641 2540; x_wconf 80' lang='lat' dir='ltr'><strong>Deus</strong></span> <span class='ocrx_word' id='word_1_713' title='bbox 2660 2522 2674 2547; x_wconf 87' lang='lat'><strong>,</strong></span> <span class='ocrx_word' id='word_1_714' title='bbox 2706 2499 2797 2555; x_wconf 81' lang='lat' dir='ltr'><strong>per</strong></span> <span class='ocrx_word' id='word_1_715' title='bbox 2820 2498 2969 2553; x_wconf 78' lang='lat' dir='ltr'><strong>quem</strong></span> <span class='ocrx_word' id='word_1_716' title='bbox 2991 2481 3156 2535; x_wconf 80' lang='lat' dir='ltr'><strong>uocati</strong></span> <span class='ocrx_word' id='word_1_717' title='bbox 3182 2480 3302 2535; x_wconf 77' lang='lat' dir='ltr'><strong>estis</strong></span> <span class='ocrx_word' id='word_1_718' title='bbox 3326 2481 3381 2534; x_wconf 82' lang='lat' dir='ltr'><strong>in</strong></span> <span class='ocrx_word' id='word_1_719' title='bbox 3410 2493 3641 2533; x_wconf 78' lang='lat' dir='ltr'><strong>commu-</strong></span> 
     </span>
    </p>
   </div>
   <div class='ocr_carea' id='block_1_86' title="bbox 2029 2574 3064 2659">
    <p class='ocr_par' dir='ltr' id='par_1_86' title="bbox 2029 2574 3064 2659">
     <span class='ocr_line' id='line_1_86' title="bbox 2029 2574 3064 2659; baseline -0.005 -28"><span class='ocrx_word' id='word_1_720' title='bbox 2029 2581 2332 2659; x_wconf 82' lang='lat' dir='ltr'><strong>nicationem</strong></span> <span class='ocrx_word' id='word_1_721' title='bbox 2356 2576 2482 2632; x_wconf 81' lang='lat' dir='ltr'><strong>Filii</strong></span> <span class='ocrx_word' id='word_1_722' title='bbox 2510 2577 2592 2632; x_wconf 73' lang='lat' dir='ltr'><strong>sui</strong></span> <span class='ocrx_word' id='word_1_723' title='bbox 2632 2577 2717 2647; x_wconf 84' lang='lat' dir='ltr'><strong>(I.</strong></span> <span class='ocrx_word' id='word_1_724' title='bbox 2750 2574 2870 2631; x_wconf 82' lang='lat' dir='ltr'><strong>Cor.</strong></span> <span class='ocrx_word' id='word_1_725' title='bbox 2899 2576 2953 2631; x_wconf 84' lang='lat' dir='ltr'><strong>I.</strong></span> <span class='ocrx_word' id='word_1_726' title='bbox 2981 2574 3064 2639; x_wconf 85' lang='lat'><strong>9).</strong></span> 
     </span>
    </p>
   </div>
   <div class='ocr_carea' id='block_1_87' title="bbox 2101 2662 3640 2729">
    <p class='ocr_par' dir='ltr' id='par_1_87' title="bbox 2101 2662 3640 2729">
     <span class='ocr_line' id='line_1_87' title="bbox 2101 2662 3640 2729; baseline -0.006 -3"><span class='ocrx_word' id='word_1_727' title='bbox 2101 2673 2157 2729; x_wconf 73' lang='grc' dir='ltr'><strong>ι,</strong></span> <span class='ocrx_word' id='word_1_728' title='bbox 2200 2670 2346 2726; x_wconf 72' lang='lat' dir='ltr'><strong>Mala</strong></span> <span class='ocrx_word' id='word_1_729' title='bbox 2383 2687 2486 2725; x_wconf 78' lang='lat' dir='ltr'><strong>non</strong></span> <span class='ocrx_word' id='word_1_730' title='bbox 2525 2686 2589 2725; x_wconf 77' lang='lat' dir='ltr'><strong>ea:</strong></span> <span class='ocrx_word' id='word_1_731' title='bbox 2624 2668 2922 2724; x_wconf 71' lang='lat' dir='ltr'><strong>necessitate</strong></span> <span class='ocrx_word' id='word_1_732' title='bbox 2958 2675 3098 2721; x_wconf 76' lang='lat' dir='ltr'><strong>sunt.</strong></span> <span class='ocrx_word' id='word_1_733' title='bbox 3122 2694 3194 2706; x_wconf 93' lang='lat'><strong><em>—</em></strong></span> <span class='ocrx_word' id='word_1_734' title='bbox 3221 2662 3291 2720; x_wconf 92' lang='lat' dir='ltr'><strong>Ut</strong></span> <span class='ocrx_word' id='word_1_735' title='bbox 3317 2671 3498 2720; x_wconf 84' lang='lat' dir='ltr'><strong>autem</strong></span> <span class='ocrx_word' id='word_1_736' title='bbox 3542 2663 3640 2719; x_wconf 85' lang='lat' dir='ltr'><strong>di—</strong></span> 
     </span>
    </p>
   </div>
   <div class='ocr_carea' id='block_1_88' title="bbox 2029 2754 3637 2826">
    <p class='ocr_par' dir='ltr' id='par_1_88' title="bbox 2029 2754 3637 2826">
     <span class='ocr_line' id='line_1_88' title="bbox 2029 2754 3637 2826; baseline -0.007 -9"><span class='ocrx_word' id='word_1_737' title='bbox 2029 2775 2150 2816; x_wconf 84' lang='lat' dir='ltr'><strong>scas</strong></span> <span class='ocrx_word' id='word_1_738' title='bbox 2190 2774 2297 2817; x_wconf 87' lang='lat' dir='ltr'><strong>nou</strong></span> <span class='ocrx_word' id='word_1_739' title='bbox 2327 2776 2393 2816; x_wconf 91' lang='lat' dir='ltr'><strong>ex</strong></span> <span class='ocrx_word' id='word_1_740' title='bbox 2430 2760 2754 2816; x_wconf 82' lang='lat' dir='ltr'><strong>necessitate</strong></span> <span class='ocrx_word' id='word_1_741' title='bbox 2783 2757 2923 2812; x_wconf 87' lang='lat' dir='ltr'><strong>mala</strong></span> <span class='ocrx_word' id='word_1_742' title='bbox 2951 2769 3107 2822; x_wconf 83' lang='lat' dir='ltr'><strong>esse,</strong></span> <span class='ocrx_word' id='word_1_743' title='bbox 3138 2754 3263 2809; x_wconf 89' lang='lat' dir='ltr'><strong>andi</strong></span> <span class='ocrx_word' id='word_1_744' title='bbox 3293 2768 3358 2809; x_wconf 87' lang='lat' dir='ltr'><strong>ea</strong></span> <span class='ocrx_word' id='word_1_745' title='bbox 3397 2768 3520 2826; x_wconf 73' lang='lat' dir='ltr'><strong>qua:</strong></span> <span class='ocrx_word' id='word_1_746' title='bbox 3548 2768 3637 2808; x_wconf 82' lang='lat' dir='ltr'><strong>se-</strong></span> 
     </span>
    </p>
   </div>
   <div class='ocr_carea' id='block_1_89' title="bbox 2026 2844 3642 2925">
    <p class='ocr_par' dir='ltr' id='par_1_89' title="bbox 2026 2844 3642 2925">
     <span class='ocr_line' id='line_1_89' title="bbox 2026 2844 3642 2925; baseline -0.004 -19"><span class='ocrx_word' id='word_1_747' title='bbox 2026 2861 2284 2922; x_wconf 89' lang='lat' dir='ltr'><strong>quuntur.</strong></span> <span class='ocrx_word' id='word_1_748' title='bbox 2331 2849 2469 2906; x_wconf 84' lang='lat' dir='ltr'><strong>Nam</strong></span> <span class='ocrx_word' id='word_1_749' title='bbox 2512 2858 2795 2925; x_wconf 72' lang='lat' dir='ltr'><strong>postquam</strong></span> <span class='ocrx_word' id='word_1_750' title='bbox 2840 2848 2964 2903; x_wconf 90' lang='lat' dir='ltr'><strong>illos</strong></span> <span class='ocrx_word' id='word_1_751' title='bbox 3010 2848 3239 2901; x_wconf 82' lang='lat' dir='ltr'><strong>miseros</strong></span> <span class='ocrx_word' id='word_1_752' title='bbox 3275 2844 3526 2911; x_wconf 79' lang='lat' dir='ltr'><strong>dixerat,</strong></span> <span class='ocrx_word' id='word_1_753' title='bbox 3570 2848 3642 2902; x_wconf 82' lang='lat' dir='ltr'><strong>ita</strong></span> 
     </span>
    </p>
   </div>
   <div class='ocr_carea' id='block_1_90' title="bbox 2028 2936 3643 3016">
    <p class='ocr_par' dir='ltr' id='par_1_90' title="bbox 2028 2936 3643 3016">
     <span class='ocr_line' id='line_1_90' title="bbox 2028 2936 3643 3016; baseline -0.003 -20"><span class='ocrx_word' id='word_1_754' title='bbox 2028 2944 2203 3016; x_wconf 80' lang='lat' dir='ltr'><strong>pergit</strong></span> <span class='ocrx_word' id='word_1_755' title='bbox 2232 2961 2247 2998; x_wconf 86' lang='lat'><strong>:</strong></span> <span class='ocrx_word' id='word_1_756' title='bbox 2279 2944 2334 3000; x_wconf 83' lang='lat'><strong>8.</strong></span> <span class='ocrx_word' id='word_1_757' title='bbox 2378 2942 2441 2999; x_wconf 86' lang='lat' dir='ltr'><strong>Si</strong></span> <span class='ocrx_word' id='word_1_758' title='bbox 2481 2958 2665 2995; x_wconf 82' lang='lat' dir='ltr'><strong>manus</strong></span> <span class='ocrx_word' id='word_1_759' title='bbox 2691 2950 2782 2995; x_wconf 80' lang='lat' dir='ltr'><strong>tua</strong></span> <span class='ocrx_word' id='word_1_760' title='bbox 2816 2940 2893 2995; x_wconf 76' lang='lat' dir='ltr'><strong>vel</strong></span> <span class='ocrx_word' id='word_1_761' title='bbox 2934 2956 3024 3009; x_wconf 83' lang='lat' dir='ltr'><strong>pes</strong></span> <span class='ocrx_word' id='word_1_762' title='bbox 3060 2948 3177 2992; x_wconf 81' lang='lat' dir='ltr'><strong>tuus</strong></span> <span class='ocrx_word' id='word_1_763' title='bbox 3202 2936 3519 2991; x_wconf 76' lang='lat' dir='ltr'><strong>scandalizat</strong></span> <span class='ocrx_word' id='word_1_764' title='bbox 3554 2948 3602 2991; x_wconf 81' lang='lat' dir='ltr'><strong>te</strong></span> <span class='ocrx_word' id='word_1_765' title='bbox 3624 2979 3643 3003; x_wconf 93' lang='lat'><strong>,</strong></span> 
     </span>
    </p>
   </div>
   <div class='ocr_carea' id='block_1_91' title="bbox 2027 3028 3643 3105">
    <p class='ocr_par' dir='ltr' id='par_1_91' title="bbox 2027 3028 3643 3105">
     <span class='ocr_line' id='line_1_91' title="bbox 2027 3028 3643 3105; baseline -0.005 -16"><span class='ocrx_word' id='word_1_766' title='bbox 2027 3035 2269 3090; x_wconf 81' lang='lat' dir='ltr'><strong>abscinde</strong></span> <span class='ocrx_word' id='word_1_767' title='bbox 2296 3051 2356 3089; x_wconf 83' lang='lat' dir='ltr'><strong>ea</strong></span> <span class='ocrx_word' id='word_1_768' title='bbox 2380 3074 2396 3099; x_wconf 89' lang='lat'><strong>,</strong></span> <span class='ocrx_word' id='word_1_769' title='bbox 2424 3043 2471 3089; x_wconf 87' lang='lat' dir='ltr'><strong>et</strong></span> <span class='ocrx_word' id='word_1_770' title='bbox 2509 3033 2702 3105; x_wconf 81' lang='lat' dir='ltr'><strong>projice</strong></span> <span class='ocrx_word' id='word_1_771' title='bbox 2730 3032 2821 3086; x_wconf 81' lang='lat' dir='ltr'><strong>abs</strong></span> <span class='ocrx_word' id='word_1_772' title='bbox 2849 3042 2919 3085; x_wconf 81' lang='lat' dir='ltr'><strong>te.</strong></span> <span class='ocrx_word' id='word_1_773' title='bbox 2950 3029 3153 3085; x_wconf 80' lang='lat' dir='ltr'><strong>Bonum</strong></span> <span class='ocrx_word' id='word_1_774' title='bbox 3187 3030 3321 3083; x_wconf 83' lang='lat' dir='ltr'><strong>enim</strong></span> <span class='ocrx_word' id='word_1_775' title='bbox 3365 3028 3455 3082; x_wconf 86' lang='lat' dir='ltr'><strong>tibi</strong></span> <span class='ocrx_word' id='word_1_776' title='bbox 3482 3040 3558 3083; x_wconf 80' lang='lat' dir='ltr'><strong>est</strong></span> <span class='ocrx_word' id='word_1_777' title='bbox 3590 3032 3643 3082; x_wconf 87' lang='lat' dir='ltr'><strong>in</strong></span> 
     </span>
    </p>
   </div>
   <div class='ocr_carea' id='block_1_92' title="bbox 2028 3118 3645 3196">
    <p class='ocr_par' dir='ltr' id='par_1_92' title="bbox 2028 3118 3645 3196">
     <span class='ocr_line' id='line_1_92' title="bbox 2028 3118 3645 3196; baseline -0.006 -15"><span class='ocrx_word' id='word_1_778' title='bbox 2028 3127 2184 3181; x_wconf 76' lang='lat' dir='ltr'><strong>vitam</strong></span> <span class='ocrx_word' id='word_1_779' title='bbox 2207 3126 2406 3196; x_wconf 78' lang='lat' dir='ltr'><strong>ingredi</strong></span> <span class='ocrx_word' id='word_1_780' title='bbox 2432 3125 2647 3177; x_wconf 81' lang='lat' dir='ltr'><strong>debilem</strong></span> <span class='ocrx_word' id='word_1_781' title='bbox 2668 3123 2745 3178; x_wconf 75' lang='lat' dir='ltr'><strong>vel</strong></span> <span class='ocrx_word' id='word_1_782' title='bbox 2771 3121 3034 3186; x_wconf 82' lang='lat' dir='ltr'><strong>claudunt,</strong></span> <span class='ocrx_word' id='word_1_783' title='bbox 3062 3136 3216 3191; x_wconf 81' lang='lat' dir='ltr'><strong>quum</strong></span> <span class='ocrx_word' id='word_1_784' title='bbox 3236 3118 3367 3173; x_wconf 81' lang='lat' dir='ltr'><strong>duos</strong></span> <span class='ocrx_word' id='word_1_785' title='bbox 3389 3118 3544 3189; x_wconf 76' lang='lat' dir='ltr'><strong>pedes</strong></span> <span class='ocrx_word' id='word_1_786' title='bbox 3564 3120 3645 3173; x_wconf 70' lang='lat' dir='ltr'><strong>1th</strong></span> 
     </span>
    </p>
   </div>
   <div class='ocr_carea' id='block_1_93' title="bbox 2026 3208 3645 3282">
    <p class='ocr_par' dir='ltr' id='par_1_93' title="bbox 2026 3208 3645 3282">
     <span class='ocr_line' id='line_1_93' title="bbox 2026 3208 3645 3282; baseline -0.004 -11"><span class='ocrx_word' id='word_1_787' title='bbox 2026 3218 2158 3271; x_wconf 79' lang='lat' dir='ltr'><strong>ditas</strong></span> <span class='ocrx_word' id='word_1_788' title='bbox 2187 3232 2368 3270; x_wconf 75' lang='lat' dir='ltr'><strong>manus</strong></span> <span class='ocrx_word' id='word_1_789' title='bbox 2394 3216 2658 3269; x_wconf 77' lang='lat' dir='ltr'><strong>habentem</strong></span> <span class='ocrx_word' id='word_1_790' title='bbox 2685 3214 2814 3268; x_wconf 81' lang='lat' dir='ltr'><strong>mitti</strong></span> <span class='ocrx_word' id='word_1_791' title='bbox 2839 3214 2893 3267; x_wconf 84' lang='lat' dir='ltr'><strong>in</strong></span> <span class='ocrx_word' id='word_1_792' title='bbox 2923 3212 3094 3282; x_wconf 82' lang='lat' dir='ltr'><strong>ignem</strong></span> <span class='ocrx_word' id='word_1_793' title='bbox 3118 3221 3388 3265; x_wconf 66' lang='lat' dir='ltr'><strong>talentum.</strong></span> <span class='ocrx_word' id='word_1_794' title='bbox 3416 3208 3471 3266; x_wconf 90' lang='lat'><strong>9.</strong></span> <span class='ocrx_word' id='word_1_795' title='bbox 3502 3208 3570 3265; x_wconf 84' lang='lat' dir='ltr'><strong>Et</strong></span> <span class='ocrx_word' id='word_1_796' title='bbox 3596 3212 3645 3264; x_wconf 79' lang='lat' dir='ltr'><strong>si</strong></span> 
     </span>
    </p>
   </div>
   <div class='ocr_carea' id='block_1_94' title="bbox 2026 3302 3643 3373">
    <p class='ocr_par' dir='ltr' id='par_1_94' title="bbox 2026 3302 3643 3373">
     <span class='ocr_line' id='line_1_94' title="bbox 2026 3302 3643 3373; baseline -0.004 -11"><span class='ocrx_word' id='word_1_797' title='bbox 2026 3302 2205 3362; x_wconf 67' lang='lat' dir='ltr'><strong>oculis</strong></span> <span class='ocrx_word' id='word_1_798' title='bbox 2231 3316 2349 3359; x_wconf 80' lang='lat' dir='ltr'><strong>titus</strong></span> <span class='ocrx_word' id='word_1_799' title='bbox 2374 3305 2550 3359; x_wconf 73' lang='lat' dir='ltr'><strong>dexter</strong></span> <span class='ocrx_word' id='word_1_800' title='bbox 2577 3304 2896 3361; x_wconf 75' lang='lat' dir='ltr'><strong>scandalizat</strong></span> <span class='ocrx_word' id='word_1_801' title='bbox 2933 3312 3012 3370; x_wconf 83' lang='lat' dir='ltr'><strong>te,</strong></span> <span class='ocrx_word' id='word_1_802' title='bbox 3038 3317 3160 3357; x_wconf 76' lang='lat' dir='ltr'><strong>erue</strong></span> <span class='ocrx_word' id='word_1_803' title='bbox 3183 3318 3298 3356; x_wconf 80' lang='lat' dir='ltr'><strong>eum</strong></span> <span class='ocrx_word' id='word_1_804' title='bbox 3316 3342 3332 3366; x_wconf 94' lang='lat'><strong>,</strong></span> <span class='ocrx_word' id='word_1_805' title='bbox 3368 3311 3416 3356; x_wconf 80' lang='lat' dir='ltr'><strong>et</strong></span> <span class='ocrx_word' id='word_1_806' title='bbox 3446 3302 3643 3373; x_wconf 76' lang='lat' dir='ltr'><strong>projt&#39;t&#39;e</strong></span> 
     </span>
    </p>
   </div>
   <div class='ocr_carea' id='block_1_95' title="bbox 2025 3391 3639 3458">
    <p class='ocr_par' dir='ltr' id='par_1_95' title="bbox 2025 3391 3639 3458">
     <span class='ocr_line' id='line_1_95' title="bbox 2025 3391 3639 3458; baseline -0.006 -5"><span class='ocrx_word' id='word_1_807' title='bbox 2025 3398 2119 3453; x_wconf 70' lang='lat' dir='ltr'><strong>abs</strong></span> <span class='ocrx_word' id='word_1_808' title='bbox 2143 3407 2194 3452; x_wconf 80' lang='lat' dir='ltr'><strong>te</strong></span> <span class='ocrx_word' id='word_1_809' title='bbox 2213 3399 2258 3452; x_wconf 78' lang='lat'><strong>’.</strong></span> <span class='ocrx_word' id='word_1_810' title='bbox 2286 3394 2486 3451; x_wconf 84' lang='lat' dir='ltr'><strong>Bonum</strong></span> <span class='ocrx_word' id='word_1_811' title='bbox 2507 3396 2595 3451; x_wconf 88' lang='lat' dir='ltr'><strong>tibi</strong></span> <span class='ocrx_word' id='word_1_812' title='bbox 2623 3405 2698 3451; x_wconf 73' lang='lat' dir='ltr'><strong>est</strong></span> <span class='ocrx_word' id='word_1_813' title='bbox 2721 3411 2841 3449; x_wconf 78' lang='lat' dir='ltr'><strong>cum</strong></span> <span class='ocrx_word' id='word_1_814' title='bbox 2865 3410 2970 3449; x_wconf 82' lang='lat' dir='ltr'><strong>uno</strong></span> <span class='ocrx_word' id='word_1_815' title='bbox 2994 3391 3142 3448; x_wconf 70' lang='lat' dir='ltr'><strong>oculo</strong></span> <span class='ocrx_word' id='word_1_816' title='bbox 3166 3392 3221 3445; x_wconf 85' lang='lat' dir='ltr'><strong>in</strong></span> <span class='ocrx_word' id='word_1_817' title='bbox 3245 3392 3399 3445; x_wconf 72' lang='lat' dir='ltr'><strong>vitam</strong></span> <span class='ocrx_word' id='word_1_818' title='bbox 3425 3392 3639 3458; x_wconf 72' lang='lat' dir='ltr'><strong>intraro,</strong></span> 
     </span>
    </p>
   </div>
   <div class='ocr_carea' id='block_1_96' title="bbox 2026 3483 3640 3561">
    <p class='ocr_par' dir='ltr' id='par_1_96' title="bbox 2026 3483 3640 3561">
     <span class='ocr_line' id='line_1_96' title="bbox 2026 3483 3640 3561; baseline -0.003 -18"><span class='ocrx_word' id='word_1_819' title='bbox 2026 3505 2180 3561; x_wconf 78' lang='lat' dir='ltr'><strong>quam</strong></span> <span class='ocrx_word' id='word_1_820' title='bbox 2217 3488 2354 3542; x_wconf 74' lang='lat' dir='ltr'><strong>duos</strong></span> <span class='ocrx_word' id='word_1_821' title='bbox 2382 3486 2562 3543; x_wconf 76' lang='lat' dir='ltr'><strong>oculos</strong></span> <span class='ocrx_word' id='word_1_822' title='bbox 2603 3486 2867 3541; x_wconf 75' lang='lat' dir='ltr'><strong>habentem</strong></span> <span class='ocrx_word' id='word_1_823' title='bbox 2905 3485 3038 3539; x_wconf 82' lang='lat' dir='ltr'><strong>mitti</strong></span> <span class='ocrx_word' id='word_1_824' title='bbox 3085 3484 3139 3537; x_wconf 88' lang='lat' dir='ltr'><strong>in</strong></span> <span class='ocrx_word' id='word_1_825' title='bbox 3188 3484 3447 3538; x_wconf 77' lang='lat' dir='ltr'><strong>caminum</strong></span> <span class='ocrx_word' id='word_1_826' title='bbox 3485 3483 3640 3554; x_wconf 73' lang='lat' dir='ltr'><strong>ignis.</strong></span> 
     </span>
    </p>
   </div>
   <div class='ocr_carea' id='block_1_97' title="bbox 2027 3570 3644 3658">
    <p class='ocr_par' dir='ltr' id='par_1_97' title="bbox 2027 3570 3644 3658">
     <span class='ocr_line' id='line_1_97' title="bbox 2027 3570 3644 3658; baseline -0.004 -22"><span class='ocrx_word' id='word_1_827' title='bbox 2027 3570 2145 3636; x_wconf 82' lang='lat' dir='ltr'><strong>Non</strong></span> <span class='ocrx_word' id='word_1_828' title='bbox 2171 3580 2240 3635; x_wconf 92' lang='lat' dir='ltr'><strong>de</strong></span> <span class='ocrx_word' id='word_1_829' title='bbox 2270 3578 2529 3658; x_wconf 58' lang='lat' dir='ltr'><strong>membris</strong></span> <span class='ocrx_word' id='word_1_830' title='bbox 2554 3578 2671 3634; x_wconf 74' lang='lat' dir='ltr'><strong>lucc</strong></span> <span class='ocrx_word' id='word_1_831' title='bbox 2691 3578 2821 3633; x_wconf 90' lang='lat' dir='ltr'><strong>dicit</strong></span> <span class='ocrx_word' id='word_1_832' title='bbox 2850 3598 2866 3634; x_wconf 87' lang='lat'><strong>:</strong></span> <span class='ocrx_word' id='word_1_833' title='bbox 2892 3576 3073 3643; x_wconf 84' lang='lat' dir='ltr'><strong>absit;</strong></span> <span class='ocrx_word' id='word_1_834' title='bbox 3102 3574 3199 3630; x_wconf 82' lang='lat' dir='ltr'><strong>sed</strong></span> <span class='ocrx_word' id='word_1_835' title='bbox 3221 3576 3291 3631; x_wconf 90' lang='lat' dir='ltr'><strong>de</strong></span> <span class='ocrx_word' id='word_1_836' title='bbox 3318 3575 3542 3643; x_wconf 82' lang='lat' dir='ltr'><strong>amicis,</strong></span> <span class='ocrx_word' id='word_1_837' title='bbox 3572 3576 3644 3629; x_wconf 87' lang='lat' dir='ltr'><strong>de</strong></span> 
     </span>
    </p>
   </div>
   <div class='ocr_carea' id='block_1_98' title="bbox 2029 3663 3640 3741">
    <p class='ocr_par' dir='ltr' id='par_1_98' title="bbox 2029 3663 3640 3741">
     <span class='ocr_line' id='line_1_98' title="bbox 2029 3663 3640 3741; baseline -0.006 -15"><span class='ocrx_word' id='word_1_838' title='bbox 2029 3670 2343 3741; x_wconf 85' lang='lat' dir='ltr'><strong>propinquis</strong></span> <span class='ocrx_word' id='word_1_839' title='bbox 2366 3710 2384 3737; x_wconf 94' lang='lat'><strong>,</strong></span> <span class='ocrx_word' id='word_1_840' title='bbox 2422 3684 2560 3740; x_wconf 84' lang='lat' dir='ltr'><strong>quos</strong></span> <span class='ocrx_word' id='word_1_841' title='bbox 2595 3668 2750 3739; x_wconf 89' lang='lat' dir='ltr'><strong>quasi</strong></span> <span class='ocrx_word' id='word_1_842' title='bbox 2791 3668 2911 3723; x_wconf 90' lang='lat' dir='ltr'><strong>vice</strong></span> <span class='ocrx_word' id='word_1_843' title='bbox 2947 3665 3315 3722; x_wconf 88' lang='lat' dir='ltr'><strong>membrorum</strong></span> <span class='ocrx_word' id='word_1_844' title='bbox 3357 3663 3640 3721; x_wconf 87' lang='lat' dir='ltr'><strong>habemus.</strong></span> 
     </span>
    </p>
   </div>
   <div class='ocr_carea' id='block_1_99' title="bbox 2028 3758 3641 3832">
    <p class='ocr_par' dir='ltr' id='par_1_99' title="bbox 2028 3758 3641 3832">
     <span class='ocr_line' id='line_1_99' title="bbox 2028 3758 3641 3832; baseline -0.004 -13"><span class='ocrx_word' id='word_1_845' title='bbox 2028 3763 2145 3820; x_wconf 83' lang='lat' dir='ltr'><strong>lloc</strong></span> <span class='ocrx_word' id='word_1_846' title='bbox 2174 3764 2336 3819; x_wconf 90' lang='lat' dir='ltr'><strong>etiam</strong></span> <span class='ocrx_word' id='word_1_847' title='bbox 2363 3776 2525 3832; x_wconf 89' lang='lat' dir='ltr'><strong>supra</strong></span> <span class='ocrx_word' id='word_1_848' title='bbox 2552 3761 2707 3827; x_wconf 81' lang='lat' dir='ltr'><strong>dixit,</strong></span> <span class='ocrx_word' id='word_1_849' title='bbox 2739 3769 2797 3816; x_wconf 92' lang='lat' dir='ltr'><strong>et</strong></span> <span class='ocrx_word' id='word_1_850' title='bbox 2819 3773 2965 3815; x_wconf 90' lang='lat' dir='ltr'><strong>nunc</strong></span> <span class='ocrx_word' id='word_1_851' title='bbox 2990 3759 3144 3815; x_wconf 85' lang='lat' dir='ltr'><strong>diett.</strong></span> <span class='ocrx_word' id='word_1_852' title='bbox 3174 3758 3316 3813; x_wconf 87' lang='lat' dir='ltr'><strong>Nihil</strong></span> <span class='ocrx_word' id='word_1_853' title='bbox 3344 3758 3541 3829; x_wconf 90' lang='lat' dir='ltr'><strong>quippe</strong></span> <span class='ocrx_word' id='word_1_854' title='bbox 3570 3761 3641 3813; x_wconf 85' lang='lat' dir='ltr'><strong>ita</strong></span> 
     </span>
    </p>
   </div>
   <div class='ocr_carea' id='block_1_100' title="bbox 2028 3849 3644 3922">
    <p class='ocr_par' dir='ltr' id='par_1_100' title="bbox 2028 3849 3644 3922">
     <span class='ocr_line' id='line_1_100' title="bbox 2028 3849 3644 3922; baseline -0.003 -11"><span class='ocrx_word' id='word_1_855' title='bbox 2028 3855 2277 3919; x_wconf 87' lang='lat' dir='ltr'><strong>noxium,</strong></span> <span class='ocrx_word' id='word_1_856' title='bbox 2307 3862 2366 3910; x_wconf 89' lang='lat' dir='ltr'><strong>ut</strong></span> <span class='ocrx_word' id='word_1_857' title='bbox 2392 3852 2733 3908; x_wconf 90' lang='lat' dir='ltr'><strong>consuetudo</strong></span> <span class='ocrx_word' id='word_1_858' title='bbox 2763 3866 3072 3922; x_wconf 90' lang='lat' dir='ltr'><strong>pravorum.</strong></span> <span class='ocrx_word' id='word_1_859' title='bbox 3098 3849 3232 3906; x_wconf 84' lang='lat' dir='ltr'><strong>Nam</strong></span> <span class='ocrx_word' id='word_1_860' title='bbox 3260 3866 3382 3922; x_wconf 76' lang='lat' dir='ltr'><strong>quae</strong></span> <span class='ocrx_word' id='word_1_861' title='bbox 3409 3852 3644 3907; x_wconf 85' lang='lat' dir='ltr'><strong>necessi-</strong></span> 
     </span>
    </p>
   </div>
   <div class='ocr_carea' id='block_1_101' title="bbox 2030 3941 3636 4017">
    <p class='ocr_par' dir='ltr' id='par_1_101' title="bbox 2030 3941 3636 4017">
     <span class='ocr_line' id='line_1_101' title="bbox 2030 3941 3636 4017; baseline -0.002 -14"><span class='ocrx_word' id='word_1_862' title='bbox 2030 3957 2113 4004; x_wconf 88' lang='lat' dir='ltr'><strong>tas</strong></span> <span class='ocrx_word' id='word_1_863' title='bbox 2134 3963 2239 4003; x_wconf 90' lang='lat' dir='ltr'><strong>non</strong></span> <span class='ocrx_word' id='word_1_864' title='bbox 2268 3954 2463 4017; x_wconf 88' lang='lat' dir='ltr'><strong>potest,</strong></span> <span class='ocrx_word' id='word_1_865' title='bbox 2486 3941 2634 4016; x_wconf 57' lang='lat' dir='ltr'><strong>serpe</strong></span> <span class='ocrx_word' id='word_1_866' title='bbox 2652 3945 2887 4000; x_wconf 87' lang='lat' dir='ltr'><strong>amicitia</strong></span> <span class='ocrx_word' id='word_1_867' title='bbox 2910 3952 3108 4015; x_wconf 88' lang='lat' dir='ltr'><strong>potest,</strong></span> <span class='ocrx_word' id='word_1_868' title='bbox 3135 3955 3246 3999; x_wconf 92' lang='lat' dir='ltr'><strong>tum</strong></span> <span class='ocrx_word' id='word_1_869' title='bbox 3268 3944 3336 3999; x_wconf 90' lang='lat' dir='ltr'><strong>ad</strong></span> <span class='ocrx_word' id='word_1_870' title='bbox 3357 3944 3636 4013; x_wconf 84' lang='lat' dir='ltr'><strong>damnum,</strong></span> 
     </span>
    </p>
   </div>
   <div class='ocr_carea' id='block_1_102' title="bbox 2032 4037 3640 4109">
    <p class='ocr_par' dir='ltr' id='par_1_102' title="bbox 2032 4037 3640 4109">
     <span class='ocr_line' id='line_1_102' title="bbox 2032 4037 3640 4109; baseline -0.003 -13"><span class='ocrx_word' id='word_1_871' title='bbox 2032 4050 2143 4096; x_wconf 90' lang='lat' dir='ltr'><strong>tum</strong></span> <span class='ocrx_word' id='word_1_872' title='bbox 2173 4041 2240 4095; x_wconf 89' lang='lat' dir='ltr'><strong>ad</strong></span> <span class='ocrx_word' id='word_1_873' title='bbox 2272 4040 2578 4095; x_wconf 91' lang='lat' dir='ltr'><strong>utilitatem.</strong></span> <span class='ocrx_word' id='word_1_874' title='bbox 2611 4038 2845 4109; x_wconf 87' lang='lat' dir='ltr'><strong>Ideoque</strong></span> <span class='ocrx_word' id='word_1_875' title='bbox 2870 4054 2967 4095; x_wconf 89' lang='lat' dir='ltr'><strong>eos</strong></span> <span class='ocrx_word' id='word_1_876' title='bbox 2992 4039 3083 4109; x_wconf 92' lang='lat' dir='ltr'><strong>qui</strong></span> <span class='ocrx_word' id='word_1_877' title='bbox 3112 4037 3269 4094; x_wconf 89' lang='lat' dir='ltr'><strong>nobis</strong></span> <span class='ocrx_word' id='word_1_878' title='bbox 3297 4039 3443 4094; x_wconf 90' lang='lat' dir='ltr'><strong>noxii</strong></span> <span class='ocrx_word' id='word_1_879' title='bbox 3474 4049 3599 4094; x_wconf 87' lang='lat' dir='ltr'><strong>sunt</strong></span> <span class='ocrx_word' id='word_1_880' title='bbox 3626 4082 3640 4101; x_wconf 85' lang='lat'><strong>,</strong></span> 
     </span>
    </p>
   </div>
   <div class='ocr_carea' id='block_1_103' title="bbox 2030 4129 3640 4201">
    <p class='ocr_par' dir='ltr' id='par_1_103' title="bbox 2030 4129 3640 4201">
     <span class='ocr_line' id='line_1_103' title="bbox 2030 4129 3640 4201; baseline -0.005 -10"><span class='ocrx_word' id='word_1_881' title='bbox 2030 4151 2152 4191; x_wconf 89' lang='lat' dir='ltr'><strong>cum</strong></span> <span class='ocrx_word' id='word_1_882' title='bbox 2182 4136 2345 4189; x_wconf 85' lang='lat' dir='ltr'><strong>multa</strong></span> <span class='ocrx_word' id='word_1_883' title='bbox 2373 4133 2715 4190; x_wconf 81' lang='lat' dir='ltr'><strong>vehementia</strong></span> <span class='ocrx_word' id='word_1_884' title='bbox 2740 4130 3063 4187; x_wconf 89' lang='lat' dir='ltr'><strong>abscindere</strong></span> <span class='ocrx_word' id='word_1_885' title='bbox 3080 4130 3253 4201; x_wconf 82' lang='lat' dir='ltr'><strong>jubet,</strong></span> <span class='ocrx_word' id='word_1_886' title='bbox 3277 4129 3378 4185; x_wconf 88' lang='lat' dir='ltr'><strong>hos</strong></span> <span class='ocrx_word' id='word_1_887' title='bbox 3402 4131 3640 4185; x_wconf 82' lang='lat' dir='ltr'><strong>subindi-</strong></span> 
     </span>
    </p>
   </div>
   <div class='ocr_carea' id='block_1_104' title="bbox 2031 4222 3643 4294">
    <p class='ocr_par' dir='ltr' id='par_1_104' title="bbox 2031 4222 3643 4294">
     <span class='ocr_line' id='line_1_104' title="bbox 2031 4222 3643 4294; baseline -0.004 -9"><span class='ocrx_word' id='word_1_888' title='bbox 2031 4243 2164 4285; x_wconf 83' lang='lat' dir='ltr'><strong>cans</strong></span> <span class='ocrx_word' id='word_1_889' title='bbox 2187 4227 2278 4289; x_wconf 89' lang='lat' dir='ltr'><strong>qui</strong></span> <span class='ocrx_word' id='word_1_890' title='bbox 2315 4226 2566 4281; x_wconf 87' lang='lat' dir='ltr'><strong>scandala</strong></span> <span class='ocrx_word' id='word_1_891' title='bbox 2598 4224 2843 4280; x_wconf 73' lang='lat' dir='ltr'><strong>alferent.</strong></span> <span class='ocrx_word' id='word_1_892' title='bbox 2890 4222 3078 4279; x_wconf 81' lang='lat' dir='ltr'><strong>Viden‘</strong></span> <span class='ocrx_word' id='word_1_893' title='bbox 3102 4223 3375 4294; x_wconf 90' lang='lat' dir='ltr'><strong>quomodo</strong></span> <span class='ocrx_word' id='word_1_894' title='bbox 3406 4222 3643 4279; x_wconf 88' lang='lat' dir='ltr'><strong>futurum</strong></span> 
     </span>
    </p>
   </div>
   <div class='ocr_carea' id='block_1_105' title="bbox 2032 4314 3641 4387">
    <p class='ocr_par' dir='ltr' id='par_1_105' title="bbox 2032 4314 3641 4387">
     <span class='ocr_line' id='line_1_105' title="bbox 2032 4314 3641 4387; baseline -0.002 -12"><span class='ocrx_word' id='word_1_895' title='bbox 2032 4334 2100 4375; x_wconf 88' lang='lat' dir='ltr'><strong>ex</strong></span> <span class='ocrx_word' id='word_1_896' title='bbox 2128 4318 2394 4373; x_wconf 77' lang='lat' dir='ltr'><strong>st&#39;andalis</strong></span> <span class='ocrx_word' id='word_1_897' title='bbox 2419 4318 2675 4373; x_wconf 84' lang='lat' dir='ltr'><strong>damnum</strong></span> <span class='ocrx_word' id='word_1_898' title='bbox 2703 4315 2938 4386; x_wconf 87' lang='lat' dir='ltr'><strong>depellat</strong></span> <span class='ocrx_word' id='word_1_899' title='bbox 2958 4356 2974 4381; x_wconf 94' lang='lat'><strong>,</strong></span> <span class='ocrx_word' id='word_1_900' title='bbox 3006 4314 3134 4370; x_wconf 91' lang='lat' dir='ltr'><strong>dum</strong></span> <span class='ocrx_word' id='word_1_901' title='bbox 3166 4314 3446 4387; x_wconf 71' lang='lat' dir='ltr'><strong>praedicit,</strong></span> <span class='ocrx_word' id='word_1_902' title='bbox 3473 4331 3641 4372; x_wconf 87' lang='lat' dir='ltr'><strong>even-</strong></span> 
     </span>
    </p>
   </div>
   <div class='ocr_carea' id='block_1_106' title="bbox 2034 4406 3631 4477">
    <p class='ocr_par' dir='ltr' id='par_1_106' title="bbox 2034 4406 3631 4477">
     <span class='ocr_line' id='line_1_106' title="bbox 2034 4406 3631 4477; baseline -0.003 -12"><span class='ocrx_word' id='word_1_903' title='bbox 2034 4420 2151 4466; x_wconf 90' lang='lat' dir='ltr'><strong>tura</strong></span> <span class='ocrx_word' id='word_1_904' title='bbox 2181 4410 2269 4466; x_wconf 87' lang='lat' dir='ltr'><strong>illa</strong></span> <span class='ocrx_word' id='word_1_905' title='bbox 2298 4424 2442 4471; x_wconf 86' lang='lat' dir='ltr'><strong>esse.</strong></span> <span class='ocrx_word' id='word_1_906' title='bbox 2478 4416 2536 4463; x_wconf 90' lang='lat' dir='ltr'><strong>ut</strong></span> <span class='ocrx_word' id='word_1_907' title='bbox 2560 4409 2830 4462; x_wconf 86' lang='lat' dir='ltr'><strong>neminem</strong></span> <span class='ocrx_word' id='word_1_908' title='bbox 2862 4407 2916 4461; x_wconf 93' lang='lat' dir='ltr'><strong>in</strong></span> <span class='ocrx_word' id='word_1_909' title='bbox 2946 4406 3150 4461; x_wconf 87' lang='lat' dir='ltr'><strong>desidia</strong></span> <span class='ocrx_word' id='word_1_910' title='bbox 3176 4406 3458 4477; x_wconf 87' lang='lat' dir='ltr'><strong>degentem</strong></span> <span class='ocrx_word' id='word_1_911' title='bbox 3488 4423 3631 4477; x_wconf 76' lang='lat' dir='ltr'><strong>repe-</strong></span> 
     </span>
    </p>
   </div>
   <div class='ocr_carea' id='block_1_107' title="bbox 2035 4497 3634 4569">
    <p class='ocr_par' dir='ltr' id='par_1_107' title="bbox 2035 4497 3634 4569">
     <span class='ocr_line' id='line_1_107' title="bbox 2035 4497 3634 4569; baseline -0.003 -12"><span class='ocrx_word' id='word_1_912' title='bbox 2035 4503 2195 4567; x_wconf 89' lang='lat' dir='ltr'><strong>riant,</strong></span> <span class='ocrx_word' id='word_1_913' title='bbox 2224 4499 2317 4557; x_wconf 88' lang='lat' dir='ltr'><strong>sed</strong></span> <span class='ocrx_word' id='word_1_914' title='bbox 2348 4506 2727 4569; x_wconf 84' lang='lat' dir='ltr'><strong>exspectantes</strong></span> <span class='ocrx_word' id='word_1_915' title='bbox 2752 4497 2839 4551; x_wconf 92' lang='lat' dir='ltr'><strong>illa</strong></span> <span class='ocrx_word' id='word_1_916' title='bbox 2871 4498 3092 4568; x_wconf 84' lang='lat' dir='ltr'><strong>vigilent</strong></span> <span class='ocrx_word' id='word_1_917' title='bbox 3115 4539 3133 4564; x_wconf 92' lang='lat'><strong>,</strong></span> <span class='ocrx_word' id='word_1_918' title='bbox 3162 4498 3305 4568; x_wconf 89' lang='lat' dir='ltr'><strong>quod</strong></span> <span class='ocrx_word' id='word_1_919' title='bbox 3333 4498 3634 4568; x_wconf 73' lang='lat' dir='ltr'><strong>prmdixerit</strong></span> 
     </span>
    </p>
   </div>
   <div class='ocr_carea' id='block_1_108' title="bbox 2036 4588 3648 4658">
    <p class='ocr_par' dir='ltr' id='par_1_108' title="bbox 2036 4588 3648 4658">
     <span class='ocr_line' id='line_1_108' title="bbox 2036 4588 3648 4658; baseline -0.006 -10"><span class='ocrx_word' id='word_1_920' title='bbox 2036 4592 2267 4649; x_wconf 87' lang='lat' dir='ltr'><strong>maxima</strong></span> <span class='ocrx_word' id='word_1_921' title='bbox 2299 4590 2412 4646; x_wconf 90' lang='lat' dir='ltr'><strong>fore</strong></span> <span class='ocrx_word' id='word_1_922' title='bbox 2448 4589 2628 4644; x_wconf 80' lang='lat' dir='ltr'><strong>mala?</strong></span> <span class='ocrx_word' id='word_1_923' title='bbox 2668 4589 2784 4644; x_wconf 85' lang='lat' dir='ltr'><strong>Non</strong></span> <span class='ocrx_word' id='word_1_924' title='bbox 2810 4590 2955 4643; x_wconf 90' lang='lat' dir='ltr'><strong>enim</strong></span> <span class='ocrx_word' id='word_1_925' title='bbox 2996 4588 3314 4658; x_wconf 86' lang='lat' dir='ltr'><strong>simpliciter</strong></span> <span class='ocrx_word' id='word_1_926' title='bbox 3348 4589 3517 4657; x_wconf 88' lang='lat' dir='ltr'><strong>dixit,</strong></span> <span class='ocrx_word' id='word_1_927' title='bbox 3556 4588 3648 4643; x_wconf 70' lang='lat' dir='ltr'><strong>Vm</strong></span> 
     </span>
    </p>
   </div>
   <div class='ocr_carea' id='block_1_109' title="bbox 2035 4682 3642 4753">
    <p class='ocr_par' dir='ltr' id='par_1_109' title="bbox 2035 4682 3642 4753">
     <span class='ocr_line' id='line_1_109' title="bbox 2035 4682 3642 4753; baseline -0.002 -13"><span class='ocrx_word' id='word_1_928' title='bbox 2035 4684 2227 4740; x_wconf 84' lang='lat' dir='ltr'><strong>mundo</strong></span> <span class='ocrx_word' id='word_1_929' title='bbox 2253 4700 2284 4738; x_wconf 88' lang='lat' dir='ltr'><strong>a</strong></span> <span class='ocrx_word' id='word_1_930' title='bbox 2319 4683 2597 4747; x_wconf 78' lang='lat' dir='ltr'><strong>scandalis,</strong></span> <span class='ocrx_word' id='word_1_931' title='bbox 2626 4682 2720 4738; x_wconf 89' lang='lat' dir='ltr'><strong>sed</strong></span> <span class='ocrx_word' id='word_1_932' title='bbox 2747 4688 3030 4752; x_wconf 81' lang='lat' dir='ltr'><strong>postquam</strong></span> <span class='ocrx_word' id='word_1_933' title='bbox 3054 4682 3367 4738; x_wconf 88' lang='lat' dir='ltr'><strong>ostenderat</strong></span> <span class='ocrx_word' id='word_1_934' title='bbox 3391 4697 3642 4753; x_wconf 86' lang='lat' dir='ltr'><strong>magnam</strong></span> 
     </span>
    </p>
   </div>
   <div class='ocr_carea' id='block_1_110' title="bbox 2037 4772 3647 4846">
    <p class='ocr_par' dir='ltr' id='par_1_110' title="bbox 2037 4772 3647 4846">
     <span class='ocr_line' id='line_1_110' title="bbox 2037 4772 3647 4846; baseline -0.004 -13"><span class='ocrx_word' id='word_1_935' title='bbox 2037 4777 2251 4833; x_wconf 90' lang='lat' dir='ltr'><strong>illorum</strong></span> <span class='ocrx_word' id='word_1_936' title='bbox 2270 4775 2584 4846; x_wconf 88' lang='lat' dir='ltr'><strong>perniciem.</strong></span> <span class='ocrx_word' id='word_1_937' title='bbox 2605 4772 2740 4827; x_wconf 89' lang='lat' dir='ltr'><strong>Cum</strong></span> <span class='ocrx_word' id='word_1_938' title='bbox 2762 4780 2943 4828; x_wconf 87' lang='lat' dir='ltr'><strong>autem</strong></span> <span class='ocrx_word' id='word_1_939' title='bbox 2966 4774 3223 4828; x_wconf 89' lang='lat' dir='ltr'><strong>miserum</strong></span> <span class='ocrx_word' id='word_1_940' title='bbox 3247 4774 3502 4845; x_wconf 63' lang='lat' dir='ltr'><strong>praedicat</strong></span> <span class='ocrx_word' id='word_1_941' title='bbox 3519 4790 3647 4829; x_wconf 85' lang='lat' dir='ltr'><strong>eum</strong></span> 
     </span>
    </p>
   </div>
   <div class='ocr_carea' id='block_1_111' title="bbox 2036 4862 3645 4939">
    <p class='ocr_par' dir='ltr' id='par_1_111' title="bbox 2036 4862 3645 4939">
     <span class='ocr_line' id='line_1_111' title="bbox 2036 4862 3645 4939; baseline 0 -18"><span class='ocrx_word' id='word_1_942' title='bbox 2036 4868 2127 4939; x_wconf 90' lang='lat' dir='ltr'><strong>qui</strong></span> <span class='ocrx_word' id='word_1_943' title='bbox 2171 4865 2425 4922; x_wconf 82' lang='lat' dir='ltr'><strong>scandala</strong></span> <span class='ocrx_word' id='word_1_944' title='bbox 2470 4863 2713 4930; x_wconf 86' lang='lat' dir='ltr'><strong>invehit,</strong></span> <span class='ocrx_word' id='word_1_945' title='bbox 2752 4864 2927 4934; x_wconf 83' lang='lat' dir='ltr'><strong>majus</strong></span> <span class='ocrx_word' id='word_1_946' title='bbox 2956 4864 3083 4919; x_wconf 87' lang='lat' dir='ltr'><strong>hinc</strong></span> <span class='ocrx_word' id='word_1_947' title='bbox 3116 4862 3235 4921; x_wconf 87' lang='lat' dir='ltr'><strong>fore</strong></span> <span class='ocrx_word' id='word_1_948' title='bbox 3263 4865 3645 4921; x_wconf 87' lang='lat' dir='ltr'><strong>detrimentum</strong></span> 
     </span>
    </p>
   </div>
   <div class='ocr_carea' id='block_1_112' title="bbox 2037 4956 3717 5027">
    <p class='ocr_par' dir='ltr' id='par_1_112' title="bbox 2037 4956 3717 5027">
     <span class='ocr_line' id='line_1_112' title="bbox 2037 4956 3717 5027; baseline -0.005 -8"><span class='ocrx_word' id='word_1_949' title='bbox 2037 4962 2295 5019; x_wconf 83' lang='lat' dir='ltr'><strong>ostendit.</strong></span> <span class='ocrx_word' id='word_1_950' title='bbox 2324 4961 2457 5017; x_wconf 87' lang='lat' dir='ltr'><strong>Nam</strong></span> <span class='ocrx_word' id='word_1_951' title='bbox 2489 4976 2612 5016; x_wconf 89' lang='lat' dir='ltr'><strong>cum</strong></span> <span class='ocrx_word' id='word_1_952' title='bbox 2639 4960 2792 5027; x_wconf 90' lang='lat' dir='ltr'><strong>dicit,</strong></span> <span class='ocrx_word' id='word_1_953' title='bbox 2830 4959 3187 5014; x_wconf 80' lang='lat' dir='ltr'><strong>Verumtamen</strong></span> <span class='ocrx_word' id='word_1_954' title='bbox 3212 4974 3288 5014; x_wconf 74' lang='lat' dir='ltr'><strong>va:</strong></span> <span class='ocrx_word' id='word_1_955' title='bbox 3314 4959 3509 5013; x_wconf 82' lang='lat' dir='ltr'><strong>homini</strong></span> <span class='ocrx_word' id='word_1_956' title='bbox 3535 4961 3643 5025; x_wconf 84' lang='lat' dir='ltr'><strong>illi,</strong></span> <span class='ocrx_word' id='word_1_957' title='bbox 3716 4956 3717 4959; x_wconf 62' lang='grc'><em>“</em></span> 
     </span>
    </p>
   </div>
   <div class='ocr_carea' id='block_1_113' title="bbox 2040 5051 3647 5126">
    <p class='ocr_par' dir='ltr' id='par_1_113' title="bbox 2040 5051 3647 5126">
     <span class='ocr_line' id='line_1_113' title="bbox 2040 5051 3647 5126; baseline -0.002 -16"><span class='ocrx_word' id='word_1_958' title='bbox 2040 5070 2293 5126; x_wconf 88' lang='lat' dir='ltr'><strong>magnum</strong></span> <span class='ocrx_word' id='word_1_959' title='bbox 2324 5054 2522 5109; x_wconf 89' lang='lat' dir='ltr'><strong>indicat</strong></span> <span class='ocrx_word' id='word_1_960' title='bbox 2546 5054 2900 5125; x_wconf 88' lang='lat' dir='ltr'><strong>supplicium;</strong></span> <span class='ocrx_word' id='word_1_961' title='bbox 2934 5068 3109 5123; x_wconf 86' lang='lat' dir='ltr'><strong>neque</strong></span> <span class='ocrx_word' id='word_1_962' title='bbox 3136 5052 3187 5107; x_wconf 92' lang='lat' dir='ltr'><strong>id</strong></span> <span class='ocrx_word' id='word_1_963' title='bbox 3216 5053 3555 5107; x_wconf 88' lang='lat' dir='ltr'><strong>solummodo</strong></span> <span class='ocrx_word' id='word_1_964' title='bbox 3577 5051 3647 5107; x_wconf 86' lang='lat' dir='ltr'><strong>fa-</strong></span> 
     </span>
    </p>
   </div>
   <div class='ocr_carea' id='block_1_114' title="bbox 2039 5145 3649 5216">
    <p class='ocr_par' dir='ltr' id='par_1_114' title="bbox 2039 5145 3649 5216">
     <span class='ocr_line' id='line_1_114' title="bbox 2039 5145 3649 5216; baseline -0.002 -12"><span class='ocrx_word' id='word_1_965' title='bbox 2039 5148 2147 5213; x_wconf 89' lang='lat' dir='ltr'><strong>cit,</strong></span> <span class='ocrx_word' id='word_1_966' title='bbox 2175 5147 2271 5204; x_wconf 87' lang='lat' dir='ltr'><strong>sed</strong></span> <span class='ocrx_word' id='word_1_967' title='bbox 2296 5147 2530 5216; x_wconf 87' lang='lat' dir='ltr'><strong>exempli</strong></span> <span class='ocrx_word' id='word_1_968' title='bbox 2557 5146 2926 5202; x_wconf 84' lang='lat' dir='ltr'><strong>additamento</strong></span> <span class='ocrx_word' id='word_1_969' title='bbox 2954 5147 3204 5201; x_wconf 91' lang='lat' dir='ltr'><strong>timorem</strong></span> <span class='ocrx_word' id='word_1_970' title='bbox 3234 5154 3413 5216; x_wconf 87' lang='lat' dir='ltr'><strong>anget.</strong></span> <span class='ocrx_word' id='word_1_971' title='bbox 3448 5145 3649 5200; x_wconf 87' lang='lat' dir='ltr'><strong>Deinde</strong></span> 
     </span>
    </p>
   </div>
   <div class='ocr_carea' id='block_1_115' title="bbox 2044 5236 3648 5309">
    <p class='ocr_par' dir='ltr' id='par_1_115' title="bbox 2044 5236 3648 5309">
     <span class='ocr_line' id='line_1_115' title="bbox 2044 5236 3648 5309; baseline -0.001 -14"><span class='ocrx_word' id='word_1_972' title='bbox 2044 5240 2127 5297; x_wconf 86' lang='lat' dir='ltr'><strong>his</strong></span> <span class='ocrx_word' id='word_1_973' title='bbox 2155 5256 2263 5297; x_wconf 83' lang='lat' dir='ltr'><strong>nm</strong></span> <span class='ocrx_word' id='word_1_974' title='bbox 2293 5249 2598 5305; x_wconf 90' lang='lat' dir='ltr'><strong>contentus,</strong></span> <span class='ocrx_word' id='word_1_975' title='bbox 2630 5239 2770 5294; x_wconf 86' lang='lat' dir='ltr'><strong>viam</strong></span> <span class='ocrx_word' id='word_1_976' title='bbox 2798 5248 3085 5303; x_wconf 87' lang='lat' dir='ltr'><strong>monstrat,</strong></span> <span class='ocrx_word' id='word_1_977' title='bbox 3114 5254 3219 5309; x_wconf 89' lang='lat' dir='ltr'><strong>qua</strong></span> <span class='ocrx_word' id='word_1_978' title='bbox 3249 5236 3503 5293; x_wconf 87' lang='lat' dir='ltr'><strong>scandala</strong></span> <span class='ocrx_word' id='word_1_979' title='bbox 3529 5253 3648 5307; x_wconf 90' lang='lat' dir='ltr'><strong>pos-</strong></span> 
     </span>
    </p>
   </div>
   <div class='ocr_carea' id='block_1_116' title="bbox 2044 5329 3647 5404">
    <p class='ocr_par' dir='ltr' id='par_1_116' title="bbox 2044 5329 3647 5404">
     <span class='ocr_line' id='line_1_116' title="bbox 2044 5329 3647 5404; baseline -0.004 -16"><span class='ocrx_word' id='word_1_980' title='bbox 2044 5335 2215 5389; x_wconf 79' lang='lat' dir='ltr'><strong>simus</strong></span> <span class='ocrx_word' id='word_1_981' title='bbox 2238 5332 2495 5404; x_wconf 80' lang='lat' dir='ltr'><strong>effugere.</strong></span> <span class='ocrx_word' id='word_1_982' title='bbox 2526 5333 2783 5400; x_wconf 72' lang='lat' dir='ltr'><strong>Qnmnam</strong></span> <span class='ocrx_word' id='word_1_983' title='bbox 2815 5332 2901 5386; x_wconf 85' lang='lat' dir='ltr'><strong>illa</strong></span> <span class='ocrx_word' id='word_1_984' title='bbox 2926 5330 3047 5386; x_wconf 89' lang='lat' dir='ltr'><strong>est?</strong></span> <span class='ocrx_word' id='word_1_985' title='bbox 3084 5329 3366 5401; x_wconf 85' lang='lat' dir='ltr'><strong>Improbos</strong></span> <span class='ocrx_word' id='word_1_986' title='bbox 3388 5370 3404 5397; x_wconf 95' lang='lat'><strong>,</strong></span> <span class='ocrx_word' id='word_1_987' title='bbox 3437 5330 3605 5401; x_wconf 87' lang='lat' dir='ltr'><strong>inquit</strong></span> <span class='ocrx_word' id='word_1_988' title='bbox 3633 5371 3647 5397; x_wconf 87' lang='lat'><strong>,</strong></span> 
     </span>
    </p>
   </div>
   <div class='ocr_carea' id='block_1_117' title="bbox 2044 5424 3650 5496">
    <p class='ocr_par' dir='ltr' id='par_1_117' title="bbox 2044 5424 3650 5496">
     <span class='ocr_line' id='line_1_117' title="bbox 2044 5424 3650 5496; baseline -0.001 -17"><span class='ocrx_word' id='word_1_989' title='bbox 2044 5428 2290 5496; x_wconf 78' lang='lat' dir='ltr'><strong>quamvis</strong></span> <span class='ocrx_word' id='word_1_990' title='bbox 2330 5425 2619 5480; x_wconf 88' lang='lat' dir='ltr'><strong>admodum</strong></span> <span class='ocrx_word' id='word_1_991' title='bbox 2662 5424 2757 5480; x_wconf 89' lang='lat' dir='ltr'><strong>tibi</strong></span> <span class='ocrx_word' id='word_1_992' title='bbox 2801 5425 2911 5479; x_wconf 89' lang='lat' dir='ltr'><strong>sint</strong></span> <span class='ocrx_word' id='word_1_993' title='bbox 2951 5425 3143 5490; x_wconf 85' lang='lat' dir='ltr'><strong>amici,</strong></span> <span class='ocrx_word' id='word_1_994' title='bbox 3174 5425 3245 5481; x_wconf 86' lang='lat' dir='ltr'><strong>ab</strong></span> <span class='ocrx_word' id='word_1_995' title='bbox 3285 5424 3518 5479; x_wconf 87' lang='lat' dir='ltr'><strong>amicitia</strong></span> <span class='ocrx_word' id='word_1_996' title='bbox 3564 5437 3650 5478; x_wconf 80' lang='lat' dir='ltr'><strong>tua</strong></span> 
     </span>
    </p>
   </div>
   <div class='ocr_carea' id='block_1_118' title="bbox 2050 5515 3652 5587">
    <p class='ocr_par' dir='ltr' id='par_1_118' title="bbox 2050 5515 3652 5587">
     <span class='ocr_line' id='line_1_118' title="bbox 2050 5515 3652 5587; baseline -0.001 -14"><span class='ocrx_word' id='word_1_997' title='bbox 2050 5518 2340 5584; x_wconf 87' lang='lat' dir='ltr'><strong>abscinde;</strong></span> <span class='ocrx_word' id='word_1_998' title='bbox 2365 5517 2815 5587; x_wconf 87' lang='lat' dir='ltr'><strong>ineluctabileque</strong></span> <span class='ocrx_word' id='word_1_999' title='bbox 2840 5516 2932 5571; x_wconf 89' lang='lat' dir='ltr'><strong>tibi</strong></span> <span class='ocrx_word' id='word_1_1000' title='bbox 2956 5517 3112 5571; x_wconf 82' lang='lat' dir='ltr'><strong>ali‘crt</strong></span> <span class='ocrx_word' id='word_1_1001' title='bbox 3133 5516 3496 5571; x_wconf 85' lang='lat' dir='ltr'><strong>ratiocinium.</strong></span> <span class='ocrx_word' id='word_1_1002' title='bbox 3518 5515 3652 5570; x_wconf 77' lang='lat' dir='ltr'><strong>Nam</strong></span> 
     </span>
    </p>
   </div>
   <div class='ocr_carea' id='block_1_119' title="bbox 2119 5663 3090 5729">
    <p class='ocr_par' dir='ltr' id='par_1_119' title="bbox 2119 5663 3090 5729">
     <span class='ocr_line' id='line_1_119' title="bbox 2119 5663 3090 5729; baseline 0 -15"><span class='ocrx_word' id='word_1_1003' title='bbox 2119 5667 2135 5698; x_wconf 75' lang='grc'>³</span> <span class='ocrx_word' id='word_1_1004' title='bbox 2168 5665 2220 5714; x_wconf 89' lang='lat' dir='ltr'><strong>In</strong></span> <span class='ocrx_word' id='word_1_1005' title='bbox 2248 5663 2410 5715; x_wconf 81' lang='lat' dir='ltr'><strong>Editis</strong></span> <span class='ocrx_word' id='word_1_1006' title='bbox 2435 5666 2588 5729; x_wconf 78' lang='lat' dir='ltr'><strong>vulgo</strong></span> <span class='ocrx_word' id='word_1_1007' title='bbox 2615 5668 2802 5729; x_wconf 81' lang='lat' dir='ltr'><strong>legitur</strong></span> <span class='ocrx_word' id='word_1_1008' title='bbox 2824 5664 3090 5729; x_wconf 81' lang='lat' dir='ltr'><strong>ignaviam.</strong></span> 
     </span>
    </p>
   </div>
   <div class='ocr_carea' id='block_1_120' title="bbox 2117 5726 3663 5803">
    <p class='ocr_par' dir='ltr' id='par_1_120' title="bbox 2117 5726 3663 5803">
     <span class='ocr_line' id='line_1_120' title="bbox 2117 5726 3663 5803; baseline -0.001 -28"><span class='ocrx_word' id='word_1_1009' title='bbox 2117 5728 2293 5803; x_wconf 74' lang='lat' dir='ltr'><strong>&#39;Haee,</strong></span> <span class='ocrx_word' id='word_1_1010' title='bbox 2328 5726 2596 5803; x_wconf 62' lang='lat' dir='ltr'><strong>etprnjit&#39;c</strong></span> <span class='ocrx_word' id='word_1_1011' title='bbox 2634 5726 2720 5779; x_wconf 75' lang='lat' dir='ltr'><strong>abs</strong></span> <span class='ocrx_word' id='word_1_1012' title='bbox 2764 5726 2963 5789; x_wconf 51' lang='lat' dir='ltr'><strong>(meum</strong></span> <span class='ocrx_word' id='word_1_1013' title='bbox 3007 5729 3165 5777; x_wconf 79' lang='lat' dir='ltr'><strong>codex</strong></span> <span class='ocrx_word' id='word_1_1014' title='bbox 3207 5738 3335 5777; x_wconf 84' lang='lat' dir='ltr'><strong>unus</strong></span> <span class='ocrx_word' id='word_1_1015' title='bbox 3381 5729 3573 5786; x_wconf 74' lang='lat' dir='ltr'><strong>tuettr,</strong></span> <span class='ocrx_word' id='word_1_1016' title='bbox 3614 5727 3663 5773; x_wconf 91' lang='lat' dir='ltr'><strong>in</strong></span> 
     </span>
    </p>
   </div>
   <div class='ocr_carea' id='block_1_121' title="bbox 2060 5792 2523 5841">
    <p class='ocr_par' dir='ltr' id='par_1_121' title="bbox 2060 5792 2523 5841">
     <span class='ocr_line' id='line_1_121' title="bbox 2060 5792 2523 5841; baseline 0.002 -1"><span class='ocrx_word' id='word_1_1017' title='bbox 2060 5792 2228 5840; x_wconf 68' lang='lat' dir='ltr'><strong>Graeco</strong></span> <span class='ocrx_word' id='word_1_1018' title='bbox 2249 5793 2523 5841; x_wconf 83' lang='lat' dir='ltr'><strong>omisimus.</strong></span> 
     </span>
    </p>
   </div>
  </div>
