4040 6434
506 363 608 418 579

499 491 544 542 si
567 485 720 541 amici
743 483 814 538 tttl
836 488 1103 542 maneant,
1125 491 1295 542 neque
1311 474 1428 527 illos
1444 470 1753 532 literaheris,
1773 479 1825 521 et
1849 469 2072 535 teipsum

502 579 709 648 perdes.
740 573 795 629 Si
824 570 1120 631 abscindas,
1154 567 1377 621 salutem
1407 571 1464 618 tu
1490 562 1678 618 saltem
1705 559 2068 628 consequeris.

498 647 874 735 Quamobrem,
904 661 948 715 si
973 658 1264 728 cuiuspiam
1291 667 1341 710 te
1366 652 1595 709 amicitia
1621 648 1795 714 laedat,
1824 647 2074 704 exscinde

499 761 640 812 illum
664 756 760 810 abs
786 765 856 808 te.
884 753 1012 807 Nam
1037 751 1079 803 si
1103 749 1336 802 membra
1363 755 1538 800 nostra
1563 740 1846 809 aliquando
1867 740 2073 793 abscin-

504 851 690 910 timus,
718 857 839 900 cum
870 839 1178 898 insanabilia
1208 845 1331 891 sunt
1357 844 1669 900 caetertsqne
1697 829 1949 884 membris
1979 843 2070 882 no-

493 950 636 1001 cent,
662 938 826 992 multo
848 934 1015 1003 magis
1039 932 1236 984 amicos
1264 939 1536 982 removere
1559 932 1789 990 oportet.
1816 919 1869 975 Si
1896 931 2068 973 autem

492 1046 558 1086 ex
591 1039 774 1082 natura
805 1033 983 1081 essent
1012 1024 1178 1084 mala,
1213 1019 1394 1073 inutile
1425 1018 1680 1069 monitum
1709 1023 1764 1067 et
1789 1010 2066 1066 consilium

492 1133 655 1184 esset,
679 1116 942 1188 superflua
967 1114 1334 1184 praedictorum
1358 1109 1531 1162 cautio
1552 1125 1564 1158 :
1583 1108 1625 1160 si
1653 1123 1757 1159 nou
1779 1102 2065 1172 superﬂua,

492 1223 542 1264 ιιι
581 1224 700 1262 vere
728 1223 830 1261 non
856 1202 1118 1273 superﬂua
1145 1211 1246 1264 est,
1278 1199 1447 1266 palam
1474 1207 1552 1252 est
1577 1194 1865 1262 nequitiam
1887 1207 1950 1246 es
1976 1205 2068 1244 vo-

492 1303 691 1353 luntate
721 1313 856 1352 esse.
891 1295 974 1350 10.
1021 1292 1196 1346 Videte
1235 1307 1296 1343 ne
1327 1287 1654 1342 cotttentnatis
1696 1301 1850 1337 unum
1888 1297 1952 1335 ea;
1989 1280 2068 1333 his

493 1390 708 1457 pusillis.
741 1387 863 1439 Dico
892 1401 1022 1438 etum
1042 1382 1204 1445 vobis,
1234 1381 1350 1448 quia
1379 1378 1546 1447 angeli
1573 1390 1745 1428 eorum
1771 1387 1963 1440 semper
1989 1373 2065 1424 vi-

491 1486 606 1535 dent
634 1479 810 1551 facient
832 1476 1004 1530 Patris
1029 1474 1125 1527 mei
1144 1473 1228 1538 qui
1252 1472 1305 1524 in
1331 1469 1464 1522 aclis
1487 1477 1578 1520 est.
1598 1465 1831 1519 :Pusillos
1855 1462 1939 1516 hic
1959 1477 2064 1515 non

491 1587 613 1626 vero
643 1583 830 1638 parvos
857 1577 1028 1629 vocat,
1055 1564 1147 1617 sed
1175 1577 1267 1616 eos
1292 1561 1377 1629 qtti
1406 1558 1543 1628 apud
1572 1557 1766 1610 multos
1794 1554 1929 1608 tales
1955 1554 2066 1607 exi-

488 1664 805 1725 stimantur,
840 1671 1097 1727 pauperes
1125 1654 1277 1716 dico,
1312 1653 1471 1710 viles,
1507 1651 1740 1718 ignotus,
1777 1645 2066 1717 (quomodo

485 1751 626 1806 enim
675 1748 895 1819 pusillus
928 1746 996 1800 sit
1033 1745 1120 1816 qui
1165 1752 1274 1796 toto
1315 1739 1512 1794 mundo
1551 1738 1758 1807 dignior
1790 1735 1910 1790 est?
1934 1748 2067 1804 quo-

487 1843 645 1898 tnodu
667 1840 886 1910 pusillus
908 1839 993 1899 sit,
1017 1837 1105 1905 qui
1128 1844 1212 1888 est
1233 1833 1322 1887 Dei
1345 1830 1604 1898 anticus?)
1626 1828 1717 1883 sed
1739 1828 1817 1882 sic
1836 1828 2064 1896 appellat

486 1948 580 1986 eos
605 1932 691 1999 qui
731 1930 781 1982 in
814 1927 953 1997 vulgi
985 1925 1234 1992 opintoue
1265 1923 1398 1975 tales
1435 1929 1576 1974 sunt.
1617 1919 1799 1988 Neque
1826 1918 1965 1972 enim
1997 1918 2062 1971 de

485 2024 663 2078 multis
695 2019 953 2089 loquitur,
985 2017 1077 2071 sed
1106 2025 1158 2071 et
1186 2016 1254 2069 de
1285 2028 1392 2068 uno
1420 2022 1654 2071 tantum;
1686 2010 1915 2077 indeque
1944 2023 2062 2060 rur-

485 2129 576 2168 sus
603 2113 830 2168 excludit
870 2109 1238 2164 scandalorum
1280 2105 1504 2172 plurium
1542 2109 1943 2156 nocumeutum.
1997 2098 2061 2153 Ut

486 2205 626 2260 enim
656 2203 823 2256 malos
848 2202 1046 2270 fugere,
1076 2199 1150 2251 sic
1177 2197 1341 2250 bonos
1369 2195 1650 2254 honorare,
1681 2192 1884 2245 lucrum
1911 2190 2062 2242 affert

487 2298 773 2351 niaximum
803 2309 816 2345 :
849 2309 910 2346 ac
937 2292 1124 2358 duplex
1173 2289 1291 2343 inde
1325 2287 1521 2340 utilitas
1553 2283 1842 2339 attendenti
1875 2297 2056 2351 prove-

483 2387 588 2448 nit;
620 2385 783 2438 altera
812 2398 875 2435 ex
907 2397 968 2437 eo
995 2381 1134 2450 quod
1161 2376 1628 2433 scattdalizantium
1657 2373 1914 2427 amicitias
1943 2372 2060 2438 quis

482 2485 784 2537 removeat;
809 2473 971 2526 altera
997 2486 1057 2526 ex
1081 2486 1144 2522 eo
1167 2468 1305 2538 quod
1331 2478 1540 2519 sanctos
1565 2463 1753 2517 haheat
1782 2464 1831 2514 in
1858 2460 2061 2513 honore

481 2584 544 2622 ac
573 2566 886 2621 reverentia.
921 2563 1117 2616 Deinde
1142 2560 1241 2612 alia
1271 2559 1429 2612 etiam
1460 2557 1663 2610 ratione
1695 2554 1813 2608 illos
1839 2565 2060 2604 venera-

483 2661 616 2713 biles
647 2657 836 2716 reddit,
865 2655 1050 2708 dicens
1075 2670 1086 2704 :
1120 2651 1250 2715 Quia
1279 2648 1445 2716 angeli
1474 2663 1644 2700 eorum
1673 2659 1868 2711 semper
1893 2642 2059 2694 vident

482 2734 660 2819 [aciem
700 2744 869 2798 Patris
910 2743 1006 2796 mei
1042 2742 1126 2808 qui
1155 2750 1226 2792 est
1268 2740 1317 2790 in
1357 2738 1512 2788 culis.
1559 2735 1692 2788 llinc
1723 2731 2057 2786 manifestum

478 2851 559 2893 est
586 2879 602 2901 ,
651 2845 862 2892 sanctos
905 2847 1090 2887 omnes
1131 2831 1198 2885 ibi
1243 2830 1457 2897 angelos
1506 2826 1721 2879 habere.
1770 2821 2058 2892 Apostolus

479 2928 621 2981 enim
647 2925 721 2979 ait
743 2923 810 2978 de
835 2922 1075 2982 muliere,
1104 2928 1350 2986 oportere
1375 2930 1490 2970 eam
1518 2921 1864 2983 potestatem,
1893 2909 1944 2964 id
1976 2917 2053 2963 est

478 3015 738 3075 velamen,
768 3026 932 3080 super
958 3019 1112 3077 caput
1143 3007 1335 3060 habere
1359 3011 1572 3073 propter
1592 3001 1809 3071 angelos
1830 3000 1904 3070 (l.
1933 2998 2052 3052 Cor.

482 3105 569 3158 ll.
592 3103 680 3172 l0)
703 3118 718 3166 ;
743 3109 796 3155 et
817 3099 1023 3170 Moyses
1045 3115 1056 3150 :
1080 3096 1267 3151 Statuit
1290 3095 1522 3146 terminos
1544 3093 1765 3161 gentium
1784 3089 2056 3143 secundum

481 3210 743 3250 numerum
767 3194 1057 3261 angelorum
1091 3187 1183 3240 Dei
1213 3186 1398 3256 (Deut.
1427 3185 1513 3238 32.
1549 3182 1641 3254 8).
1673 3182 1768 3237 llic
1797 3196 1925 3236 vero
1950 3195 2053 3234 non

477 3287 546 3341 de
576 3283 779 3353 angelis
809 3289 1009 3335 tantum
1039 3277 1286 3348 loquitur,
1319 3274 1412 3329 sed
1438 3274 1506 3328 de
1530 3273 1732 3342 angelis
1757 3269 2054 3339 superemi-

479 3375 743 3431 nentibus.
772 3370 903 3427 Cum
929 3379 1105 3424 autem
1135 3367 1298 3431 dicit,
1334 3363 1536 3418 Faciem
1567 3361 1738 3416 Patris
1766 3361 1890 3421 mei,
1925 3360 2053 3414 nihil

476 3464 617 3518 aliud
651 3477 809 3533 quam
840 3460 1093 3528 majorem
1127 3457 1368 3511 lidttciant
1395 3465 1449 3510 et
1479 3454 1777 3510 libertatem
1804 3450 1971 3516 dicit,
2000 3461 2052 3506 et

477 3556 697 3610 multum
724 3554 1002 3611 honorem.
1049 3550 1135 3604 Η.
1181 3547 1320 3600 Venit
1347 3547 1478 3600 enim
1511 3543 1678 3597 Filius
1703 3543 1920 3628 {taurinis
1946 3543 2052 3595 sul-

474 3666 588 3703 ount
614 3648 777 3717 facere
800 3645 936 3715 quod
966 3643 1197 3712 perierat.
1245 3638 1400 3694 Aliud
1439 3652 1621 3691 rursus
1649 3634 1805 3688 all'ert
1833 3633 2048 3687 ratioci-

475 3741 618 3808 nium
643 3739 820 3807 priore
843 3735 1066 3795 ﬁrmius,
1095 3742 1148 3786 et
1171 3730 1473 3800 parabolatn
1494 3728 1694 3796 adjicit,
1714 3741 1815 3795 qua
1843 3725 2052 3803 Ριιιεειιι

473 3830 672 3886 inducit
715 3829 826 3886 inec
867 3825 1163 3879 volentem»
1195 3823 1280 3876 12..
1318 3820 1455 3887 Quid
1481 3820 1613 3874 enim
1647 3818 1782 3871 vobis
1816 3817 2011 3870 videtur
2033 3858 2048 3882 ,

474 3919 662 3988 inquit,
693 3918 738 3972 si
767 3915 951 3988 fuerint
976 3915 1127 3968 alicui
1155 3912 1343 3966 homini
1369 3919 1562 3964 centum
1587 3924 1719 3973 oves,
1749 3917 1794 3960 et
1814 3909 2052 3960 erraverit

472 4029 574 4065 una
617 4027 680 4066 ex
718 4008 840 4079 ipsis
865 4048 878 4071 ,
910 4023 1075 4060 nonne
1117 4004 1399 4073 relinquens
1435 4001 1708 4070 nonaginta
1739 4006 1949 4064 novent,
1985 3998 2053 4051 ad

471 4112 660 4155 montes
702 4102 952 4169 profectus
990 4097 1170 4166 quaerit
1207 4092 1496 4146 errantem?
1521 4092 1606 4145 l3.
1637 4090 1700 4143 Et
1727 4090 1770 4142 si
1793 4090 2052 4159 contigerit

470 4205 527 4246 ut
562 4191 780 4244 inveniat
809 4205 919 4242 eam
943 4229 956 4250 ,
988 4186 1170 4257 gaudet
1199 4200 1347 4251 super
1384 4199 1443 4235 ea
1477 4181 1669 4252 magis,
1711 4196 1862 4250 quant
1903 4195 2054 4247 super

473 4281 746 4351 nunt-ginta
771 4293 944 4332 novent
967 4317 982 4341 ,
1012 4291 1126 4346 qua!
1149 4291 1248 4326 non
1274 4281 1582 4326 erraverunt.
1627 4271 1713 4324 H.
1749 4268 1834 4321 Ita
1856 4285 1955 4322 non
1980 4278 2052 4322 est

469 4375 698 4425 voluntas
717 4385 886 4424 coram
910 4366 1065 4420 Patre
1085 4376 1246 4419 vestro
1263 4365 1300 4426 ί,
1328 4373 1382 4415 ut
1408 4372 1574 4431 pereat
1597 4377 1724 4415 unus
1744 4360 1808 4414 de
1831 4361 2052 4430 parvulis

471 4466 596 4517 istis.
631 4461 813 4524 Viden‘
838 4469 965 4530 quot
991 4457 1162 4511 modis
1191 4470 1287 4508 nos
1312 4455 1522 4508 inducat
1549 4453 1614 4507 ad
1636 4468 1818 4507 curam
1844 4453 1923 4506 vel
1950 4453 2052 4506 mi-

473 4555 736 4607 nimortnn
760 4548 1018 4603 fratrum?
1038 4545 1112 4600 Ne
1136 4546 1308 4614 itaque
1329 4543 1546 4607 dixeris,
1573 4541 1816 4595 AErarius
1833 4550 1912 4594 est
1938 4540 2048 4607 ille,

470 4653 564 4695 aut
591 4641 892 4694 calceorum
921 4647 1088 4700 sutor,
1119 4634 1350 4704 agricola
1369 4674 1385 4698 ,
1415 4631 1691 4702 insipiens,
1725 4640 1782 4685 ut
1809 4632 1928 4686 ideo
1954 4631 2052 4686 de-

473 4732 668 4799 Spicias
694 4729 861 4783 illum.
889 4727 965 4781 Ne
985 4726 1122 4781 enim
1151 4726 1204 4778 in
1231 4724 1360 4779 illud
1388 4724 1510 4776 tuali
1540 4723 1760 4785 incidas,
1787 4722 2052 4791 perpende

473 4830 607 4890 quot
634 4819 806 4874 modis
836 4829 886 4872 te
913 4818 1142 4878 inducat,
1175 4827 1230 4868 ut
1258 4816 1496 4868 modeste
1522 4829 1648 4885 agas
1670 4825 1723 4869 et
1748 4829 1930 4869 eorum
1961 4829 2055 4869 ca-

473 4927 585 4963 ram
614 4923 786 4979 geras.
817 4907 1044 4961 Puerum
1077 4907 1126 4958 in
1157 4905 1330 4958 incdit)
1359 4905 1578 4969 statuit,
1612 4914 1665 4958 et
1698 4905 1768 4957 ait
1798 4922 1811 4956 :
1843 4903 2051 4958 Emeia-

475 5002 602 5054 ntini
635 5009 692 5053 ut
735 4998 970 5068 parvuli;
1008 5007 1093 5061 et,
1140 4996 1448 5062 Quicumque
1481 4997 1753 5070 susceperit
1787 4996 2050 5066 paruulum

476 5095 624 5146 talem
647 5133 662 5156 ,
693 5107 772 5143 me
807 5089 1050 5156 suscipit;
1073 5096 1126 5141 et
1150 5128 1164 5148 ,
1196 5087 1295 5152 Qui
1331 5085 1740 5140 scandalisaverit
1765 5129 1779 5151 ,
1810 5094 2048 5139 extrema

477 5183 723 5252 patietur.
760 5180 939 5249 Neque
963 5186 1243 5232 contentus
1270 5176 1366 5231 fuit
1389 5178 1629 5245 exemplo
1659 5177 1833 5242 ntoltc,
1863 5176 1955 5231 sed
1989 5177 2056 5230 il-

479 5274 567 5326 lud
610 5271 695 5324 Va:
718 5271 937 5332 addidit,
968 5279 1126 5340 atque
1155 5269 1270 5323 illos
1298 5268 1608 5322 abscindere
1631 5267 1807 5336 jussit,
1841 5268 2048 5322 etiamsi

477 5380 729 5419 manuum
759 5374 812 5417 et
841 5364 1110 5417 oculorum
1143 5363 1259 5418 loco
1289 5362 1441 5417 nobis
1470 5372 1671 5416 essent.
1715 5361 2050 5431 But-sumque

475 5456 541 5510 alt
569 5454 767 5523 angelis
788 5495 800 5517 ,
833 5456 1024 5523 quibus
1049 5454 1316 5509 commissi
1356 5463 1480 5507 sunt
1509 5452 1560 5505 hi
1599 5452 1792 5506 fratres
1823 5461 2008 5506 tenues
2033 5493 2046 5514 ,

473 5556 531 5601 ut
570 5547 689 5599 illos
721 5546 770 5598 in
803 5548 973 5614 pretio
1016 5548 1300 5601 habeamus
1328 5546 1584 5615 impellit,
1630 5561 1835 5599 necnon
1863 5560 1925 5598 ex
1955 5559 2046 5597 sua

475 5642 746 5694 ttotuntatc
772 5648 930 5707 atque
958 5639 1196 5707 passione
1220 5639 1361 5701 (nam
1390 5655 1507 5694 cunt
1537 5638 1688 5706 dicit,
1723 5634 1861 5692 Venit
1883 5635 2048 5691 Filius

542 5774 560 5806 ‘
592 5773 703 5837 Alli,
726 5783 862 5826 Patre
887 5789 1005 5826 meo.

1209 361 1264 412 S.
1305 354 1578 413 JDANNIS
1613 349 2084 408 CHRYSOSTUMI
2127 349 2442 404 AlttllllEl’.
2484 348 3011 406 CONSTANTINOP.

3667 341 3777 395 δὸτι

2181 467 2395 519 nominis
2417 466 2610 520 salttum
2635 467 2798 534 facere
2821 466 2956 533 quod
2981 465 3212 534 perit-rut,
3236 479 3449 520 crucem
3471 467 3767 536 significat.

2177 556 2623 626 quemadmodum
2665 565 2719 610 et
2763 555 2956 610 Paulus
2997 558 3070 608 ait
3097 597 3108 615 ,
3157 555 3225 609 tle
3269 556 3429 610 fratre
3470 557 3762 611 scribens:

2182 648 2397 718 Propter
2422 665 2567 718 queui
2595 647 2823 703 Christus
2864 657 3088 701 mortuus
3112 657 3184 700 est
3216 646 3406 719 [Rom
3441 649 3527 702 14.
3574 647 3721 719 15ἶ)
3744 689 3761 710 .

2175 758 2231 796 ει
2249 741 2317 795 de
2342 740 2497 795 Patre
2523 739 2564 804 ί,
2597 738 2738 809 quod
2769 754 2874 793 non
2905 739 3001 806 ipsi
3036 738 3257 806 placeat,
3291 738 3334 791 si
3367 747 3586 807 pereat;
3618 749 3673 792 et
3697 753 3770 794 es

2173 833 2439 889 communi
2468 831 2872 893 consuetudine.
2904 831 3042 900 quod
3075 841 3274 899 pastnr,
3305 831 3502 883 relictis
3539 830 3607 882 iis
3639 844 3771 897 qua:
3829 881 3834 886 .

2175 926 2332 979 salva:
2353 932 2522 985 erant,
2547 938 2665 978 eam
2686 932 2890 990 qumrat
2912 937 3030 990 qum
3057 929 3346 988 erraverat,
3373 934 3424 974 et
3449 937 3571 977 cum
3607 926 3767 976 inre-

2175 1015 2313 1069 uerit
2331 1055 2346 1078 ,
2379 1015 2602 1068 multum
2635 1012 2842 1067 laetetur
2865 1010 2932 1066 de
2960 1011 3128 1066 salute
3153 1011 3290 1079 ejus.

2242 1107 2296 1163 5.
2323 1106 2379 1160 Si
2409 1119 2539 1173 ergo
2567 1105 2705 1159 Deus
2734 1103 2804 1157 ita
2827 1102 3020 1172 gaudet
3044 1101 3112 1156 de
3145 1101 3365 1171 parvulo
3388 1101 3476 1172 qui
3507 1113 3769 1172 repertus

2172 1206 2274 1261 est,
2307 1211 2403 1252 cur
2429 1205 2481 1249 tu
2503 1195 2733 1264 despicis
2755 1209 2847 1247 eos
2867 1208 3004 1262 quos
3030 1193 3164 1248 Deus
3193 1203 3299 1246 tant
3328 1193 3557 1247 sollicite
3577 1203 3764 1257 curat,

2170 1303 2290 1343 cum
2339 1296 2610 1356 oporteret
2653 1285 2882 1356 animam
2930 1285 3096 1352 ipsam
3144 1285 3355 1339 tradere
3401 1300 3498 1354 pro
3536 1300 3646 1338 tuto
3691 1301 3762 1340 ex

2170 1379 2408 1450 parvulis
2443 1377 2598 1431 istis?
2627 1375 2731 1431 Sed
2779 1376 3019 1429 infirmus
3053 1386 3134 1429 est
3177 1384 3230 1429 et
3271 1374 3607 1430 imbecillus?
3635 1375 3765 1429 Ideo

2171 1470 2401 1522 maxime
2430 1468 2560 1522 nihil
2588 1482 2692 1520 non
2715 1466 2975 1534 agendum
3000 1474 3099 1528 est,
3131 1477 3188 1519 ut
3217 1465 3362 1520 illum
3383 1481 3585 1520 serves.
3619 1467 3759 1520 Nam
3814 1521 3820 1541 ι

2170 1569 2223 1613 ει
2252 1559 2364 1627 ipse
2389 1558 2672 1626 nonaginta
2696 1571 2884 1611 novem
2924 1557 3123 1610 relictis
3147 1556 3359 1620 ovibus,
3388 1558 3453 1610 ad
3483 1557 3627 1610 illam
3664 1574 3759 1612 vc-

2169 1650 2264 1712 nit,
2297 1663 2393 1703 nec
2434 1649 2602 1717 potuit
2640 1656 2715 1702 tot
2757 1645 3030 1700 hominum
3078 1647 3221 1700 salus
3266 1646 3421 1700 unius
3463 1648 3759 1716 perniciem

2169 1738 2478 1792 obscurare.
2510 1737 2679 1792 Lucas
2709 1752 2839 1790 vero
2867 1739 3034 1807 ipsum
3063 1752 3179 1791 eain
3205 1737 3441 1792 humeris
3467 1740 3760 1793 sustulisse

2168 1831 2260 1894 ait,
2301 1839 2355 1884 et
2403 1829 2571 1898 majus
2616 1829 2865 1898 gaudium
2909 1828 3089 1883 haberi
3132 1844 3294 1898 super
3339 1846 3442 1883 uno
3470 1841 3758 1898 peccatore

2169 1920 2532 1988 pmaitentiatn
2580 1928 2804 1987 agente,
2853 1933 3009 1988 quam
3045 1934 3206 1988 super
3247 1921 3526 1989 nonaginta
3557 1936 3756 1975 novent

2161 2013 2321 2081 juStis
2350 2010 2497 2084 (Luc.
2534 2011 2618 2064 l5.
2649 2010 2700 2066 5.
2736 2011 2812 2073 7).
2860 2009 2990 2064 Cum
3021 2026 3149 2068 vero
3175 2022 3458 2080 propterea
3489 2012 3625 2076 illos,
3661 2028 3756 2080 qui

2166 2105 2280 2157 sani
2311 2114 2364 2158 et
2395 2104 2527 2157 salvi
2552 2111 2721 2164 erant,
2754 2103 2987 2170 ro-liquit,
3031 2111 3084 2155 ct
3110 2101 3178 2158 de
3204 2101 3303 2155 hoc
3334 2103 3552 2157 reducto
3582 2105 3754 2172 magis

2166 2195 2456 2250 delectatus
2489 2204 2590 2260 est,
2621 2193 2836 2246 inultam
2879 2192 3109 2245 ostendit
3148 2193 3247 2246 hac
3285 2194 3334 2246 in
3361 2210 3415 2246 re
3441 2208 3645 2246 curam.
3677 2193 3754 2247 Ne

2167 2284 2340 2352 itaque
2377 2285 2510 2337 tales
2539 2286 2742 2336 animas
2784 2281 3152 2351 negligantus.
3175 2282 3298 2336 lltcc
3334 2283 3529 2352 quippe
3568 2284 3754 2338 omnia

2171 2375 2307 2428 Itane
2332 2375 2401 2427 ob
2429 2388 2640 2428 causam
2669 2374 2804 2427 dicta
2845 2385 2988 2426 sunt.
3032 2373 3160 2427 Nam
3191 2390 3313 2427 cum
3341 2379 3573 2429 minatur
3597 2392 3748 2437 cum,

2166 2470 2254 2534 qui
2287 2474 2390 2519 nun
2421 2465 2668 2534 parvulus
2703 2465 2960 2525 efﬁcitur.
3010 2480 3114 2520 non
3155 2468 3467 2520 intraturum
3505 2468 3554 2521 iu
3586 2472 3754 2523 crius

2171 2571 2307 2619 esse,
2342 2566 2396 2609 et
2436 2570 2556 2609 cum
2598 2554 2790 2608 molam
2837 2566 3117 2617 memorat,
3150 2558 3509 2625 arrogantium
3549 2557 3748 2612 fastum

2164 2645 2418 2714 deprimit
2442 2645 2593 2714 (nihil
2637 2645 2778 2699 enim
2817 2645 2890 2698 ita
2917 2646 3124 2700 caritati
3168 2659 3459 2717 repugnat,
3503 2660 3560 2703 ut
3598 2666 3750 2702 arro-

2161 2737 2361 2805 gantia)
2399 2752 2414 2799 ;
2457 2751 2576 2790 cum
2605 2749 2731 2789 vero
2762 2735 2910 2798 dicit,
2944 2735 3161 2790 Necesse
3189 2749 3258 2790 est
3283 2751 3336 2790 ut
3365 2740 3564 2792 satiant
3592 2757 3750 2792 scan-

2161 2829 2301 2888 dala,
2333 2827 2690 2897 vigilantiores
2721 2827 2930 2892 reddit;
2965 2843 3026 2880 ae
3055 2845 3175 2882 cum
3208 2828 3410 2895 adjicit,
3446 2827 3534 2884 Va:
3558 2831 3638 2884 illi
3658 2849 3750 2898 per

2161 2934 2307 2986 quem
2329 2916 2627 2970 scandalum
2649 2916 2801 2981 venit,
2827 2916 2876 2969 id
2901 2925 3052 2972 curat
3083 2925 3142 2971 ut
3170 2917 3360 2986 singuli
3388 2919 3637 2973 studeant
3679 2936 3748 2976 ne

2163 3022 2257 3077 per
2283 3006 2668 3062 sescandalttm
2701 3006 2909 3069 veniat;
2956 3023 3075 3060 ctnn
3121 3007 3267 3074 jubet
3296 3018 3468 3062 autem
3504 3011 3746 3066 exscindi

2159 3111 2252 3153 eos
2283 3099 2370 3166 qui
2418 3096 2798 3160 scandalizant,
2827 3096 3052 3151 salutem
3088 3095 3375 3152 faciliorem
3397 3099 3590 3166 efficit;
3619 3116 3745 3154 cum

2161 3189 2394 3258 primiptt
2409 3203 2475 3243 ne
2489 3188 2736 3242 minimos
2753 3198 3177 3252 contemnamus,
3200 3203 3296 3244 nec
3309 3189 3466 3243 modo
3479 3191 3744 3260 prmcipit,

2159 3278 2252 3333 sed
2297 3294 2416 3334 cum
2448 3278 2780 3334 vehementia
2809 3279 2953 3348 (nam
2994 3281 3088 3343 ait,
3134 3278 3302 3332 Videte
3327 3297 3388 3333 ne
3413 3285 3747 3336 contemnam

2159 3387 2318 3425 unum
2343 3387 2405 3424 ea:
2431 3370 2509 3423 Itis
2543 3370 2807 3437 minimis),
2837 3380 2888 3424 at
2933 3385 3051 3424 cum
3082 3369 3229 3434 dicit,
3266 3371 3445 3441 Angeli
3473 3388 3644 3428 eorum
3673 3375 3749 3426 oi-

2157 3462 2274 3515 dent
2301 3460 2480 3530 [aciem
2515 3458 2682 3512 Patris
2711 3461 2843 3523 mei;
2889 3468 2962 3524 et,
3013 3458 3138 3514 Ideo
3165 3463 3276 3514 veni
3315 3478 3447 3532 ego;
3476 3473 3551 3529 et,
3586 3462 3747 3518 Pater

2157 3565 2299 3602 meus
2326 3550 2419 3602 hoc
2446 3550 2548 3602 vult
2575 3564 2594 3602 :
2625 3549 2745 3604 illos
2775 3549 2862 3620 qui
2893 3565 3077 3605 eorum
3117 3567 3302 3608 curaui
3345 3552 3571 3608 habituri
3614 3565 3747 3609 sunt

2156 3637 2524 3706 diligentiores
2551 3638 2743 3693 reddit.

2227 3727 2366 3782 Deus
2390 3739 2634 3796 quantum
2659 3729 2870 3782 salutent
2897 3729 3154 3783 hominum
3179 3740 3338 3785 curet.
3365 3730 3594 3787 Salutem
3621 3749 3746 3804 pro-

2153 3820 2280 3873 ximi
2308 3835 2400 3873 nos
2439 3836 2619 3874 curare
2647 3830 2858 3890 oportet.
2883 3851 2956 3861 ——
2987 3821 3170 3877 Viden’
3191 3835 3390 3893 quanto
3426 3840 3579 3880 tnuro
3619 3824 3744 3881 illos

2155 3910 2606 3972 circummunivit,
2649 3920 2707 3965 et
2744 3921 2995 3980 quantam
3023 3914 3102 3967 vel
3149 3914 3395 3968 viliorum
3424 3923 3478 3969 et
3508 3930 3743 3983 pereun-

2157 4003 2287 4055 tium
2311 4000 2720 4056 sollicitudinem
2748 4011 2917 4070 gerat,
2948 4004 3085 4058 mala
3118 4006 3452 4060 comminans
3481 4007 3742 4061 intolera-

2157 4092 2284 4147 bilia
2315 4092 2379 4146 iis
2407 4092 2496 4161 qui
2526 4094 2869 4163 supplantant
2903 4093 3066 4162 ipSos,
3103 4103 3157 4148 et
3185 4111 3376 4165 magna
3423 4098 3742 4165 promittens

2158 4183 2295 4237 bona
2335 4183 2401 4238 iis
2434 4183 2520 4252 qui
2555 4183 2861 4237 ministrant
2896 4185 3022 4250 illis,
3069 4185 3315 4255 ipsosque
3343 4195 3549 4250 curant,
3581 4187 3744 4258 idque

2156 4291 2254 4331 suo
2290 4284 2452 4344 atque
2495 4275 2665 4329 Patris
2705 4275 2952 4344 exemplo
2996 4278 3312 4331 coulirutatl
3353 4277 3503 4332 llunc
3542 4287 3595 4334 ct
3641 4293 3741 4332 nos

2157 4368 2460 4429 imitemur,
2504 4365 2632 4420 nihil
2677 4377 2985 4423 recusantes
3027 4381 3212 4422 eorum
3260 4384 3378 4437 qua:
3424 4368 3638 4422 humilia
3687 4379 3742 4424 et

2155 4459 2417 4512 laboriosa
2449 4457 2696 4511 videntur
2728 4472 2824 4526 pro
2868 4456 3118 4511 fratribus
3159 4459 3432 4528 suscipere
3461 4476 3473 4509 :
3513 4459 3607 4513 sed
3637 4459 3741 4515 etsi

2157 4551 2465 4603 ministrare
2491 4557 2754 4617 oporteat,
2792 4548 2906 4602 sive
2935 4564 3148 4617 parvus,
3191 4550 3304 4604 sive
3347 4543 3466 4604 vilis
3508 4549 3740 4606 fueritis

2153 4641 2308 4710 cujus
2333 4655 2491 4696 causa
2525 4640 2626 4694 hoc
2667 4655 2802 4712 opus
2842 4640 3169 4710 suscipitur;
3209 4643 3549 4711 quantumvis
3587 4642 3739 4698 labo-

2155 4731 2295 4786 riosa
2338 4746 2426 4785 res
2475 4731 2661 4794 fuerit;
2706 4731 2806 4786 etsi
2850 4740 3091 4800 oporteat
3130 4741 3338 4786 montes
3363 4742 3417 4787 et
3444 4733 3738 4802 praecipitia

2157 4821 2500 4893 pertransire,
2525 4823 2700 4876 omnia
2720 4823 3016 4877 tolerentur
3032 4838 3128 4893 pro
3146 4825 3316 4878 salute
3339 4823 3537 4878 fratris.
3569 4824 3737 4879 Tanta

2155 4913 2349 4983 quippe
2378 4923 2460 4967 est
2493 4914 2601 4966 Deo
2614 4929 2738 4968 cura
2762 4913 2829 4967 de
2857 4914 3051 4976 anima,
3079 4923 3221 4968 utne
3241 4913 3378 4968 Filio
3398 4914 3612 4984 quidem
3640 4930 3740 4970 suo

2159 5005 2452 5074 pepercerit
2480 5003 2656 5072 (Rom.
2704 5004 2756 5058 8.
2791 5003 2905 5073 32).
2937 5004 3114 5071 Quare
3142 5003 3404 5068 obsecro,
3450 5006 3623 5075 primo
3658 5006 3737 5060 di-

2153 5095 2331 5151 luculo
2357 5109 2478 5148 eutn
2523 5109 2550 5146 a
2581 5093 2741 5147 domo
2774 5094 3084 5161 esierimus,
3130 5095 3270 5149 hunc
3316 5111 3478 5154 unum
3515 5111 3737 5166 scopum

2155 5187 2464 5251 habeamus,
2493 5196 2545 5240 et
2576 5186 2711 5241 hanc
2739 5188 3004 5256 pratcipue
3046 5186 3482 5252 sollicitudinem,
3516 5197 3573 5241 ut
3602 5189 3741 5258 peri-

2153 5279 2423 5332 clitantem
2453 5276 2759 5345 eripiamus.
2789 5275 2904 5330 Non
2955 5276 3144 5346 loquor
3174 5277 3259 5331 hic
3287 5277 3353 5331 de
3382 5277 3618 5333 sensibili
3649 5294 3739 5345 pe-

2155 5371 2360 5424 riculo:
2393 5368 2495 5423 hoc
2537 5368 2678 5422 enim
2719 5385 2784 5423 ne
2809 5369 3100 5437 periculum
3127 5369 3340 5439 quidem
3385 5380 3501 5432 cst;
3541 5371 3633 5425 sed
3667 5371 3739 5426 de

2156 5462 2392 5529 periculo
2411 5460 2619 5521 animm,
2638 5460 2778 5528 quod
2820 5459 3124 5514 hominibus
3147 5471 3294 5530 parat
3315 5461 3576 5514 diabolus.
3609 5460 3744 5514 Nam

2155 5563 2438 5615 mercator,
2476 5560 2529 5604 ut
2569 5566 2698 5619 opes
2737 5560 2942 5620 augeat,
2978 5552 3194 5623 pelagus
3231 5561 3560 5616 transmcat;
3606 5556 3734 5611 arti-

2219 5770 2232 5800 ²
2271 5767 2383 5826 Alii,
2410 5769 2455 5815 et
2478 5764 2537 5813 de
2563 5763 2755 5828 Spiritu.
