4040 6420
230 381 328 442 εει

226 504 444 573 torque,
468 507 528 553 ut
556 510 667 552 rem
697 487 1007 547 familiarem
1036 484 1348 557 amplificet,
1380 481 1509 573 nihil
1544 493 1654 573 non
1687 478 1815 573 agit.

226 567 545 660 Nos—itaque
572 602 642 642 ne
676 584 902 638 salutem
936 587 1174 634 nostram
1219 572 1431 643 operari
1458 570 1587 626 satis
1622 567 1822 622 habea-

227 700 371 747 mus,
414 659 513 735 hoe
554 676 713 733 modo
747 675 890 730 enim
931 672 1074 727 illam
1118 666 1576 722 labefactaremus.
1610 659 1822 716 Etenim

228 776 285 830 in
317 774 457 830 bello
485 780 541 826 et
565 770 681 824 acie
719 767 873 821 miles
901 762 992 834 qui
1020 760 1072 815 id
1104 773 1266 815 unum
1294 763 1467 820 curat,
1498 764 1557 808 ut
1587 752 1704 822 fuga
1732 765 1821 806 sas

227 873 324 927 luti
371 884 482 925 suae
511 864 778 931 consulat,
824 860 960 916 alios
1001 872 1184 913 secum
1222 852 1429 925 perdit;
1476 863 1599 905 eum
1636 854 1825 902 contra

226 976 481 1020 strenuus
523 958 748 1030 quisque
790 954 879 1025 qui
926 966 1026 1023 pro
1066 949 1183 1003 aliis
1230 961 1377 1001 arma
1423 940 1670 1011 sumpsit,
1700 953 1823 995 eum

213 1057 347 1111 ‘aliis
376 1053 608 1124 seipsum
634 1062 846 1120 quoque
875 1051 1070 1101 servat.
1101 1040 1237 1097 Cum
1276 1041 1458 1108 itaque
1500 1048 1589 1091 res
1626 1040 1826 1087 nostra:

221 1148 431 1205 bellum
456 1146 584 1208 sint,
606 1150 660 1197 et
688 1139 886 1195 bellum
907 1136 1143 1193 omnium
1161 1131 1505 1195 acerrimum,
1527 1127 1672 1183 acies
1692 1139 1823 1195 quo-

223 1254 334 1310 que
360 1247 413 1293 et
437 1248 635 1309 pugna,
680 1240 737 1285 ut
772 1230 891 1287 Rex
936 1235 1117 1283 noster
1149 1224 1326 1295 jussit,
1361 1218 1541 1276 itaad
1586 1230 1822 1289 pugnam

228 1328 475 1387 instructi
519 1334 722 1382 stemus
748 1323 800 1379 in
832 1321 968 1388 acie,
997 1319 1063 1374 ad
1090 1317 1265 1374 credes
1300 1323 1355 1371 et
1380 1313 1697 1383 sanguinem
1726 1324 1823 1380 pa-

224 1424 349 1490 rati,
377 1421 444 1479 ad
482 1421 719 1475 omnium
750 1416 976 1471 salutem
1014 1411 1384 1482 respicientes,
1429 1404 1827 1463 commilitones

224 1516 534 1581 incitantes,
582 1511 760 1581 lapsos
783 1508 1071 1577 erigentes.
1121 1503 1250 1557 Nam
1292 1500 1444 1555 multi
1470 1513 1534 1554 ex
1570 1495 1823 1551 fratribus

224 1605 429 1662 nostris
459 1605 513 1659 in
545 1602 643 1657 hac
674 1615 846 1672 pugna
872 1600 1052 1667 jacent
1094 1592 1380 1657 vulnerati,
1412 1590 1670 1661 sanguine
1700 1603 1823 1658 per-

224 1699 352 1764 fusi,
380 1710 644 1765 nemoque
667 1701 819 1749 curat
860 1692 999 1754 illos,
1040 1702 1145 1742 non
1186 1701 1217 1741 e
1260 1687 1418 1754 vulgo
1455 1682 1668 1751 aliquis,
1716 1694 1822 1735 non

224 1789 503 1855 sacerdos,
529 1802 636 1842 non
666 1785 801 1839 alius
817 1782 1010 1853 quivis,
1037 1794 1142 1835 non
1166 1787 1445 1848 patronus,
1471 1791 1576 1829 non
1593 1773 1821 1838 amicus,

225 1895 336 1935 non
364 1880 527 1934 frater
570 1894 583 1932 :
629 1875 725 1932 sed
768 1871 959 1944 singuli
1007 1886 1103 1926 sua
1147 1878 1352 1923 tantum
1391 1874 1656 1935 spectant.
1699 1864 1825 1919 Ideo

225 1979 411 2027 nostra
439 1970 746 2025 minuimus.
776 1965 969 2021 Nostra
990 1962 1186 2034 quippe
1217 1960 1450 2016 maxima
1480 1956 1691 2023 fiducia,
1722 1971 1823 2010 no-

223 2076 340 2120 stra
367 2064 482 2120 laus
506 2070 609 2129 est,
638 2060 682 2115 si
719 2073 824 2114 non
850 2066 1033 2112 nostra
1066 2062 1273 2109 tantum
1312 2065 1582 2107 curemus.
1622 2034 1825 2103 ideirco

225 2154 478 2211 imbecilli
506 2162 559 2207 et
585 2158 888 2221 expugnata
924 2146 1108 2203 faciles
1141 2159 1326 2200 sumus
1354 2153 1411 2198 et
1436 2140 1745 2198 hominibus
1769 2148 1824 2195 et

225 2245 463 2310 diabolo,
490 2244 612 2314 quia
638 2239 778 2314 quod
811 2239 932 2294 huic
962 2238 1037 2293 rei
1062 2234 1385 2291 contrarium
1406 2241 1487 2288 est
1504 2231 1821 2303 quzeritnus,

227 2352 334 2393 non
364 2350 462 2391 nos
484 2343 667 2390 mutuo
702 2331 1000 2402 obtegimus
1041 2338 1095 2385 et
1133 2324 1608 2384 circummunimus
1635 2339 1731 2395 per
1756 2323 1823 2378 il-

225 2434 334 2487 lam
374 2444 493 2501 qua:
538 2425 831 2484 secundum
875 2424 1041 2479 Deum
1086 2430 1167 2478 est
1194 2423 1512 2485 caritatem;
1555 2416 1649 2473 sed
1690 2416 1825 2471 alios

225 2523 382 2578 ttobis
408 2520 696 2593 quaerimus
734 2517 983 2573 amicitiae
1011 2515 1279 2579 obtentus,
1303 2512 1393 2566 alii
1420 2525 1450 2564 a
1478 2510 1821 2581 cognatione,

224 2615 318 2671 alii
348 2630 376 2668 a
404 2610 808 2675 consuetudine,
856 2609 945 2663 alii
984 2622 1013 2663 a
1043 2606 1340 2672 consortio,
1383 2605 1473 2659 alii
1516 2619 1545 2657 a
1587 2602 1820 2658 vicinia:

224 2715 284 2763 et
331 2719 669 2778 quacumque
714 2703 819 2758 alia
861 2700 930 2757 de
968 2714 1127 2755 causa
1169 2699 1346 2769 potius
1395 2696 1555 2777 amici
1597 2709 1820 2761 sumus,

222 2814 386 2871 quam
416 2814 479 2854 ex
510 2800 728 2870 pietate,
753 2812 873 2852 eum
902 2810 968 2851 ex
1008 2794 1095 2850 illa
1126 2793 1238 2848 sola
1269 2799 1517 2863 oporteat
1561 2790 1825 2845 amicitias

224 2893 373 2966 jungi
410 2908 426 2955 ;
482 2906 625 2947 nunc
670 2888 996 2945 contrarium
1043 2886 1255 2953 evenit,
1302 2882 1501 2939 Judans
1549 2890 1604 2938 et
1647 2881 1823 2951 genti-

224 2986 330 3040 bus
369 2982 657 3056 aliquando
708 2995 893 3038 sumus
937 2978 1096 3035 amici
1148 2978 1324 3049 potius
1362 2990 1521 3047 quam
1569 2974 1822 3029 Ecclesia:

224 3079 374 3135 (iliis.

299 3172 353 3228 6.
382 3171 581 3228 Caritas
620 3182 668 3227 et
701 3169 972 3226 tolerantia
998 3183 1117 3239 ergo
1146 3166 1433 3237 proximum
1458 3159 1821 3218 continendam

224 3276 328 3322 ευτ’.
361 3264 569 3320 Fratres
610 3264 770 3319 nostri
798 3278 933 3334 sepe
957 3259 1198 3316 monendi
1236 3268 1373 3314 sunt.
1403 3287 1476 3299 -—
1499 3256 1695 3319 Etiam,
1736 3252 1823 3307 in-

225 3362 413 3432 quies;
446 3374 569 3414 nam
610 3358 701 3413 ille
728 3355 1001 3425 improbus
1027 3360 1131 3418 est,
1164 3353 1249 3408 hic
1274 3366 1400 3407 vero
1430 3351 1603 3406 bonus
1626 3357 1682 3404 et
1709 3361 1825 3401 mo-

224 3454 432 3509 destas.
459 3451 598 3520 Quid
637 3450 815 3506 dicis?
860 3448 1161 3519 improbum
1187 3445 1407 3501 fratrem
1438 3458 1598 3499 vocas
1628 3451 1704 3505 tu,
1736 3441 1822 3495 cui

226 3545 450 3601 vetitum
482 3552 566 3599 est
593 3543 674 3599 vel
695 3557 816 3598 raca
846 3542 1075 3598 vocare?
1106 3548 1279 3596 necte
1298 3538 1483 3609 pudet,
1504 3552 1603 3593 nec
1626 3535 1824 3592 erube-

226 3637 334 3691 scis
364 3636 583 3690 fratrem
614 3635 921 3700 traducens,
945 3632 1247 3691 membrum
1269 3640 1440 3693 tuum,
1468 3644 1591 3686 eum
1613 3629 1703 3699 qui
1726 3643 1823 3684 eo-

226 3728 351 3784 dem
370 3740 526 3783 natus
542 3738 624 3782 est
635 3738 808 3798 partu,
828 3728 918 3797 qui
942 3734 1021 3781 est
1036 3724 1280 3795 ejusdem
1309 3737 1510 3780 mensa-
1535 3722 1826 3793 particeps?

226 3819 335 3876 Sed
375 3821 420 3876 si
462 3819 682 3876 fratrem
729 3818 1023 3874 secundum
1062 3831 1280 3874 carnem
1335 3817 1566 3880 habeas,
1614 3812 1825 3868 etiamsi

229 3910 377 3965 mille
414 3909 616 3965 scelera
647 3909 909 3972 admittat,
951 3907 1096 3961 illum
1142 3904 1309 3970 foves,
1356 3912 1411 3960 et
1456 3906 1503 3958 si
1554 3903 1643 3957 ille
1685 3903 1825 3958 mala

227 4003 370 4058 fama
418 4003 644 4067 laboret,
692 4011 847 4073 putas
893 4009 946 4057 te
989 3999 1269 4055 dedecoris
1314 4012 1436 4054 esse
1476 4000 1822 4052 c’onsortem:

228 4095 560 4166 spiritualem
592 4109 721 4150 vero
749 4094 991 4159 fratrem,
1020 4107 1179 4161 quem
1209 4090 1493 4145 calumniis
1525 4089 1823 4159 impctitum

228 4186 519 4245 defendere
544 4195 839 4256 oporteret,
870 4183 1163 4239 innumeris
1195 4198 1388 4237 oneras
1434 4178 1736 4235 maledictis
1772 4188 1829 4235 et

228 4277 717 4339 criminationibus,
762 4276 1063 4345 improbum
1117 4287 1295 4327 vocas.
1346 4271 1628 4341 Improbus
1658 4269 1824 4335 enim,

229 4373 426 4445 inquis,
446 4371 663 4427 difﬁcile
684 4370 959 4425 toleratur.
978 4368 1135 4438 Atqui
1160 4366 1278 4421 ideo
1300 4364 1464 4419 debes
1490 4364 1563 4418 illi
1592 4363 1826 4419 amicitia

227 4464 399 4536 iungi,
431 4472 491 4518 ut
530 4478 653 4518 eum
693 4476 723 4516 a
766 4461 894 4516 vitio
928 4473 1228 4524 removeas,
1262 4465 1317 4511 ut
1346 4462 1631 4511 convertas
1670 4462 1724 4509 et
1759 4453 1827 4508 ad

229 4557 482 4612 virtutem
509 4554 753 4609 reducas.
786 4553 854 4606 At
897 4566 1005 4606 non
1035 4550 1392 4618 obtemperat,
1427 4546 1624 4617 inquis,
1654 4560 1829 4615 neque

226 4648 512 4705 consilium
553 4645 801 4700 admittit.
842 4643 995 4700 Unde
1021 4642 1122 4696 hoc
1151 4641 1330 4695 nosti?
1371 4654 1440 4694 an
1469 4638 1711 4693 hortatus
1745 4651 1826 4702 es,

227 4751 283 4797 et
311 4740 599 4795 emendare
634 4734 918 4791 studuisti?
945 4732 1199 4789 Hortalus
1246 4746 1389 4802 saepe
1418 4746 1557 4796 sum,
1596 4729 1825 4799 inquies.

230 4832 491 4903 Quaties?
530 4830 759 4900 Samius,
798 4828 965 4885 semel
994 4837 1048 4884 et
1081 4828 1295 4883 iterum.
1342 4825 1535 4895 Paprcl
1577 4824 1699 4879 idne
1728 4838 1828 4877 sa:-

230 4926 350 4997 pius
374 4924 574 4979 vocas?
602 4922 825 4977 Etiamsi
869 4936 963 4990 per
992 4929 1155 4997 totam
1186 4919 1344 4972 vitam
1380 4916 1431 4971 id
1458 4916 1697 4979 fecisses,
1732 4929 1831 4969 nec

230 4994 482 5079 deﬁcere,
506 5028 607 5069 nec
627 5012 912 5081 deSperare
930 4994 1229 5081 Oportebat.
1254 5009 1369 5063 Non
1394 5009 1541 5063 vides
1561 5006 1831 5078 quomodo

231 5121 333 5162 nos
362 5106 503 5161 Deus
529 5120 743 5175 semper
785 5104 1030 5159 hortetur
1064 5118 1156 5173 per
1200 5102 1486 5171 prophetas
1513 5143 1527 5167 ,
1562 5116 1657 5169 per
1696 5116 1828 5170 apo-

230 5198 422 5264 stolos,
454 5212 551 5267 per
576 5196 964 5266 evangelistas?
996 5194 1132 5263 Quid
1168 5192 1361 5264 igitur?
1392 5208 1514 5246 num
1547 5193 1666 5247 ideo
1688 5203 1831 5247 recte

234 5306 543 5361 operamur,
574 5306 699 5343 num
732 5291 784 5343 in
806 5287 1055 5343 omnibus
1088 5287 1563 5356 obtemperamus?
1592 5285 1828 5339 Minime.

234 5383 370 5439 Num
400 5381 521 5436 ideo
552 5382 639 5435 ille
682 5383 844 5435 tinem
892 5379 1013 5434 fecit
1057 5377 1426 5433 admouendi?
1465 5392 1590 5431 num
1629 5376 1833 5430 tacuit?

234 5478 430 5531 Annon
472 5473 697 5543 singulis
722 5472 911 5527 diebus
936 5472 1087 5534 dicit,
1126 5469 1243 5523 Non
1286 5471 1491 5540 potestis
1516 5468 1626 5523 Deo
1650 5472 1835 5524 servire

236 5580 282 5627 rt
332 5584 582 5623 maniam:
614 5566 767 5639 (Luc.
820 5566 907 5622 16.
951 5566 1063 5636 15),
1098 5575 1152 5619 et
1180 5565 1373 5619 crescit
1403 5575 1577 5631 tamen
1608 5565 1661 5617 in
1700 5566 1835 5618 mul-

237 5668 306 5724 tis
333 5665 574 5740 pecunize
616 5663 877 5733 cupiditas
912 5672 1070 5731 atque
1117 5659 1394 5732 tyrannis?
1437 5640 1837 5729 Nonﬁuotidie

236 5759 453 5825 clamat,
495 5757 741 5810 Dimittite
773 5766 821 5809 et
850 5755 1128 5808 dimittetur
1170 5754 1304 5807 vobis
1336 5752 1547 5825 (Matth.
1574 5751 1627 5806 6.
1663 5753 1838 5823 “pet

240 5866 341 5907 nos
372 5852 539 5922 magis
569 5849 894 5906 eil'cramur?
940 5850 1129 5902 Annon
1160 5848 1396 5916 quotidie
1425 5859 1607 5904 monet
1634 5857 1687 5903 ut
1709 5864 1836 5903 eon-

560 5940 837 5999 Pnnor..
887 5939 1006 5998 (in.
1060 5934 1153 5993 ΙΝ
1174 5940 1185 5993 i
1203 5936 1277 5993 ll.

1226 364 1291 423 IN
1332 359 1739 422 ΜᾹΤΤΠΑΞΗΜ
1781 357 2012 416 ιιοδίιῑ..
2061 358 2202 417 ιιι.
2245 361 2317 416 al.
2363 360 2477 417 LX.

3438 357 3549 412 582

1936 476 2281 547 eupiscentim
2306 487 2362 533 ct
2388 476 2588 533 illicita:
2610 476 2871 547 voluptati
2926 476 3277 546 imperemus,
3308 486 3361 533 ct
3384 477 3548 534 multi

1934 567 2053 638 plus
2072 584 2230 638 quam
2260 570 2407 639 porci
2433 569 2487 624 in
2514 569 2619 625 hoc
2656 576 2879 639 peccato
2901 568 3216 624 volutantur
3237 570 3262 625 τ
3291 572 3545 627 Attamen

1936 659 2026 715 ille
2057 658 2259 716 hortari
2288 676 2395 716 non
2432 670 2626 718 cessat.
2664 660 2776 717 Cur
2800 675 2931 731 ergo
2966 676 3075 716 non
3105 660 3221 717 haec
3247 673 3429 720 mente
3455 680 3544 719 re-

1934 750 2202 807 volvimus
2226 766 2326 808 nec
2347 751 2597 818 dicimus,
2633 753 2801 809 Deum
2826 751 2981 809 nobis
3016 767 3237 823 semper
3272 755 3415 827 loqui
3444 770 3546 812 nec

1934 839 2216 908 desistere,
2247 844 2461 899 etiamsi
2507 853 2566 899 ut
2592 844 2885 915 plurimum
2926 860 3034 901 non
3067 845 3542 917 obtemperemusi

1937 931 2059 987 Ideo
2086 933 2321 1000 dicebat,
2350 933 2521 989 Pauci
2547 944 2666 990 sunt
2692 938 2780 1005 qui
2802 936 2934 991 salvi
2958 937 3088 1003 ﬁant
3119 935 3274 1005 (Luc.
3306 939 3392 993 15.
3423 939 3538 1012 2'5).

1933 1025 1989 1080 Si
2019 1027 2162 1081 enim
2187 1042 2294 1082 non
2326 1027 2523 1083 suiiicit
2550 1029 2618 1083 ad
2640 1030 2869 1085 salutem
2891 1030 3049 1086 nobis
3072 1030 3160 1085 illa
3190 1032 3360 1087 virtus
3381 1048 3542 1103 quam

1932 1132 2178 1173 seorsum
2224 1134 2562 1189 exercemus,
2594 1120 2689 1177 sed
2718 1132 2934 1192 oportet
2960 1122 3097 1180 alios
3124 1123 3337 1181 virtutis
3364 1126 3545 1183 socios

1931 1208 2200 1266 adducere
2231 1229 2245 1266 :
2275 1228 2397 1268 eum
2440 1228 2539 1270 nec
2580 1223 2843 1279 nostram.
2894 1230 2995 1271 nec
3031 1214 3262 1273 aliorum
3308 1218 3544 1275 salutem

1929 1304 2320 1368 curaverimus,
2350 1304 2479 1375 quid
2508 1305 2779 1376 patiemur
2798 1306 2822 1358 ?
2841 1306 2985 1362 unde
3008 1306 3199 1365 salutis
3219 1323 3369 1380 spem
3390 1308 3545 1365 duino

1930 1407 2060 1463 eeps
2108 1392 2468 1451 habebimus?
2522 1394 2630 1453 Sed
2677 1397 2807 1468 quid
2856 1396 2959 1454 hac
3004 1397 3073 1455 de
3116 1415 3176 1456 re
3231 1402 3493 1458 criminor
3527 1445 3541 1468 ,

1930 1485 2147 1555 quando
2191 1500 2261 1541 ne
2301 1487 2771 1544 contubernalium
2824 1489 3043 1561 quidem
3090 1501 3400 1549 nostrorum
3452 1510 3545 1549 ra-

1934 1578 2132 1634 tionem
2167 1579 2330 1635 ullam
2364 1579 2645 1647 habemus,
2697 1584 2902 1651 uxoris,
2945 1581 3199 1654 ﬁliorum,
3230 1601 3541 1653 servorum,

1929 1670 2025 1725 sed
2058 1687 2163 1726 non
2195 1670 2263 1726 de
2292 1670 2394 1739 his,
2424 1672 2520 1728 sed
2549 1672 2618 1728 de
2651 1672 2773 1728 aliis
2802 1673 3041 1730 futilibus
3076 1676 3295 1733 solliciti
3328 1693 3540 1745 sumus,

1930 1761 2204 1817 ebriorum
2238 1762 2427 1848 instar,
2472 1771 2530 1818 ut
2563 1774 2774 1821 crescat
2814 1778 3094 1822 servorum
3137 1783 3416 1835 numerus,
3449 1770 3543 1840 qui

1930 1853 2237 1925 diligentius
2268 1854 2425 1911 nobis
2469 1856 2730 1926 serviant,
2784 1856 2986 1929 filiique
3027 1874 3279 1931 magnam
3320 1876 3350 1915 a
3386 1862 3542 1918 nobis

1931 1945 2288 2003 hereditatem
2319 1950 2609 2021 accipiant,
2639 1965 2778 2006 uxor
2814 1951 2941 2007 item
2969 1967 3104 2009 auro
3142 1952 3349 2026 fulgeat
3374 1961 3541 2013 vesti-

1930 2038 2138 2111 busque
2167 2043 2440 2111 pretiosis,
2470 2060 2647 2115 neque
2679 2044 2749 2101 de
2781 2045 2937 2102 nobis
2963 2061 3152 2105 curam
3179 2048 3347 2106 ullam
3375 2049 3543 2107 habe-

1929 2146 2070 2197 mus,
2110 2134 2205 2188 sed
2232 2133 2301 2190 de
2331 2134 2674 2192 facultatibus
2720 2146 2924 2194 tantum
2974 2138 3221 2195 noStris?
3266 2142 3341 2198 De
3374 2159 3543 2199 uxore

1928 2231 2077 2279 certe
2102 2224 2247 2279 nulla
2273 2226 2605 2296 sollicitudo,
2634 2228 2731 2284 sed
2756 2228 2826 2285 de
2856 2231 3018 2289 rebus
3046 2248 3269 2293 uxorem
3295 2234 3544 2292 ambien-

1930 2314 2071 2371 tibus
2091 2316 2175 2372 vel
2196 2319 2547 2387 ornantibus;
2570 2320 2910 2395 idipsumque
2931 2323 2999 2381 de
3021 2324 3207 2382 liberis
3225 2324 3543 2383 dicendum.

1927 2405 2164 2464 Perinde
2188 2417 2352 2481 atque
2380 2410 2426 2465 si
2463 2410 2584 2482 quis
2612 2412 2875 2469 caducam
2899 2417 2915 2447 ¹
2946 2414 3167 2471 domum
3198 2416 3420 2485 habens,
3445 2435 3542 2475 cu-

1924 2497 2014 2570 jus
2052 2500 2194 2556 muri
2223 2501 2395 2558 ruina:
2424 2502 2657 2574 proximi
2688 2513 2834 2574 sunt,
2870 2505 2994 2561 illos
3025 2507 3328 2565 instaurare
3366 2510 3541 2582 negli-

1927 2606 2082 2661 gens,
2118 2608 2312 2665 magna
2361 2596 2415 2650 in
2457 2596 2684 2652 circuitu
2731 2597 2848 2669 ejus
2900 2608 3051 2670 septa
3101 2602 3305 2673 erigat;
3354 2613 3449 2659 aut
3495 2604 3542 2659 si

1928 2694 2225 2755 aegrotante
2246 2700 2496 2759 corpore,
2530 2688 2709 2758 ipsum
2744 2689 2963 2762 quidem
2998 2691 3255 2764 negligat,
3283 2692 3411 2749 dum
3440 2709 3508 2749 au
3528 2725 3546 2737 ο

1927 2793 2021 2835 rea
2063 2779 2387 2838 vestimenta
2441 2781 2541 2853 ipsi
2584 2792 2771 2855 parat;
2800 2793 2897 2840 aut
2922 2785 2967 2840 si
2996 2785 3216 2843 domina
3244 2787 3436 2844 morbo
3467 2789 3544 2845 la-

1929 2869 2179 2939 borante,
2222 2874 2561 2943 ancillarum,
2614 2875 2974 2949 telarumque,
3018 2893 3271 2935 vasorum
3307 2883 3542 2952 supelle-

1927 2963 2181 3036 ctilisqne
2231 2982 2416 3022 curam
2465 2976 2651 3039 gerat,
2702 2969 2819 3041 ipsa
2866 2971 3057 3027 relicta
3107 2982 3379 3043 gemente.
3427 2976 3543 3033 Hoc

1928 3071 2074 3112 nunc
2096 3058 2279 3115 videre
2299 3068 2383 3115 est
2409 3060 2462 3114 in
2493 3060 2672 3115 anima
2694 3070 2902 3131 nostra,
2926 3078 3047 3135 quae
3070 3065 3214 3121 male
3235 3067 3544 3139 misereque

1930 3148 2115 3217 habet,
2144 3149 2245 3217 ira,
2278 3151 2672 3218 maledicentia,
2699 3152 2950 3211 absurdis
2974 3156 3381 3227 cupiditatibus,
3404 3175 3541 3217 vana

1928 3241 2121 3311 gloria,
2150 3241 2367 3313 jurgiis,
2395 3242 2543 3299 humi
2574 3244 2787 3315 dejecta
2815 3256 2871 3303 et
2901 3257 3090 3316 tracta,
3128 3249 3198 3304 ab
3234 3250 3542 3322 hujusmodi

1932 3332 2059 3388 feris
2086 3332 2338 3401 laniatur,
2373 3333 2500 3389 dum
2532 3350 2652 3403 nos,
2697 3336 2785 3391 illa
2816 3337 2867 3392 in
2901 3339 3052 3394 hisee
3097 3342 3303 3397 morbis
3328 3343 3538 3413 relicta,

1930 3425 2150 3481 domum
2178 3425 2612 3498 domesticosque
2642 3444 2915 3486 curamus.
2956 3431 3026 3486 Et
3051 3432 3095 3487 si
3121 3449 3246 3489 ursa
3272 3435 3413 3491 clam
3438 3452 3538 3490 au-

1930 3518 2147 3591 fugerit,
2177 3520 2370 3576 domos
2406 3522 2730 3588 claudimus,
2764 3539 2863 3594 per
2892 3523 3042 3581 vicos
3069 3528 3361 3593 currimus,
3391 3544 3461 3585 ne
3490 3530 3544 3585 in

1930 3628 2049 3669 eam
2078 3612 2379 3669 incidamus
2411 3630 2425 3667 :
2457 3631 2603 3671 nunc
2633 3625 2813 3672 autem
2840 3633 2948 3674 non
2978 3634 3083 3675 una
3111 3619 3248 3688 fera,
3279 3621 3374 3675 sed
3402 3625 3545 3676 mul-

1934 3702 2321 3775 tishujusmodi
2356 3706 2562 3763 scilicet
2581 3708 3020 3779 cogitationibus,
3043 3712 3279 3767 animam
3302 3723 3544 3769 nostram

1930 3797 2276 3862 laniantibus,
2310 3799 2516 3855 nullum
2550 3800 2741 3857 horum
2769 3817 2990 3858 sensum
3018 3802 3299 3860 habemus.
3324 3805 3380 3860 lu
3410 3806 3547 3862 urbe

1931 3890 2151 3961 quidem
2184 3900 2387 3948 tantam
2413 3892 2652 3951 ferarum
2680 3911 2868 3951 curam
2913 3895 3209 3963 habemus,
3240 3908 3300 3954 ut
3326 3913 3421 3955 eas
3458 3902 3544 3954 vel

1932 3985 1984 4039 in
2008 3986 2228 4042 deserto
2257 3985 2376 4041 loco
2405 3986 2488 4042 vel
2535 3986 2586 4041 in
2617 3987 2799 4043 caveis
2830 3987 3193 4058 includamns,
3222 4004 3545 4045 caveamus-

1933 4098 2038 4153 que
2062 4097 2129 4137 ne
2157 4082 2209 4135 in
2239 4080 2388 4136 curia
2432 4080 2703 4147 civitatis,
2753 4097 2854 4135 nec
2885 4082 2938 4137 in
2984 4082 3125 4151 foro,
3161 4098 3259 4139 nec
3299 4084 3352 4139 in
3400 4084 3546 4156 regia

1934 4185 2237 4241 versentur,
2268 4171 2360 4229 sed
2390 4174 2575 4242 procul
2606 4174 2798 4245 ligatas
2817 4173 3157 4230 detineamus
3187 4192 3201 4229 :
3228 4176 3279 4232 in
3308 4176 3544 4231 animam

1935 4281 2087 4334 vero,
2115 4280 2235 4337 quae
2266 4266 2472 4320 curiam
2512 4279 2688 4331 suam,
2716 4265 2920 4337 regiam
2952 4273 3009 4321 et
3029 4264 3287 4337 judiciale
3313 4268 3545 4323 tribunal

1938 4360 2117 4425 habet,
2139 4360 2471 4416 emittuntur
2486 4358 2638 4425 ferte,
2662 4360 2805 4416 circa
2831 4370 3071 4418 mentem
3119 4364 3289 4432 ipsam
3323 4364 3547 4419 solium-

1933 4471 2038 4526 que
2064 4452 2615 4536 regium'clamantes,
2643 4453 2828 4511 turbas
2853 4454 3065 4510 dantes.
3096 4454 3223 4509 Ideo
3244 4456 3421 4509 omnia
3452 4470 3549 4510 sus

1933 4548 2107 4620 deque
2134 4557 2449 4615 vertuntur;
2484 4547 2667 4603 omnia
2696 4545 2929 4607 tumultu
2958 4547 3114 4617 plena
3138 4547 3282 4601 intus
3307 4557 3363 4601 et
3390 4546 3545 4615 foris,

1935 4642 2247 4712 nullumque
2278 4640 2568 4697 discrimen
2592 4656 2691 4695 nos
2720 4642 2861 4695 inter
2887 4648 2941 4696 et
2963 4637 3149 4695 urbem
3176 4639 3392 4695 incursu
3418 4640 3547 4696 bar-

1936 4735 2189 4791 barorum
2221 4734 2590 4801 devastatam;
2639 4726 2982 4802 idipsur’nque
3022 4728 3082 4785 tit
3125 4744 3189 4785 ac
3214 4731 3281 4796 si,
3310 4730 3551 4785 dracone

1936 4827 1988 4883 in
2023 4828 2150 4883 nido
2191 4827 2522 4882 avicularum
2570 4825 2859 4893 insidente,
2902 4822 3131 4879 aviculae
3173 4825 3305 4894 ipsa:
3331 4824 3553 4879 avolent

1938 4921 2160 4990 trepidae
2187 4928 2242 4976 et
2272 4921 2618 4991 perturbatae,
2648 4933 2752 4975 nec
2794 4932 2903 4989 quo
2931 4931 2991 4973 se
3034 4916 3086 4971 in
3135 4924 3285 4973 tanto
3317 4918 3550 4973 tumultu

1937 5012 2202 5081 recipiant
2230 5012 2506 5068 habentes.

2015 5105 2067 5157 7.
2118 5103 2333 5159 Muralis
2362 5102 2667 5158 exhortatio.
2698 5101 2956 5157 Juvenum
2986 5101 3205 5173 impetus
3236 5117 3269 5155 a
3297 5100 3553 5173 principio

1940 5199 2267 5256 coercendus.
2294 5228 2368 5239 —
2394 5198 2573 5265 Quare
2613 5197 2865 5265 obsecro,
2894 5197 3187 5253 draconem
3215 5193 3549 5260 occidamus,

1940 5295 2081 5349 feras
2128 5294 2496 5359 includamns,
2538 5286 2888 5358 suii’ocemus,
2933 5288 3263 5361 jugulemus,
3296 5297 3353 5345 et
3391 5288 3556 5346 hasce

1942 5390 2112 5443 malas
2150 5388 2505 5458 cogitationes
2548 5384 2730 5456 gladio
2770 5384 2993 5454 spiritus
3020 5380 3395 5437 confodiamus
3435 5398 3449 5436 :
3484 5397 3553 5438 ne

1942 5482 2097 5536 nobis
2144 5481 2269 5536 talia
2322 5480 2682 5536 comminatur
2730 5476 3012 5547 propheta,
3068 5473 3247 5545 qualia
3294 5473 3552 5530 Judmaz:

2009 5598 2203 5647 'Savil.
2253 5595 2402 5659 longe
2451 5595 2604 5659 variat
2628 5597 2746 5659 :_Et
2795 5588 2921 5659 nihil
2956 5584 3192 5659 dcunt)ij
3218 5586 3554 5659 “scilicitairmrr

1944 5671 2024 5713 aut
2048 5646 2488 5725 βίωνὶᾶετηιιξηδεά
2510 5656 2570 5705 de
2596 5651 2941 5725 cultuuxoris,
2975 5648 3097 5725 nihil
3121 5650 3183 5699 de
3206 5646 3329 5725 lilio,
3348 5649 3452 5725 sed
3478 5648 3555 5725 με

2113 5710 2458 5789 temporalibus
2498 5710 3018 5789 comniodiaferinde
3042 5719 3186 5789 atque
3208 5710 3252 5762 ai
3405 5710 3555 5785 cedu-

1945 5775 2071 5847 c'am,
2095 5794 2191 5835 cte.
2211 5775 2300 5832 'tlic
2315 5782 2535 5846 quaedam
2560 5781 2769 5838 desunt;
2791 5776 2951 5847 locum
2992 5788 3057 5825 ex
3097 5783 3205 5823 Mss.
3228 5775 3553 5847 restituimus.

1948 5836 2090 5902 Juxta
2109 5850 2270 5902 .\:ore|.
2298 5836 2564 5914 legendum
2591 5836 2762 5903 esset,
2772 5839 3046 5904 pulchram,
3074 5850 3178 5900 pro,
3204 5836 3459 5885 caducam.

3192 5921 3232 5982 8
