4040 6422
183 427 290 482 585

181 565 428 632 proximo
454 562 726 618 dimittere
751 579 768 618 :
812 559 1024 615 Dimitte
1047 557 1190 614 nobis
1217 558 1384 612 debita
1410 565 1583 610 nostra
1603 597 1618 619 ,
1646 552 1777 608 sicut

178 666 226 710 et
255 673 347 710 nos
377 655 675 708 dimittimus
699 653 1003 708 debitoribus
1026 653 1233 717 nostris,
1259 650 1474 721 (Matth.
1504 646 1558 703 6.
1585 644 1695 718 12),
1727 645 1776 699 id

175 748 360 802 dicere
375 747 572 802 docuit.
596 747 691 801 llic
717 761 843 800 vero
863 746 1021 799 alium
1052 742 1336 814 quemdam
1355 739 1572 796 modum
1599 738 1773 792 affert.

176 838 295 895 Non
319 839 458 894 enim
479 839 781 904 laedentem,
801 837 894 894 sed
921 838 1105 892 laesum
1125 835 1325 890 inducit
1344 833 1409 888 ad
1429 835 1624 903 ipsum.
1643 829 1775 884 Nam

175 933 302 1003 quia
318 931 406 986 ille
424 931 535 1003 ,qui
549 930 777 998 laeserat,
792 945 897 984 non
913 929 1067 985 facile
1082 929 1314 983 venisset
1330 926 1395 980 ad
1413 922 1774 980 excusandum

173 1042 273 1092 se,
305 1025 614 1096 pudefactus
641 1032 693 1080 et
720 1023 1059 1087 erubescens,
1093 1021 1278 1076 lassum
1304 1018 1372 1074 ad
1403 1017 1551 1073 illum
1572 1015 1772 1082 trahit;

177 1133 356 1189 neque
386 1115 581 1171 frustm
605 1156 622 1184 ,
655 1115 747 1170 sed
779 1123 837 1168 ut
863 1113 1058 1168 factum
1086 1111 1362 1166 resarciat.
1391 1107 1575 1180 Neque
1602 1106 1730 1162 dicit
1757 1147 1772 1174 ,

174 1213 384 1266 Accusa
407 1253 422 1276 ,
451 1224 564 1275 nec,
593 1209 833 1278 luerepa,
859 1205 965 1271 vel,
997 1205 1188 1261 Poenas
1213 1202 1400 1273 repete
1423 1216 1438 1266 ;
1461 1200 1772 1270 sed,Argue.

177 1303 276 1358 Ille
308 1302 638 1372 namqueira
663 1307 718 1354 et
743 1297 946 1369 pudore
970 1312 1070 1352 ceu
1101 1294 1333 1367 quodam
1361 1306 1560 1364 sopore
1595 1290 1775 1346 ebrius

173 1395 475 1450 retinetur:
525 1402 578 1448 te
617 1406 746 1446 vero
784 1390 941 1445 decet
990 1402 1180 1443 sanum
1228 1387 1378 1442 illum
1424 1391 1774 1455 aegrotantem

174 1486 332 1541 adire
355 1527 370 1552 ,
400 1485 664 1554 privatum
688 1482 946 1552 judicium
977 1481 1303 1536 constituere
1326 1521 1342 1545 ,
1373 1476 1777 1546 remediumque

171 1576 528 1647 acceptabile.
584 1574 715 1630 Illud
741 1574 887 1630 enim
912 1614 927 1639 ,
958 1572 1151 1644 Argue,
1177 1570 1309 1628 nihil
1338 1570 1478 1625 aliud
1506 1578 1587 1624 cst
1616 1583 1777 1640 quam

173 1670 458 1726 Peccatum
485 1669 536 1726 in
565 1668 876 1724 memoriam
895 1681 1109 1733 revoca,
1129 1665 1215 1721 dic
1239 1666 1294 1720 ei
1306 1680 1423 1736 quae
1447 1664 1514 1720 ab
1540 1665 1628 1720 illo
1656 1679 1777 1734 pas-

171 1779 271 1818 sus
284 1760 452 1817 siszid
469 1761 611 1834 quod
639 1761 684 1817 si
711 1761 924 1818 decenti
945 1761 1107 1817 modo
1138 1760 1248 1825 flat,
1267 1775 1388 1830 pars
1415 1757 1658 1828 quaedam
1683 1757 1778 1812 de-

175 1853 435 1908 fensionis
458 1861 558 1920 est,
590 1854 709 1925 qua:
738 1852 804 1908 ad
833 1851 1324 1908 reconciliationem
1353 1849 1599 1921 impellit.
1633 1847 1773 1916 Quid

173 1946 359 2018 igitur,
385 1947 430 2003 si
465 1962 572 2001 non
607 1961 814 2002 morem
857 1955 1040 2018 gerat,
1067 1955 1121 2002 et
1169 1944 1212 2000 si
1248 1944 1415 2000 durus
1440 1958 1500 1998 ac
1530 1943 1775 2014 pertinax

171 2037 380 2095 fuerit?
402 2041 486 2095 16.
518 2039 732 2094 Assumo
751 2049 908 2095 tecum
937 2056 1094 2094 unum
1113 2047 1201 2093 aut
1230 2038 1377 2104 duos,
1397 2039 1520 2092 utin
1548 2054 1634 2092 ore
1655 2038 1776 2090 duo-

171 2149 291 2187 rum
309 2134 503 2188 testium
518 2141 608 2188 stet
625 2149 772 2188 omne
788 2133 1008 2188 verbum.
1037 2130 1169 2188 Nam
1188 2140 1390 2202 quanto
1408 2129 1775 2201 impudentior

168 2234 226 2279 et
245 2224 572 2296 petulantior
604 2223 780 2292 fuerit,
801 2235 945 2280 tanto
957 2226 1129 2296 magis
1145 2225 1210 2280 ad
1229 2223 1493 2279 medelam
1522 2219 1776 2280 festinare

168 2324 412 2384 oportet,
442 2332 547 2371 non
583 2316 652 2371 ad
683 2316 816 2372 iram
845 2327 899 2372 et
929 2317 1370 2388 indignationem.
1411 2315 1546 2371 Nam
1576 2327 1632 2371 et
1657 2330 1774 2371 me-

169 2404 352 2473 dicus,
383 2421 504 2461 cum
537 2407 838 2477 graviorem
861 2407 1053 2464 viderit
1081 2408 1328 2462 morbum
1355 2451 1370 2475 ,
1399 2423 1507 2464 non
1537 2407 1770 2471 desistit,

173 2511 281 2552 nec
324 2511 466 2568 aegre
507 2497 643 2565 fert,
669 2497 763 2553 sed
797 2509 922 2554 tunc
964 2500 1133 2570 magis
1163 2514 1284 2556 sese
1328 2509 1586 2571 apparat,
1633 2498 1774 2570 quod

174 2590 342 2645 etiam
376 2591 462 2645 hic
489 2590 664 2648 facere
693 2593 954 2664 prmcipit.
1001 2593 1135 2660 Quia
1163 2594 1308 2650 enim
1334 2594 1481 2649 solus
1511 2591 1776 2648 inﬁrmior

169 2682 322 2739 visus
349 2697 408 2739 es
435 2724 452 2750 ,
480 2699 546 2741 ex
571 2684 940 2740 additamenta
965 2678 1155 2741 fortior
1177 2697 1315 2742 esto.
1348 2686 1480 2741 Nam
1509 2685 1617 2741 duo
1645 2686 1775 2740 satis

168 2782 302 2830 sunt
337 2775 404 2830 ad
434 2785 746 2847 peccantem
788 2777 1238 2849 redarguendum.
1274 2777 1464 2833 Viden’
1504 2777 1775 2860 quomodo

169 2881 283 2922 non
310 2867 425 2922 laesi
457 2869 633 2923 solum
659 2908 674 2934 ,
719 2867 815 2924 sed
841 2870 1003 2924 etiam
1033 2868 1278 2925 laedentis
1311 2870 1593 2924 utilitatem
1626 2886 1774 2938 qua:-

167 2958 299 3014 rat‘f
323 2955 456 3012 Nam
485 2959 646 3015 laesus
673 2959 761 3016 ille
784 2970 868 3016 est
889 3001 905 3027 ,
934 2961 1023 3031 qui
1047 2977 1075 3014 a
1105 2961 1294 3018 morbo
1320 2971 1506 3032 captus
1537 2963 1654 3028 fuit,
1682 2961 1774 3032 qui

166 3059 419 3123 aegrotat,
453 3052 752 3108 inﬁrmatur
784 3063 838 3109 et
866 3053 1067 3110 deficit.
1109 3053 1235 3110 Ideo
1271 3069 1416 3126 saepe
1444 3055 1509 3110 ad
1541 3057 1681 3112 hunc
1710 3057 1774 3112 il-

168 3144 282 3198 lum
314 3127 485 3210 ducit,
514 3146 802 3216 aliquando
824 3149 996 3202 solum
1020 3191 1034 3212 ,
1062 3149 1348 3219 aliquando
1375 3165 1497 3204 cum
1529 3151 1649 3204 aliis
1673 3168 1686 3202 :
1721 3159 1775 3206 et

167 3235 216 3292 si
247 3237 699 3308 perseveraverit,
732 3253 854 3294 cum
883 3239 1140 3295 Ecclesia.
1176 3241 1264 3296 17.
1296 3239 1413 3307 Dic,
1443 3233 1638 3312 inquit,
1666 3239 1774 3296 Ec-

169 3331 363 3386 clesitc.
411 3329 543 3385 Nam
590 3331 634 3386 si
678 3331 929 3402 patientis
959 3333 1133 3388 solum
1173 3334 1457 3390 utilitatem
1485 3345 1771 3406 quaereret,

169 3439 281 3478 non
303 3423 518 3493 juberet
542 3426 843 3497 scptuagies
869 3428 1067 3499 septies
1099 3429 1380 3498 ptenitenti
1411 3430 1621 3484 veniam
1646 3446 1775 3486 con-

167 3511 370 3570 cedere
420 3513 633 3585 (Matth.
665 3517 752 3572 l8.
781 3516 928 3592 2’2);
972 3534 1079 3573 non
1126 3521 1312 3587 toties;
1361 3537 1536 3592 neque
1583 3531 1660 3577 tot
1699 3522 1776 3578 illi

169 3603 544 3661 constituisset
571 3605 745 3662 morbi
773 3609 1150 3665 emendatores
1177 3627 1189 3664 :
1221 3612 1316 3666 sed
1345 3629 1408 3666 ex
1441 3612 1616 3682 primo
1659 3614 1775 3669 col-

173 3695 359 3766 loquio
387 3695 537 3751 illum
561 3698 889 3755 obstinatum
916 3712 1224 3759 manentem
1254 3704 1395 3760 foras
1425 3705 1770 3778 reliquisset:

173 3803 320 3844 nunc
351 3805 477 3846 vero
515 3800 568 3847 et
593 3793 760 3848 semel
799 3803 853 3850 et
878 3794 960 3850 bis
985 3803 1040 3850 et
1081 3805 1162 3852 ter
1189 3797 1338 3855 illum
1365 3813 1556 3854 curare
1580 3799 1773 3868 jubet,

173 3898 322 3940 nunc
345 3884 517 3940 solum
543 3925 558 3951 ,
588 3901 730 3941 nunc
758 3903 880 3942 cum
907 3887 1118 3943 duobus
1137 3928 1154 3956 ,
1187 3905 1328 3944 nunc
1357 3905 1480 3944 cum
1512 3891 1771 3960 pluribus.

176 3978 304 4034 Ideo
333 3994 453 4034 cum
483 3979 552 4035 de
579 3981 819 4038 externis
844 3982 1040 4053 agitur,
1073 3983 1204 4037 nihil
1238 3984 1345 4038 tale
1375 3983 1538 4052 dicit,
1567 3984 1683 4050 sed,
1716 3983 1776 4040 Si

173 4073 290 4141 quis
317 4082 363 4126 te
388 4074 656 4142 percutiat,
692 4074 945 4144 inquit,in
966 4077 1231 4131 maxillam
1256 4079 1536 4143 dexteram,
1568 4090 1704 4134 certe
1730 4080 1776 4134 ci

173 4174 225 4218 ct
246 4164 441 4230 aliam;
472 4151 712 4222 hic'vcro
744 4183 848 4222 non
875 4169 973 4223 sic.
1000 4167 1152 4236 Quod
1181 4170 1342 4225 etiam
1376 4170 1572 4226 Paulus
1608 4172 1772 4226 dicit:

179 4257 320 4324 Quid
349 4257 475 4311 mihi
500 4265 549 4312 et
573 4258 637 4313 de
666 4260 884 4314 extemis
898 4261 1138 4331 judicare
1163 4260 1238 4332 (I.
1263 4260 1381 4317 Cor.
1409 4264 1463 4318 5.
1489 4262 1616 4335 l2)?
1648 4264 1780 4320 Fra-

177 4360 290 4414 tres
322 4363 448 4423 vero
478 4359 531 4404 et
559 4365 785 4420 arguere
829 4361 883 4406 et
921 4361 1170 4408 avertere
1194 4355 1350 4424 juhct
1375 4397 1390 4421 ,
1441 4371 1502 4410 ac
1533 4357 1635 4410 nisi
1676 4357 1777 4412 ob-

178 4451 501 4513 temperent,
529 4443 845 4501 abscindere
867 4487 884 4513 ,
916 4456 972 4502 ut
1001 4447 1205 4516 pudore
1241 4448 1637 4505 sulfundantur.
1666 4450 1779 4506 IIoc

175 4546 234 4592 et
260 4536 373 4606 ipse
399 4537 521 4592 facit
542 4537 647 4605 hic,
670 4554 792 4596 cum
817 4539 883 4596 de
911 4539 1167 4598 fratribus
1195 4544 1365 4613 legem
1392 4545 1576 4600 statuit
1600 4563 1613 4600 :
1647 4554 1781 4600 tres-

175 4644 285 4699 que
317 4629 414 4699 ipsi
442 4630 624 4686 statuit
648 4631 901 4689 doctores
941 4644 994 4689 et
1019 4635 1252 4705 judices,
1285 4637 1375 4706 qui
1401 4636 1631 4692 doceant
1659 4655 1779 4708 quae

178 4722 234 4776 in
265 4722 579 4778 temulentia
613 4736 914 4796 perpetrata
946 4738 1088 4784 sunt.
1122 4728 1254 4784 Nam
1302 4731 1402 4786 etsi
1433 4731 1548 4803 ipse
1574 4741 1658 4788 est
1687 4733 1780 4805 qui

178 4815 361 4868 omnia
392 4813 622 4871 absurda
654 4817 744 4873 illa
792 4817 920 4874 fecit
949 4830 1002 4876 et
1030 4821 1284 4892 loquutus
1311 4830 1425 4890 est,
1453 4825 1571 4880 aliis
1599 4834 1778 4883 tamen

177 4919 317 4973 opus
361 4903 523 4960 habet
551 4907 641 4977 qui
686 4907 952 4977 doceant,
987 4920 1173 4982 utpote
1199 4915 1414 4982 ebrius;
1447 4932 1570 4971 nam
1605 4918 1681 4972 ira
1728 4928 1782 4975 et

181 5007 461 5069 peccatum
494 5001 774 5071 plusquam
800 5005 1034 5062 ebrietas
1078 5017 1316 5064 mentem
1347 5009 1599 5076 turbant,
1646 5024 1699 5067 et
1727 5015 1782 5068 in

181 5092 444 5162 majorem
475 5095 734 5150 insaniam
759 5099 1072 5167 conjiciunt.
1105 5100 1236 5156 Nam
1269 5104 1392 5176 quis
1428 5104 1624 5161 Davide
1653 5122 1779 5176 pru-

180 5186 398 5240 dentior
422 5195 540 5240 erat
581 5188 660 5257 (‘2.
707 5187 836 5260 Reg.
871 5189 996 5252 Ii)?
1044 5192 1297 5248 Attamen
1338 5211 1458 5250 cum
1502 5211 1776 5269 peccaret,

183 5280 314 5334 nihil
345 5282 530 5347 sensit,
566 5284 706 5352 quod
736 5286 1169 5354 concupiscentia
1205 5291 1384 5345 omnia
1415 5291 1530 5360 ejus
1563 5295 1781 5349 ratioci-

182 5372 267 5427 nia
315 5382 671 5443 occupasset,
722 5385 778 5430 et
819 5392 917 5432 ceu
945 5379 1123 5433 fumus
1152 5381 1366 5450 quidam
1399 5383 1514 5451 ejus
1544 5385 1782 5441 animum

182 5464 437 5533 repleret.
484 5466 818 5535 Quapropter
846 5472 1065 5523 lucerna
1110 5486 1244 5540 Opus
1286 5473 1472 5528 habuit
1513 5491 1610 5546 per
1659 5492 1785 5546 pro-

187 5557 400 5626 phetam
423 5556 672 5623 adducta,
703 5575 764 5613 ac
789 5561 964 5614 verbis
984 5577 1102 5632 quze
1129 5562 1336 5620 facinus
1367 5567 1465 5636 ipsi
1501 5569 1552 5621 in
1583 5585 1786 5624 memo-

183 5649 321 5702 riam
349 5648 688 5704 reducerent.
729 5651 852 5708 ldeo
884 5653 980 5708 hos
1011 5672 1148 5710 nunc
1177 5659 1240 5710 ad
1273 5671 1586 5726 peccantem
1612 5662 1782 5718 addu-

184 5739 295 5806 cit,
331 5740 422 5808 qui
448 5739 514 5798 de
545 5744 708 5814 gestis
730 5746 840 5800 suis
867 5746 1037 5818 ipsum
1065 5749 1420 5820 alloquamur.

1183 421 1246 479 IN
1288 416 1694 478 MATTIIEUM
1739 413 1970 471 IlOiIIL.
2017 417 2128 474 LX.
2171 420 2242 475 al.
2285 422 2421 478 LXI.

3386 431 3496 486 538

1959 529 2012 586 2.
2047 533 2154 588 Cur
2177 542 2356 590 autem
2405 536 2547 590 hunc
2569 534 2725 606 jubet
2770 552 2999 608 arguere
3020 582 3034 604 ,
3066 555 3193 595 non.
3218 541 3381 597 alium
3431 545 3488 597 ‘2

1883 620 2014 690 Quia
2045 622 2188 680 hunc
2209 633 2392 695 utpote
2413 641 2443 679 a
2473 641 2532 681 se
2553 627 2738 682 laesum
2767 638 2822 684 et
2843 628 3035 698 injuria
3059 630 3333 698 all'eotnm,
3371 650 3486 688 mo-

1881 713 2118 771 deratius
2155 725 2273 771 erat
2327 717 2676 775 toleraturus.
2719 719 2836 776 Non
2874 722 3019 776 enim
3062 723 3176 792 pari
3206 724 3389 778 animo
3421 728 3490 779 ab

1882 804 1988 859 alio
2015 805 2084 861 de
2111 807 2482 875 injuriaalteri
2511 809 2688 867 oblata
2711 827 2770 866 se
2802 811 3060 884 redargui
3087 815 3335 884 patiatur,
3364 832 3490 869 cum

1882 897 2115 953 maxime
2140 898 2288 953 solus
2317 909 2401 955 est
2430 901 2476 956 is
2502 902 2592 972 qui
2635 902 2929 974 redarguit.
2953 903 3095 960 Cum
3116 916 3297 962 autem
3332 905 3377 962 is
3399 909 3492 977 qui

1882 987 2126 1043 rationes
2155 989 2225 1043 ab
2263 989 2382 1062 ipso
2420 993 2703 1063 expetendi
2740 994 2828 1065 jus
2862 994 3045 1064 habet,
3084 997 3252 1067 ipsius
3289 1013 3490 1055 curare

1881 1079 2106 1134 salutem
2134 1080 2366 1151 videtur,
2389 1084 2435 1139 is
2461 1086 2696 1142 maxime
2724 1088 2966 1143 omnium
3007 1097 3185 1159 potest
3228 1090 3380 1147 illum
3421 1093 3488 1148 ad

1883 1170 2553 1242 resipisccntiamvoeare,
2596 1191 2719 1233 cum
2763 1177 2943 1234 videat
2974 1177 3078 1235 hoc
3118 1195 3226 1235 non
3273 1198 3489 1252 penam

1881 1262 2189 1332 expetendi,
2218 1264 2313 1320 sed
2357 1267 2677 1324 emendandi
2705 1270 2878 1341 gratia
2909 1270 3049 1328 fieri.
3079 1271 3206 1328 Ideo
3242 1289 3350 1330 non
3376 1285 3492 1330 sta-.-

1882 1352 1977 1406 tim
2005 1352 2142 1410 duos
2168 1354 2424 1412 accedere
2443 1357 2619 1428 jubet,
2645 1360 2740 1421 sed
2786 1375 2908 1417 cum
2939 1363 3143 1433 primus
3165 1364 3295 1418 nihil
3331 1367 3494 1436 profi-

1880 1457 2003 1498 cere
2036 1453 2259 1513 "potest:
2317 1462 2491 1517 neque
2539 1459 2667 1505 tunc
2707 1451 3107 1508 multitudinem
3152 1455 3350 1520 mittit.
3395 1460 3491 1513 sed

1883 1550 2050 1605 usque
2075 1537 2140 1591 ad
2165 1537 2301 1593 duos
2332 1539 2500 1606 addit,
2534 1541 2619 1596 vel
2639 1543 2799 1598 etiam
2824 1559 3026 1611 unum;
3051 1561 3173 1601 cum
3197 1556 3377 1604 autem
3397 1548 3497 1604 hos

1883 1627 2224 1697 despexerit,
2260 1639 2385 1688 tunc
2412 1632 2477 1688 ad
2509 1633 2810 1691 Ecclesium
2856 1637 3006 1693 illum
3043 1637 3230 1696 mittit.
3259 1642 3348 1698 Sic
3392 1644 3494 1698 ad.-

1876 1723 2104 1793 _modum
2131 1733 2287 1780 curat
2331 1742 2400 1782 ne
2451 1730 2677 1797 proximi
2731 1740 2950 1800 peccata
3003 1733 3360 1805 mulgentur;
3394 1738 3495 1792 etsi

1883 1815 2118 1884 potuerit
2169 1831 2199 1871 a
2256 1818 2519 1889 principio
2567 1821 2696 1875 illud
2740 1822 2970 1892 jubere,
3022 1841 3089 1880 ne
3133 1825 3270 1882 idin
3305 1828 3496 1899 vulgus

1881 1917 2161 1975 manaret,
2198 1925 2302 1965 non
2335 1910 2460 1966 fecit
2486 1955 2500 1977 ,
2531 1913 2624 1969 sed
2655 1923 2776 1982 post
2799 1932 2959 1974 unam
2997 1917 3336 1990 alteramque
3375 1935 3493 1976 mo-

1881 2002 2140 2057 nitionem
2187 2003 2240 2057 id
2289 2005 2547 2074 pra-cipit.
2602 2008 2742 2074 Quid
2795 2020 2975 2065 autem
3029 2011 3132 2067 sibi
3165 2013 3284 2067 vult
3319 2013 3450 2069 illud
3478 2055 3493 2075 .

1883 2091 1947 2145 In
1978 2109 2062 2148 ore
2096 2094 2318 2149 duorum
2348 2097 2425 2150 uel
2451 2098 2605 2152 trium
2641 2100 2844 2154 testium
2888 2100 3041 2156 stabit
3067 2120 3218 2158 omne
3247 2106 3452 2160 uerbum
3474 2107 3500 2161 Ρ

1882 2181 2136 2240 Idoneum
2181 2185 2348 2241 babes
2383 2188 2794 2259 testimonium,
2853 2191 3062 2262 inquit,
3111 2205 3166 2249 te
3218 2204 3390 2252 totum
3447 2199 3500 2253 id

1880 2278 2024 2349 quod
2064 2294 2231 2350 penes
2276 2289 2327 2335 te
2376 2289 2494 2336 erat
2536 2281 2766 2350 fecisse,
2817 2284 3060 2356 nihilque
3108 2287 3379 2345 omisisse.
3437 2289 3500 2344 Si

1880 2380 2050 2424 autem
2097 2389 2188 2426 uec
2229 2373 2321 2427 hos
2360 2374 2600 2440 audierit,
2643 2374 2727 2428 dic
2765 2373 3048 2444 Ecclesia,
3099 2378 3153 2434 id
3191 2388 3311 2445 est,
3361 2396 3501 2450 prm-

1880 2462 2103 2518 sidibus.
2139 2463 2288 2532 Quod
2325 2465 2370 2518 si
2408 2463 2694 2522 Ecclesium
2725 2484 2829 2522 non
2853 2468 3117 2537 audierit,
3143 2471 3207 2525 sit
3237 2471 3326 2526 tibi
3354 2474 3504 2542 quasi

1881 2557 2106 2611 ethnicus
2152 2566 2199 2611 et
2245 2558 2566 2628 publicanus.
2615 2559 2760 2616 Talis
2805 2562 2954 2618 enim
2996 2562 3160 2620 homo
3206 2566 3505 2622 incurabili

1880 2650 2070 2703 morbo
2086 2648 2313 2704 laborat.
2339 2649 2418 2704 Tu
2443 2666 2576 2707 vero
2600 2651 2728 2707 mihi
2759 2655 3056 2727 perpende,
3089 2659 3363 2728 quomodo
3395 2675 3494 2730 pu-

1879 2741 2151 2796 blicanum
2182 2742 2378 2813 ubique
2410 2745 2460 2798 in
2495 2746 2802 2816 exemplum
2832 2749 3084 2819 nequitize
3113 2751 3365 2807 niaximae
3392 2767 3494 2823 po-

1881 2844 1991 2890 nat.
2023 2836 2154 2892 Nam
2183 2853 2342 2908 supra
2369 2838 2507 2893 dixit
2537 2860 2549 2895 :
2594 2839 2786 2898 Nonne
2807 2852 2853 2896 et
2879 2842 3142 2914 publicani
3166 2843 3262 2898 hoc
3300 2845 3500 2917 faciunt

1881 2927 1900 2997 (
1929 2926 2113 2981 Matth.
2159 2930 2214 2986 5.
2261 2929 2330 2986 46
2351 2931 2404 3000 )?
2430 2941 2483 2986 et
2512 2947 2835 3004 progressus
2855 2951 3069 2991 rursum
3105 2951 3118 2990 :
3146 2934 3422 2993 Publicani
3450 2948 3500 2993 et

1880 3022 2164 3076 meretrices
2190 3026 2475 3093 prcecedeut
2504 3042 2588 3080 vos
2610 3027 2663 3080 in
2693 3043 2848 3100 regno
2874 3027 3116 3084 ccelorum
3138 3025 3369 3103 (Matth.
3404 3032 3498 3086 21.

1882 3115 1944 3169 51
1969 3112 2023 3185 );
2056 3115 2105 3169 id
2130 3125 2234 3181 est,
2268 3119 2359 3188 qui
2391 3120 2623 3175 maxime
2651 3119 3029 3190 improbantur
3047 3131 3102 3178 et
3132 3123 3499 3179 condemnan-

1885 3215 1986 3260 tur.
2018 3206 2254 3262 Audiant
2283 3208 2357 3263 illi
2388 3213 2477 3279 qui
2511 3209 2576 3264 ad
2599 3219 2840 3281 quasstus
2868 3212 3083 3284 iniquos
3112 3225 3378 3282 currunt,
3401 3218 3496 3286 qui

1881 3295 2090 3353 fmuora
2118 3297 2415 3357 fmnoribus
2439 3300 2717 3371 adjiciunt.
2751 3304 2861 3359 Cur
2890 3318 3056 3376 porro
3097 3321 3222 3363 cum
3252 3308 3493 3377 publica-

1882 3391 1968 3447 nis
2014 3392 2173 3446 istum
2208 3393 2392 3448 locet?
2436 3394 2505 3450 Ut
2532 3395 2719 3450 laesum
2748 3397 3094 3466 consoletur,
3127 3408 3181 3455 et
3213 3399 3353 3455 hunc
3394 3409 3501 3455 ter-

1883 3488 2018 3532 reat.
2048 3476 2184 3532 Num
2214 3478 2330 3534 haec
2374 3479 2490 3534 sola
2533 3481 2742 3551 punitio
2791 3481 2919 3537 est?
2946 3481 3165 3540 Minime
3199 3504 3211 3539 :
3246 3485 3340 3541 sed
3376 3486 3500 3542 audi

1883 3572 2160 3641 scqnentia
2191 3589 2203 3625 :
2237 3572 2324 3627 I8.
2359 3572 2728 3645 Quodcumque
2747 3573 3084 3646 alligaveritis
3103 3593 3259 3649 super
3285 3587 3498 3646 terram,

1883 3664 1975 3717 erit
2001 3665 2212 3735 ligatum
2239 3673 2284 3719 et
2322 3666 2374 3719 in
2401 3667 2557 3720 aclis.
2605 3666 2723 3722 Non
2765 3665 2901 3722 dixit
2934 3667 3192 3724 Ecclesiae
3240 3671 3455 3740 praesuli
3483 3714 3498 3736 ,

1883 3756 2057 3827 Alliga
2081 3757 2250 3824 illum,
2285 3756 2402 3822 sed,
2437 3757 2491 3813 Si
2521 3758 2848 3829 alligaveris,
2891 3760 2940 3815 ei
2970 3760 3063 3831 qui
3091 3761 3252 3818 Iresus
3278 3763 3380 3818 fuit
3408 3773 3495 3818 to-

1885 3857 1997 3903 tum
2039 3850 2390 3918 permittens:
2426 3859 2660 3922 tnnequ‘e
2688 3852 2898 3907 vincula
2937 3867 3044 3909 non
3074 3854 3333 3912 dissoluta
3379 3874 3500 3913 ma-

1885 3951 2034 3995 nent.
2069 3940 2329 3995 Extrema
2357 3943 2537 4013 itaque
2569 3943 2802 4012 patietur
2833 3945 2996 3999 mala.
3039 3945 3147 4003 Sed
3180 3961 3286 4003 non
3334 3950 3379 4003 is
3409 3952 3501 4021 qui

1884 4031 2077 4087 detulit
2104 4033 2154 4087 in
2180 4046 2341 4088 causa
2369 4043 2471 4102 est,
2496 4050 2682 4090 verum
2707 4035 2752 4090 is
2773 4036 2866 4107 qui
2897 4038 3069 4093 noluit
3097 4040 3501 4110 obtemperare.

1886 4124 2050 4181 Vides
2082 4125 2354 4196 quomodo
2383 4126 2525 4182 hunc
2552 4127 2751 4198 duplici
2782 4131 3105 4186 necessitate
3145 4131 3410 4199 vinxerit,
3448 4144 3510 4191 ea

1885 4219 2136 4289 praesi-nti
2169 4234 2321 4289 paena
2343 4261 2359 4287 ,
2391 4229 2446 4275 et
2470 4220 2649 4276 futuro
2681 4222 2986 4293 supplicio?
3015 4224 3142 4280 I-Izec
3167 4239 3329 4296 porro
3349 4243 3501 4282 com-

1886 4312 2119 4367 minatus
2147 4322 2250 4379 est,
2271 4327 2339 4368 ne
2363 4313 2512 4369 istzec
2537 4312 2806 4382 accidant,
2843 4315 2938 4371 sed
2966 4327 3213 4374 metuens
3243 4327 3298 4374 et
3325 4321 3502 4376 minus

1886 4414 1940 4460 et
1962 4405 2282 4474 ejectionem
2326 4405 2395 4460 ab
2447 4407 2705 4475 Ecclesia,
2762 4415 2817 4464 et
2858 4409 3158 4479 periculum
3183 4426 3249 4467 ex
3281 4413 3500 4470 vinculo

1887 4507 2124 4566 partum,
2156 4511 2257 4552 nec
2286 4512 2390 4550 non
2423 4497 2553 4553 illud
2586 4499 2640 4553 in
2675 4499 2822 4555 caelis
2851 4501 3144 4572 vinculum,
3170 4503 3502 4561 moderatior

1888 4588 1980 4653 sit,
2012 4602 2133 4642 eum
2159 4588 2275 4643 haec
2304 4588 2459 4653 sciat,
2488 4590 2588 4645 etsi
2618 4603 2723 4645 non
2769 4606 2798 4646 a
2834 4593 3120 4665 principio,
3153 4596 3218 4651 in
3255 4598 3503 4653 multitu-

1886 4682 2013 4738 dine
2046 4691 2223 4739 tamen
2246 4682 2569 4753 judiciorum
2601 4685 2735 4740 iram
2778 4686 3032 4758 deponat.
3072 4689 3280 4747 Idcirco
3308 4702 3362 4748 et
3391 4695 3502 4765 pri-

1887 4789 2034 4829 mum
2089 4783 2142 4830 et
2191 4776 2487 4831 secundum
2533 4786 2588 4832 et
2639 4778 2858 4833 tertium
2889 4782 3167 4838 constituit
3199 4784 3523 4856 judicium,

1888 4881 2062 4937 neque
2091 4868 2270 4922 statim
2308 4867 2456 4922 illum
2497 4871 2845 4939 prmsciudit,
2875 4882 2933 4927 ut
2953 4874 2997 4927 si
3031 4875 3206 4945 primo
3232 4893 3338 4934 non
3364 4881 3501 4936 obe-

1889 4957 2038 5025 diat,
2085 4957 2324 5014 secundo
2377 4960 2570 5027 cedat;
2618 4961 2701 5017 sin
2751 4963 2887 5020 illud
2939 4971 3238 5037 reSpuerit,
3284 4973 3502 5030 tertium

1889 5053 2110 5116 timeat;
2161 5052 2204 5106 si
2251 5053 2407 5121 lmjus
2465 5054 2666 5110 nullam
2711 5057 2977 5114 rationem
3020 5060 3248 5130 habeat,
3307 5080 3375 5120 ex
3418 5065 3504 5119 fu-

1888 5154 2012 5197 tum
2051 5143 2252 5212 judicio
2293 5155 2558 5201 terreatur
2583 5187 2598 5213 ,
2649 5147 2781 5204 sive-
2797 5165 2865 5204 ex
2898 5149 2990 5205 Dei
3022 5153 3290 5210 sententia
3334 5156 3506 5212 et-ul-

1894 5238 2058 5292 tione.

1964 5330 2149 5384 Preces
2203 5348 2441 5401 magnam
2477 5331 2576 5385 vim
2624 5348 2658 5385 a
2709 5335 2982 5390 concordia
3023 5345 3273 5392 mutuant.
3333 5340 3516 5410 Quare.

1893 5439 1990 5475 non
2037 5439 2236 5492 semper
2285 5424 2638 5477 exaudiamur.
2689 5427 2892 5482 Amoris
2927 5446 3045 5500 erga
3077 5434 3364 5500 proximum
3392 5452 3507 5503 qum

1893 5533 2049 5568 causa
2093 5532 2199 5569 esse
2238 5515 2432 5569 debeat.
2467 5518 2720 5571 Amicitia:
2770 5521 3010 5575 humana:
3054 5524 3271 5579 uanitas.
3305 5526 3508 5580 Amoris

1892 5608 2170 5662 Christiani
2195 5610 2344 5661 ratio.
2366 5640 2434 5648 —
2455 5610 2540 5664 19.
2574 5608 2599 5662 1
2609 5621 2772 5666 terum
2801 5622 2968 5666 autem
2993 5615 3106 5668 dico
3132 5615 3290 5682 vobis,
3323 5619 3441 5686 quia
3464 5620 3509 5672 si

1898 5699 1994 5755 duo
2012 5717 2074 5754 cx
2096 5700 2230 5754 vobis
2253 5703 2593 5756 consenserint
2611 5720 2763 5770 super
2790 5713 2997 5768 terram,
3019 5706 3082 5759 de
3097 5709 3236 5762 omni
3260 5725 3313 5760 re
3329 5725 3508 5778 quam-

1929 5860 1975 5968 [ξ
2014 5868 2082 5910 sit:
2110 5858 2247 5913 taxil.
2281 5871 2331 5911 et
2357 5867 2546 5918 ttss.;at
2572 5861 2756 5925 Morel,
2783 5869 2826 5914 ct
2852 5877 2945 5915 non
2971 5863 3070 5916 alio
3095 5871 3253 5929 modo,
3283 5880 3389 5929 pro,
3412 5879 3514 5924 τισι.

1950 5936 2063 5968 t..:n.

1895 5935 1964 5969 all
1977 5936 2063 5969 ,.;›ι.
