4040 6438
564 409 667 468 587

557 544 769 598 cunisque
795 515 1045 598 petierint,
1085 532 1170 591 pet
1198 520 1268 575 eis
1292 535 1324 574 α
1350 517 1508 574 Patre
1534 533 1644 573 meo
1679 517 1766 588 qui
1792 517 1845 570 in
1873 517 2011 571 ca'tis
2039 523 2129 570 cst.

1353 404 1408 460 S.
1441 402 1717 460 JOANNIS
1753 397 2224 457 CHRYSOSTOMI
2259 399 2568 458 ARCillEP.
2612 402 3144 463 CONSTANTLVOP.

3716 405 3822 468 588

2238 523 2452 586 propter
2474 515 2773 583 Christum;
2793 519 2914 575 ideo
2931 521 3174 591 quamvis
3193 535 3297 576 non
3322 528 3523 577 tantum
3544 532 3825 578 amaretur

557 621 646 674 ‘20.
683 617 780 674 ωε
806 619 937 671 enim
957 613 1144 686 fuerim
1167 611 1271 666 duo
1296 611 1372 665 eet
1397 622 1497 665 tres
1530 609 1816 680 congregati
1853 607 1910 662 in
1935 608 2135 661 nomine
2233 614 2487 674 quantum
2509 609 2754 674 amabat,
2786 624 2889 665 non
2916 610 3164 666 dissolvit
3210 612 3506 677 caritatem,
3533 612 3662 683 quia
3693 614 3823 667 rati.

558 723 686 776 sieo,
711 710 777 764 ibi
795 723 904 763 sum
920 709 972 760 in
1001 704 1162 759 medio
1181 719 1371 758 eorum.
1406 699 1589 756 Viden‘
1614 698 1879 771 quomodo
1907 698 2124 753 aliunde

557 787 714 861 etiam
741 802 910 858 solvat
945 797 1280 864 inimicitias,
1322 794 1623 851 simultates
1670 793 1838 858 tollat,
1862 799 1918 847 et
1942 800 2125 846 mutuo

551 896 772 966 jungat,
801 905 907 956 non
929 897 1130 944 tantum
1154 902 1220 944 ex
1250 887 1438 941 timore
1453 884 1563 954 jam
1593 883 1716 939 dicti
1740 882 2004 953 supplicii,
2035 879 2128 936 sed

559 988 715 1042 etiam
737 995 804 1040 ex
832 984 986 1038 bouis
1025 995 1120 1053 per
1153 981 1426 1037 caritatem
1473 978 1655 1049 partis.
1685 975 1820 1032 Nam
1853 985 2126 1048 postquam

559 1075 906 1131 eontentiosis
947 1073 1038 1128 ilia
1064 1073 1418 1128 comminatus
1441 1079 1541 1136 est,
1572 1068 1658 1124 hic
1687 1083 1874 1138 magna
1901 1081 2124 1124 concor-

554 1169 657 1222 dize
684 1167 901 1236 prauuia
923 1164 1131 1228 statuit,
1151 1162 1410 1232 siquidem
1438 1161 1496 1227 ii,
1537 1159 1629 1231 qui
1676 1169 1860 1215 mutuo
1903 1158 2042 1214 inter
2068 1172 2128 1214 se

550 1258 914 1320 consentiunt,
931 1270 962 1307 s
989 1251 1145 1308 Patre
1183 1253 1470 1322 impetrant
1493 1248 1635 1322 quod
1658 1256 1865 1320 petunt,
1895 1255 1950 1303 et
1974 1246 2129 1304 Chri-

551 1348 754 1402 stumiu
772 1344 1174 1402 mediohabent.
1193 1345 1275 1399 Au
1295 1357 1554 1414 nusquam
1573 1341 1679 1397 duo
1694 1351 1877 1397 mutuo
1895 1354 2125 1396 consen-

553 1441 750 1493 tientes
772 1436 934 1492 sunt?
960 1434 1135 1490 Multis
1164 1434 1218 1489 in
1251 1433 1384 1490 locis
1407 1433 1606 1503 utique,
1628 1431 1737 1487 imo
1760 1429 1893 1486 forte
1908 1430 2122 1507 ubique.

554 1526 833 1595 Quomodo
891 1526 1051 1596 igitur
1080 1539 1184 1579 non
1223 1523 1403 1579 omnia
1431 1521 1756 1592 impetrant?
1786 1520 1919 1588 Quia
1948 1520 2128 1574 multm

551 1629 678 1675 sunt
724 1629 898 1676 causa
920 1631 1027 1671 non
1077 1614 1414 1687 impetrandi.
1460 1613 1590 1669 Nam
1642 1625 1784 1683 saepe
1805 1612 1893 1668 illa
1942 1619 2128 1681 petunt

553 1721 673 1781 qua:
697 1707 991 1765 concedere
1019 1721 1123 1761 non
1146 1705 1380 1776 expedit.
1421 1703 1638 1774 Ecquid
1665 1702 1896 1768 miraris,
1937 1702 1982 1757 si
2034 1701 2125 1757 alii

555 1813 668 1855 non
711 1801 1012 1869 impetrent,
1044 1795 1257 1866 quando
1287 1794 1481 1849 Paulus
1503 1793 1664 1850 etiam
1694 1793 1747 1848 id
1781 1807 1968 1864 passus
2007 1799 2126 1859 est,

553 1907 674 1948 eum
695 1880 895 1946 audivit
919 1908 934 1944 :
964 1888 1158 1958 Suﬁcit
1185 1886 1274 1941 tibi
1304 1889 1469 1956 gratia
1488 1899 1636 1949 mea,
1655 1884 1814 1939 uirtus
1853 1883 1985 1938 enim
2018 1897 2127 1937 mea

551 1985 613 2040 in
639 1983 954 2052 inﬁrmitate
972 1979 1246 2051 perﬁcitur
1262 1975 1339 2047 (2.
1358 1974 1484 2033 Cor.
1504 1973 1693 2044 12.9)!
1711 1961 1819 2028 sui
1835 1971 1910 2026 illi
1925 1972 2018 2042 qui
2040 1986 2126 2040 pe-

558 2081 680 2128 tunt
698 2085 805 2126 non
822 2070 971 2140 digni
988 2075 1118 2127 sunt
1138 2068 1209 2123 iis
1223 2064 1549 2138 cquipsrari
1570 2064 1663 2135 qui
1682 2063 1796 2120 haec
1815 2063 2126 2129 audierunt,

558 2177 660 2221 nec
675 2178 743 2219 ex
764 2177 822 2219 se
839 2161 1078 2218 slerunt
1096 2174 1162 2216 es
1173 2174 1296 2230 qua
1311 2164 1700 2228 competerent;
1720 2154 1837 2225 ipse
1851 2167 1978 2208 vero
1990 2167 2126 2223 apo-

559 2256 826 2317 stolorum
844 2251 1056 2310 similes
1074 2250 1339 2321 requirit:
1363 2248 1488 2303 ideo
1517 2245 1616 2312 ait,
1633 2241 1717 2298 Ea:
1740 2241 1904 2310 vobis,
1926 2242 2130 2298 virtute

560 2344 830 2416 praditis,
847 2341 944 2415 qui
975 2338 1274 2412 angelicam
1299 2338 1465 2394 vitam
1496 2332 1786 2391 cahibetis.
1807 2332 1918 2389 Aut
1937 2342 2129 2389 contra

562 2437 822 2493 ludentes
839 2447 902 2492 se
929 2441 1250 2505 precantur,
1275 2429 1536 2486 ultionem
1558 2435 1614 2483 et
1630 2424 1954 2498 supplicium
1984 2424 2130 2496 ipso-

567 2542 687 2584 rum
722 2525 1088 2596 postulantes,
1117 2522 1172 2577 id
1197 2520 1344 2592 quod
1371 2528 1458 2576 est
1486 2517 1851 2590 prohibitum:
1873 2531 2001 2571 nam
2029 2516 2130 2580 ait,

559 2615 864 2674 Precamini
876 2613 1213 2685 proininticis
1226 2611 1408 2666 vestris
1425 2607 1586 2677 (lat.
1605 2608 1659 2662 5.
1681 2606 1794 2678 Η).
1805 2605 1909 2661 Aut
1927 2607 2045 2661 sine
2056 2605 2134 2660 ul-

560 2710 611 2764 la
625 2698 1690 2780 peuitentiapeecantesmisericordiam
1705 2707 1913 2768 petunt,
1924 2712 2045 2767 qua:
2056 2704 2137 2752 ta-

562 2815 688 2856 men
699 2813 806 2855 non
819 2796 1307 2868 impetraripotest,
1322 2806 1430 2848 non
1445 2790 1607 2847 modo
1630 2790 1738 2846 illis
1758 2787 2132 2860 precantibus,

563 2890 660 2948 sed
677 2890 842 2946 etiam
862 2888 974 2943 alio
987 2901 1051 2941 ex
1077 2885 1149 2941 iis
1175 2884 1267 2955 qui
1296 2882 1437 2953 apud
1458 2881 1629 2937 Deum
1655 2879 1906 2936 fiduciam
1928 2878 2134 2934 habent

565 2998 666 3052 pro
699 2979 832 3052 ipsis
857 2979 1199 3050 postulante:
1232 2971 1695 3045 quemadmodum
1724 2969 1991 3026 Jercmias
2004 2985 2132 3025 cum

559 3071 881 3141 prohdcis
896 3073 1233 3139 precaretur,
1253 3062 1494 3118 audivit:
1518 3061 1570 3115 Ν
1573 3061 1648 3116 oti
1665 3077 1818 3142 orare
1827 3077 1923 3127 pro
1934 3060 2130 3132 populo

557 3153 678 3219 hoc,
716 3151 835 3220 quia
883 3165 984 3203 non
1023 3158 1073 3204 te
1107 3147 1377 3202 exaudiam
1427 3144 1578 3216 (Jer.
1625 3145 1712 3200 ll.
1754 3143 1884 3214 li).
1913 3144 1971 3202 Si
2002 3160 2130 3204 vero

560 3252 750 3299 cuneta
772 3241 964 3307 adsint,
991 3247 1048 3296 et
1068 3239 1216 3294 utilia
1243 3246 1414 3308 petas,
1458 3235 1704 3309 quodque
1735 3250 1900 3309 penes
1954 3245 2008 3293 te
2049 3246 2132 3294 est

557 3333 770 3399 alteras,
789 3331 956 3387 vitam
977 3329 1141 3386 ducas
1164 3327 1533 3400 apostolicam,
1557 3327 1897 3383 concordiam
1923 3337 1978 3382 et
1995 3329 2134 3383 cari-

558 3432 725 3480 tatem
750 3436 876 3493 erga
901 3421 1199 3490 proximum
1225 3431 1428 3482 serves,
1451 3418 1714 3488 postulata
1741 3417 2083 3488 consequeris
2115 3435 2128 3470 :

559 3513 817 3584 benignus
844 3511 1041 3582 quippe
1071 3517 1158 3566 est
1181 3507 1458 3566 Dominus.

626 3603 683 3661 '5.
715 3602 922 3660 Deinde
941 3602 1061 3673 quia
1083 3599 1235 3665 dixit,
1281 3599 1326 3653 Α
1352 3596 1509 3653 Patre
1539 3610 1684 3663 meo,
1713 3605 1772 3651 ut
1801 3594 2046 3652 ostendat
2073 3609 2131 3650 sc

559 3710 792 3767 quoque,
820 3703 922 3750 nec
945 3693 1110 3749 modo
1131 3691 1367 3752 Patrem.
1417 3689 1680 3760 postulata
1701 3687 1946 3743 daturum
1972 3701 2094 3742 esse
2110 3727 2132 3753 ,

557 3785 833 3858 subiunxit
851 3803 874 3839 λς
902 3783 1003 3842 tibi
1025 3781 1274 3838 enirntiuo
1301 3781 1377 3836 oet
1417 3787 1519 3836 tres
1565 3778 1847 3852 congregati
1865 3777 2051 3847 fuerint
2080 3778 2133 3831 in

560 3879 761 3937 contine
790 3889 925 3944 meo,
962 3874 1070 3930 illic
1110 3873 1311 3929 uin—in
1350 3869 1516 3926 medio
1541 3884 1740 3926 eorum.
1769 3868 1906 3938 Quid
1929 3869 2131 3940 igitur?

562 3983 738 4026 nonne
783 3974 909 4024 sunt
942 3965 1048 4021 duo
1077 3963 1165 4019 vel
1186 3973 1298 4019 tres
1320 3961 1624 4032 congregati
1655 3960 1710 4016 in
1743 3960 1959 4016 nomine
1975 3960 2092 4030 ejus
2110 3960 2138 4015 l

561 4061 698 4118 Sunt
739 4057 979 4131 quidem,
1029 4054 1122 4112 sed
1150 4068 1294 4110 raro.
1322 4051 1440 4108 Non
1461 4051 1605 4107 enim
1622 4051 1691 4106 de
1712 4058 1976 4106 conventu
1999 4051 2131 4105 sim-

565 4150 774 4220 pliciter
799 4147 949 4214 dicit,
981 4159 1153 4219 neque
1182 4142 1287 4199 hoc
1313 4147 1517 4198 tautttm
1545 4140 1809 4210 postulat;
1834 4140 1929 4196 sed
1946 4141 2129 4205 etiam,

564 4249 624 4297 ut
646 4253 814 4310 supra
846 4237 955 4292 dixi
980 4244 998 4301 ,'
1025 4234 1164 4290 alias
1184 4245 1395 4303 quoque
1420 4229 1662 4286 virtutes.
1709 4229 1910 4285 Deinde
1951 4240 2005 4283 ut
2031 4228 2134 4285 hoc

563 4333 736 4401 ipsum
759 4341 880 4383 cum
906 4338 1094 4394 magna
1150 4319 1485 4377 accuratioue
1523 4327 1687 4390 petat.
1727 4318 1858 4374 Nam
1884 4318 2026 4388 quod
2049 4318 2131 4372 di-

562 4424 668 4490 cit,
695 4416 998 4491 huiusmodi
1029 4423 1112 4471 est
1143 4432 1155 4469 :
1179 4414 1234 4472 Si
1274 4412 1394 4484 quis
1418 4426 1511 4469 me
1548 4411 1775 4482 priorem
1802 4426 2015 4467 causam
2041 4411 2134 4466 ha-

564 4515 689 4570 beat
729 4509 930 4565 amoris
955 4522 1086 4577 erga
1127 4503 1446 4576 proximum,
1490 4516 1612 4558 eum
1650 4501 1743 4557 illo
1768 4515 1886 4568 ero,
1927 4503 1972 4557 si
2002 4502 2134 4558 alias

563 4615 772 4675 quoque
791 4601 1018 4655 virtutes
1033 4594 1319 4668 possideat.
1342 4592 1492 4649 Nune
1512 4601 1689 4649 autem
1710 4592 1969 4663 plurimos
1989 4593 2135 4650 vide-

568 4708 686 4750 mus
708 4731 726 4758 ,
752 4690 841 4762 qui
882 4689 1015 4745 alias
1044 4687 1290 4742 amicitiis
1334 4699 1525 4741 causas
1570 4684 1784 4741 habent.
1815 4685 1963 4740 Alius
1991 4686 2132 4741 enim

565 4784 690 4855 quia
737 4789 943 4836 amatur
961 4788 1127 4844 amat;
1172 4778 1308 4834 alius
1350 4777 1473 4848 quia
1520 4776 1809 4833 honoratus
1837 4778 1970 4844 fuit;
1998 4779 2134 4833 alius

568 4874 692 4944 quia
723 4871 775 4926 in
801 4871 977 4941 aliquo
1002 4869 1244 4926 maculari
1261 4867 1472 4938 negotio
1498 4867 1754 4937 quispiam
1774 4869 1823 4923 ei
1841 4869 1982 4924 utilis
2001 4867 2130 4935 fuit;

565 4965 703 5019 alios
727 4960 976 5025 obaliam
1004 4958 1227 5014 similem
1251 4973 1502 5024 causam;
1542 4966 1598 5012 at
1641 4957 1856 5014 difﬁcile
1875 4969 1956 5014 est
1979 4975 2134 5030 repe-

568 5056 677 5110 rire
704 5050 1012 5125 quempiam
1038 5049 1128 5120 qui
1177 5050 1473 5120 proximum
1520 5056 1737 5120 propter
1784 5050 2051 5106 Christum
2079 5063 2137 5107 ut

570 5150 784 5216 oportet
805 5151 967 5199 amet.
1002 5140 1217 5195 Plurimi
1237 5141 1376 5195 enim
1403 5141 1747 5198 sacularibus
1770 5143 1994 5212 negotiis
2020 5159 2138 5198 mu-

571 5247 661 5293 tuo
686 5235 842 5290 vincti
862 5241 1006 5293 sunt.
1040 5231 1234 5288 Verum
1263 5247 1368 5287 non
1416 5231 1611 5288 Paulus
1651 5233 1731 5290 sic
1770 5234 2018 5302 amabat,
2045 5235 2141 5290 sed

2232 696 2356 751 dam
2379 699 2575 753 amoris
2607 699 2839 755 radicem
2865 700 3088 772 iecerat.
3117 704 3186 758 At
3213 718 3355 761 nunc
3376 717 3462 760 res
3505 717 3613 758 non
3642 705 3714 760 ita
3761 720 3824 760 se

2231 787 2388 844 habet
2415 808 2430 844 :
2461 790 2554 846 sed
2581 791 2625 847 si
2655 793 2834 847 munia
2856 793 3197 863 exploremus
3217 836 3235 861 ,
3267 794 3407 866 apud
3447 795 3644 850 multos
3671 792 3821 850 inve-

2229 881 2440 938 niemus
2464 883 2713 938 amicitia:
2734 899 2922 940 causas
2949 885 3110 956 longe
3139 884 3400 943 diversas.
3432 884 3582 954 Quod
3620 886 3668 940 si
3699 885 3824 956 quis

2229 971 2358 1026 mihi
2383 974 2702 1031 concederet
2732 977 2782 1031 in
2813 984 2956 1031 tanta
2983 977 3320 1035 multitudine
3339 993 3451 1034 rem
3472 978 3786 1034 examinare
3804 1019 3821 1046 ,

2230 1062 2574 1120 ostenderem
2601 1065 2795 1122 multos
2823 1067 3168 1123 smcularibus
3196 1067 3264 1122 de
3288 1068 3464 1125 causis
3493 1079 3681 1124 mutuo
3725 1067 3812 1123 de

2226 1154 2442 1211 vinctos
2465 1171 2606 1212 esse.
2626 1155 2683 1213 Id
2706 1158 2846 1230 quod
2869 1159 3030 1214 etiam
3059 1159 3396 1216 manifestum
3419 1169 3581 1216 estex
3611 1161 3676 1215 iis
3697 1175 3824 1230 qua

2227 1245 2617 1303 inimicitiarum
2645 1263 2819 1304 causae
2844 1257 2986 1303 sunt.
3013 1249 3148 1318 Quia
3189 1264 3256 1304 ex
3295 1249 3452 1305 ﬂuxis
3499 1247 3813 1320 hnjusmodi

2226 1337 2392 1394 rebus
2418 1347 2605 1395 mutuo
2631 1339 2862 1396 devincti
2891 1350 3049 1406 sunt,
3079 1341 3202 1397 hinc
3233 1341 3291 1396 lit
3317 1351 3373 1397 ut
3397 1357 3496 1397 nec
3515 1341 3817 1407 ferventer,

2229 1443 2326 1484 nec
2350 1439 2605 1500 perpetuo
2631 1432 2930 1488 vinciantur
2959 1455 2976 1490 :
3003 1433 3097 1489 sed
3126 1435 3208 1489 vel
3232 1434 3574 1502 contumelia,
3603 1435 3685 1490 vel
3717 1449 3818 1505 pe-

2227 1520 2498 1577 cuniarum
2530 1521 2933 1590 detrimentum,
2973 1524 3057 1580 vel
3088 1524 3308 1593 invidia,
3334 1525 3419 1580 vel
3449 1540 3596 1580 vana
3618 1524 3812 1595 gloria

2226 1628 2395 1680 amor,
2426 1614 2510 1670 vel
2535 1614 2662 1685 quid
2687 1617 2896 1680 simile,
2929 1617 2974 1672 si
2994 1616 3232 1679 accidat,
3283 1614 3575 1672 amicitiam
3617 1615 3807 1671 solvit.

2225 1702 2339 1759 Non
2366 1704 2509 1759 enim
2545 1705 2874 1774 spiritualem
2901 1705 3104 1761 invenit
3149 1705 3404 1762 radicem.
3451 1704 3580 1774 Quae
3617 1705 3664 1762 si
3692 1705 3821 1761 talis

2225 1802 2398 1861 esset,
2429 1795 2570 1850 nulla
2612 1797 2946 1852 sazcularium
2993 1812 3172 1853 rerum
3209 1797 3502 1867 spiritualia
3548 1797 3818 1856 solveret.

2225 1885 2430 1941 Caritas
2451 1889 2592 1942 enim
2640 1902 2738 1955 ea,
2777 1904 2896 1959 qua:
2923 1898 3138 1959 propter
3170 1886 3439 1944 Christum
3463 1895 3581 1953 est,
3625 1887 3816 1952 firma,

2226 1976 2428 2032 stabilis
2452 1976 2749 2048 invictaque
2775 1986 2880 2041 est,
2910 1977 3147 2049 nihilque
3163 1979 3308 2034 illam
3329 1977 3524 2050 poterit
3547 1977 3814 2043 avellere,

2228 2080 2333 2122 non
2369 2066 2670 2134 calumniae,
2701 2083 2806 2123 non
2834 2068 3090 2138 pericula,
3119 2081 3227 2124 non
3252 2077 3474 2136 mortes,
3510 2081 3622 2123 non
3666 2066 3823 2124 aliud

2227 2156 2350 2227 quid
2376 2157 2567 2212 simile.
2595 2157 2815 2212 Etiamsi
2840 2158 2983 2213 enim
3009 2156 3199 2230 quisic
3216 2166 3361 2213 amat
3382 2171 3650 2221 aerumnas
3667 2157 3822 2212 mille

2233 2249 2528 2311 pateretur,
2548 2257 2664 2298 non
2683 2241 2984 2308 desisteret,
3003 2257 3224 2299 mnum
3247 2245 3455 2300 amoris
3487 2245 3571 2302 sui
3586 2245 3824 2317 semper

2233 2329 2305 2386 ob
2318 2329 2506 2386 oculos
2532 2329 2759 2386 habens.
2777 2328 2912 2385 Nam
2925 2333 3017 2402 qui
3035 2342 3183 2388 amat
3196 2341 3257 2389 ut
3273 2343 3510 2401 ametur,
3529 2333 3576 2389 si
3591 2335 3726 2405 quid
3749 2337 3831 2390 iu-

2233 2430 2446 2491 gratum
2466 2420 2689 2483 viderit.
2707 2419 2872 2475 solvit
2884 2435 3124 2478 amorem
3146 2440 3160 2476 :
3181 2423 3276 2494 qui
3301 2437 3432 2479 vero
3450 2423 3574 2479 Inde
3598 2425 3825 2481 vinctus

2233 2519 2340 2577 est,
2359 2525 2638 2581 nunquam
2673 2493 2936 2566 discédet.
2961 2509 3086 2566 ideo
3102 2493 3308 2569 Paulus
3330 2513 3549 2570 dicebat
3569 2533 3583 2568 :
3603 2514 3830 2572 Caritas

2234 2616 2518 2671 numquam
2534 2598 2735 2655 excidit
2750 2599 2797 2669 (l
2811 2596 2957 2655 .Cor.
2981 2601 3068 2656 i5.
3084 2601 3313 2671 8).Quid
3332 2603 3480 2659 enim
3497 2604 3680 2660 dicere
3693 2617 3828 2678 pos-

2230 2695 2346 2751 sis?
2378 2711 2446 2751 an
2487 2695 2632 2766 quod
2679 2694 2973 2751 honoratus
3001 2703 3053 2751 te
3080 2694 3403 2752 contumelia
3425 2694 3705 2752 atl‘ecerit?
3734 2694 3825 2752 vel

2228 2784 2369 2856 quod
2395 2785 2651 2841 beneﬁcio
2671 2783 2916 2851 allectus,
2969 2792 3022 2840 te
3058 2783 3308 2840 occidere
3337 2783 3608 2841 voluerit?
3641 2783 3750 2841 Sed
3776 2785 3825 2841 si

2230 2884 2446 2946 propter
2471 2873 2742 2931 Christum
2785 2874 2996 2944 diligis,
3049 2873 3102 2930 id
3134 2883 3186 2929 te
3225 2873 3295 2929 ad
3323 2873 3582 2944 majorem
3611 2873 3824 2932 inducit

2231 2969 2530 3024 caritatem.
2552 2967 2684 3023 Nam
2711 2983 2830 3036 quae
2851 2967 2905 3023 in
2932 2967 3051 3023 aliis
3068 2967 3411 3025 dilectionem
3439 2975 3712 3036 evertunt,
3737 2967 3829 3024 hic

2230 3059 2372 3118 illam
2407 3060 2711 3116 conciliant.
2752 3059 3070 3128 Quomodo?
3095 3058 3297 3125 Primo,
3343 3060 3468 3130 quia
3515 3059 3640 3115 talis
3662 3059 3828 3116 homo

2232 3148 2498 3205 mercedis
2529 3149 2622 3204 tibi
2651 3163 2811 3204 causa
2862 3157 2980 3214 est;
3030 3147 3288 3216 secundo,
3335 3148 3459 3219 quia
3499 3147 3590 3204 ille
3633 3148 3827 3220 majori

2230 3247 2349 3310 eget
2377 3227 2480 3308 ope
2508 3247 2561 3294 et
2586 3237 2911 3294 ministerio.
2935 3237 3136 3294 Idcirco
3165 3238 3254 3310 qui
3291 3238 3371 3294 sic
3397 3246 3565 3307 amat,
3593 3255 3703 3295 non
3731 3253 3828 3311 ge-

2233 3342 2334 3384 nus
2358 3325 2616 3398 explorat,
2665 3341 2773 3384 non
2820 3328 3070 3398 patriam,
3111 3343 3218 3392 non
3246 3321 3482 3394 divitias,
3514 3343 3622 3385 non
3649 3337 3824 3401 quan-

2233 3427 2342 3475 tum
2394 3417 2719 3487 redamctur,
2764 3432 2871 3476 non
2918 3419 3062 3476 aliud
3115 3419 3292 3476 simile
3333 3417 3606 3490 quidpiam
3660 3438 3675 3474 :
3725 3419 3824 3476 sed

2233 3509 2439 3565 etiamsi
2464 3508 2587 3565 odio
2610 3510 2892 3577 habeatur,
2941 3509 3152 3566 etiarnsi
3180 3509 3504 3565 contumelia
3523 3509 3826 3575 atllciatur,

2231 3601 2436 3658 etiamsi
2489 3600 2793 3667 occidatur,
2863 3601 2920 3656 in
2963 3614 3148 3658 amore
3190 3609 3529 3672 perseverat,
3575 3599 3827 3656 idoneam

2233 3693 2435 3749 habens
2463 3691 2674 3748 amandi
2701 3705 2917 3747 causam
2940 3733 2955 3757 ,
2981 3705 3218 3748 amorem
3247 3691 3445 3748 Christi
3466 3707 3481 3746 :
3500 3701 3828 3762 quapropter

2234 3783 2301 3838 ad
2331 3783 2476 3838 illum
2502 3782 2797 3854 respiciens
2818 3790 2924 3838 stat
2948 3781 3105 3848 fixus,
3131 3781 3338 3848 ﬁrmus,
3363 3780 3678 3837 immobilis.
3694 3779 3834 3839 Nam

2234 3867 2478 3926 Christus
2507 3871 2582 3928 sic
2607 3870 2794 3926 dilexit
2825 3870 3090 3935 inimicos,
3110 3869 3367 3942 ingratos,
3387 3869 3830 3945 contumeliosos.

2238 3961 2600 4033 blasphemos,
2647 3975 2708 4017 se
2736 3960 2996 4026 odientes,
3027 3973 3122 4017 eos
3148 3961 3239 4030 qui
3283 3975 3353 4016 ne
3399 3960 3676 4032 respicere
3700 3961 3830 4031 qui-

2235 4053 2356 4111 dem
2381 4054 2530 4110 illum
2556 4053 2907 4119 sustinebant,
2931 4053 3018 4124 qui
3049 4052 3188 4124 ligna
3216 4060 3272 4109 et
3299 4051 3504 4124 lapides
3543 4050 3645 4122 ipsi
3671 4060 3830 4108 ante-

2237 4145 2539 4215 ponebant;
2568 4143 2667 4200 hos
2692 4144 2876 4200 dilexit
2903 4158 3155 4215 suprema
3179 4142 3432 4210 caritate,
3461 4145 3546 4200 cui
3595 4158 3695 4216 par
3740 4143 3832 4199 iu-

2239 4237 2404 4294 reniri
2432 4237 2636 4308 nequit.
2665 4236 2797 4292 Nam
2825 4236 2900 4291 ait
2927 4253 2942 4290 :
2972 4235 3229 4307 Majorem
3271 4236 3367 4289 Itac
3391 4236 3652 4290 caritatem
3678 4252 3832 4290 nemo

2239 4328 2418 4395 habet,
2466 4337 2522 4380 ut
2560 4329 2785 4381 animam
2824 4343 2969 4382 suam
3010 4337 3166 4398 ponat
3205 4328 3315 4398 quis
3363 4343 3457 4397 pro
3493 4327 3672 4382 amicis
3725 4329 3835 4383 suis

2241 4419 2433 4493 (Joan.
2467 4420 2550 4475 l5.
2580 4419 2702 4489 15).
2752 4417 2875 4474 illos
2913 4433 3040 4474 vero
3081 4418 3170 4488 qui
3217 4418 3388 4489 ipsum
3416 4419 3828 4482 cruciﬁxemnt,

2237 4511 2432 4585 quique
2459 4519 2605 4565 tanto
2647 4510 2825 4564 lurore
2864 4517 3047 4565 contra
3092 4511 3266 4581 ipsum
3311 4509 3664 4576 insanierunt,
3709 4510 3836 4568 vide

2237 4612 2491 4673 quantum
2521 4611 2690 4657 curet.
2743 4600 2876 4656 Nam
2928 4601 3139 4656 Patrem
3178 4601 3474 4671 alloquens,
3520 4602 3598 4657 sic
3629 4602 3700 4658 de
3727 4603 3832 4658 illis

2239 4693 2314 4748 ait
2345 4710 2359 4746 :
2385 4691 2596 4744 Dimitte
2623 4690 2762 4756 illis;
2788 4691 3012 4746 nesciunt
3040 4691 3170 4746 enim
3191 4692 3309 4758 quid
3330 4693 3520 4762 faciunt
3542 4690 3708 4763 (Luc.
3734 4692 3831 4748 23.

2239 4783 2373 4855 54).
2410 4782 2707 4854 Discipulos
2735 4796 2943 4853 quoque
2974 4791 3157 4853 postea
3193 4781 3260 4837 ad
3301 4783 3445 4852 ipsos
3486 4783 3652 4839 misit.
3683 4782 3832 4841 Hanc

2243 4874 2400 4945 igitur
2425 4887 2522 4928 nos
2549 4887 2758 4943 quoque
2785 4874 3060 4928 caritatem
3103 4873 3391 4940 imitemur,
3415 4883 3470 4928 et
3489 4873 3628 4929 hanc
3653 4876 3830 4945 respi-

2243 4964 2462 5028 ciamus,
2493 4973 2551 5018 ut
2579 4964 2871 5018 imitatores
2899 4963 3094 5020 Christi
3125 4963 3321 5029 ell‘ecti,
3344 4973 3396 5019 et
3425 4963 3539 5020 haec
3570 4973 3624 5019 et
3653 4964 3834 5023 futura

2250 5055 2384 5110 bona
2415 5070 2820 5126 consequamur,
2845 5056 3016 5125 gratia
3047 5064 3103 5111 et
3125 5055 3450 5125 benignitate
3480 5055 3693 5111 Domini
3734 5074 3830 5111 no.

2245 5146 2487 5202 striJesu
2518 5146 2738 5212 Christi,
2782 5149 2866 5202 cui
2900 5147 3065 5219 gloria
3110 5155 3166 5203 et
3199 5148 3480 5218 imperium
3530 5149 3582 5204 in
3635 5165 3695 5206 sa
3713 5152 3835 5206 cuin

2246 5239 2578 5294 saculorum.
2621 5239 2811 5293 Amen.

3763 5395 3826 5408 ᾔ

1793 5459 2140 5522 HOMILIA
2178 5462 2343 5524 LXI.
2389 5463 2481 5525 al.
2521 5463 2719 5525 LXII.

577 5614 703 5672 Car.
736 5614 821 5668 i8.
852 5628 906 5667 ν.
934 5615 1024 5668 21.
1059 5611 1196 5667 Time
1235 5611 1473 5665 accedens
1522 5610 1592 5662 ad
1634 5610 1774 5663 illum
1830 5608 2010 5664 Petrus
2058 5609 2140 5663 di-

644 5707 719 5761 xit
744 5721 762 5758 :
798 5704 1012 5759 Domine
1032 5745 1046 5769 ,
1073 5704 1260 5773 quoties
1290 5700 1508 5770 peccabit
1532 5701 1584 5753 in
1611 5715 1689 5754 me
1716 5703 1870 5770 frater
1898 5717 2032 5753 meus
2054 5743 2066 5764 ,
2098 5710 2147 5752 et

651 5800 900 5854 dimittam
925 5798 1008 5854 ei!
1035 5811 1188 5866 usque
1213 5793 1426 5864 septies?
1455 5792 1544 5846 2‘3.
1579 5790 1712 5846 Dicit
1739 5793 1782 5845 ei
1808 5793 1955 5847 J-csus
1975 5835 1988 5860 ,
2026 5790 2147 5846 Non

2317 5613 2428 5666 dico
2472 5613 2558 5666 tibi
2582 5629 2736 5684 usque
2764 5612 2943 5680 septies
2967 5651 2982 5676 ,
3010 5616 3098 5665 sed
3123 5627 3277 5681 usque
3303 5612 3580 5682 septuagies
3620 5611 3820 5682 septies,

2321 5699 2368 5750 l.
2393 5696 2632 5766 Magnum
2656 5695 2782 5766 quid
2803 5711 2860 5750 se
2880 5695 3061 5749 dicere
3083 5697 3300 5764 putabat
3322 5694 3533 5756 Petrus,
3561 5695 3681 5750 ideo
3703 5712 3830 5766 qua-

2251 5788 2300 5841 si
2322 5803 2441 5842 rem
2474 5788 2736 5858 ingentem
2780 5795 3020 5842 statuens
3064 5786 3271 5844 intulit:
3310 5785 3479 5856 thue
3515 5787 3741 5856 septies?
3772 5790 3835 5844 Id
