4040 6422
248 420 350 475 53E)

248 534 389 605 quod
417 533 591 589 facere
617 529 821 602 jussisti
843 571 867 595 ,,
893 524 1099 596 inquit,
1130 523 1340 593 quoties
1368 518 1602 575 faciam?
1631 515 1761 570 Nam
1790 512 1834 567 si

248 642 463 696 semper
507 623 841 696 peccaverit,
896 631 1145 688 saepeque
1188 614 1420 667 monitus
1462 606 1834 681 paenitentiam

248 718 451 788 egerit,
486 716 694 787 quoties
723 714 836 767 htec
863 726 961 765 nos
991 709 1219 763 tolerare
1246 703 1441 775 jubcs?
1470 702 1548 756 Illi
1575 699 1718 755 enim
1746 696 1837 767 qui

249 822 350 861 nec
372 806 736 878 paenitentiam
759 804 888 873 agit,
912 816 1011 855 nec
1028 800 1260 868 seipsnm
1283 795 1523 857 damnat,
1549 791 1837 846 terminum

250 901 509 970 posuisti,
540 897 723 952 dicens
748 913 761 949 :
804 895 886 950 Sit
912 893 1001 947 tibi
1027 890 1175 962 quasi
1201 889 1429 943 ethnicus
1459 894 1506 939 et
1536 883 1838 953 publicanus

249 992 461 1063 (Matth.
485 991 568 1045 18.
590 991 709 1061 17);
734 989 855 1043 huic
876 1001 1005 1041 vero
1031 999 1135 1040 non
1163 984 1312 1048 item,
1337 980 1429 1036 sed
1451 980 1659 1050 jussisti
1685 980 1835 1032 illum

249 1086 476 1141 admitti.
501 1084 721 1153 Quoties
746 1082 906 1153 igitur
929 1081 1102 1150 ipsum
1130 1077 1298 1133 feram
1321 1075 1623 1131 convictum
1646 1082 1699 1129 et
1724 1069 1838 1142 pot-

250 1177 546 1232 nitentem?
567 1175 828 1230 sollicitae
873 1187 1041 1241 usque
1083 1169 1313 1239 septies?
1340 1169 1475 1236 Quid
1497 1167 1658 1239 igitur
1679 1166 1837 1222 Chri-

250 1278 365 1323 sms
391 1268 653 1333 benignus
679 1265 770 1320 ille
800 1271 854 1319 et
882 1262 1057 1317 bonus
1134 1262 1281 1317 Deus
1310 1261 1327 1292 ¹
1354 1259 1379 1313 ?
1456 1258 1579 1314 Non
1609 1257 1723 1312 dico
1750 1256 1839 1311 tibi

248 1376 405 1429 usque
429 1358 610 1427 septies
633 1374 650 1411 :
680 1357 768 1410 sed
792 1370 948 1425 usque
974 1352 1256 1424 septuagies
1272 1352 1475 1421 septies.
1508 1350 1623 1405 Non
1648 1364 1836 1404 nume-

249 1428 369 1506 rum
421 1450 604 1505 statuit
648 1447 768 1512 hic,
815 1445 912 1501 sed
954 1445 1186 1512 infinite,
1222 1428 1499 1513 perpetuo
1540 1452 1594 1496 et
1622 1456 1839 1510 semper

250 1542 508 1606 denotat;
552 1540 689 1595 sicut
714 1538 854 1593 enim
886 1536 1081 1592 millies
1121 1551 1265 1606 sa‘pc
1310 1534 1507 1604 saepius
1536 1532 1835 1604 significat,

249 1634 321 1686 ita
344 1640 398 1687 ct
420 1630 616 1686 dictum
641 1628 906 1698 superius.
940 1624 1069 1681 Illud
1099 1626 1243 1679 enim
1269 1642 1282 1677 :
1317 1624 1519 1679 Sterilis
1547 1624 1738 1694 peperit
1761 1640 1840 1677 se-

249 1735 383 1794 ptem
426 1720 517 1794 (1.
550 1720 672 1792 Reg.
706 1721 760 1775 2.
790 1720 892 1789 5),
925 1718 992 1774 de
1034 1717 1214 1772 multis
1246 1717 1296 1771 in
1327 1716 1600 1786 Scriptura
1632 1715 1833 1771 intelli-

245 1817 408 1884 gEtur.
438 1812 621 1883 Itaque
644 1810 1016 1866 remissionem
1050 1824 1153 1863 non
1183 1824 1407 1864 numero
1427 1808 1710 1870 conclusit.
1741 1807 1837 1862 sed

247 1912 507 1974 perpetuo
556 1910 610 1957 et
655 1916 869 1972 semper
923 1899 1324 1955 concedendam
1383 1897 1691 1969 signiﬁcat:
1736 1898 1838 1954 hoc

248 1997 393 2051 enim
424 2011 519 2067 per
544 2004 854 2065 sequentem
888 1994 1191 2065 parabolam
1223 1991 1441 2047 indicat.
1467 1991 1543 2047 Ne
1568 1992 1840 2047 videretur

245 2086 391 2143 enim
424 2103 673 2157 magnum
701 2087 827 2157 quid
859 2097 913 2142 et
941 2101 1229 2142 onerosum
1261 2087 1551 2156 praecipere
1582 2086 1836 2154 dicendo,

247 2181 551 2250 Septuagies
595 2181 793 2249 septies,
828 2178 1033 2234 addidit
1063 2179 1201 2234 hanc
1235 2179 1561 2249 parabolam,
1596 2181 1751 2235 simul
1786 2182 1835 2236 id

246 2271 391 2341 quod
421 2271 630 2326 dixerat
658 2270 934 2325 insinuans
953 2312 968 2338 ,
1000 2277 1055 2325 et
1079 2285 1199 2324 eum
1232 2272 1319 2340 qui
1351 2270 1451 2325 hac
1475 2271 1543 2326 de
1570 2286 1728 2327 causa
1758 2272 1836 2325 al-

247 2370 361 2415 tum
398 2369 610 2431 saperet
638 2362 935 2432 reprimens
955 2402 970 2427 ,
1015 2360 1410 2430 ostendensque
1442 2377 1554 2417 rem
1584 2376 1689 2416 non
1719 2376 1840 2417 esse

246 2452 499 2516 arduam,
531 2452 637 2506 imo
666 2450 819 2506 valde
850 2451 1081 2507 facilem.
1116 2452 1241 2508 Ideo
1271 2454 1653 2522 benignitatem
1684 2469 1837 2510 suam

249 2543 302 2596 in
346 2543 576 2597 medium
616 2543 874 2610 adduxit,
912 2552 969 2598 ut
1004 2558 1071 2598 ex
1108 2545 1508 2615 comparatione
1546 2546 1756 2611 discas,
1790 2556 1841 2601 te

248 2636 491 2703 quamvis
517 2635 819 2705 septuagies
846 2638 1044 2705 septies
1075 2636 1341 2701 dimittas,
1372 2635 1479 2690 imo
1506 2637 1687 2691 omnia
1712 2652 1839 2706 pec-

248 2736 367 2780 cata
413 2727 656 2797 proximo
696 2741 908 2796 semper
942 2727 1217 2782 condones
1238 2769 1252 2793 ,
1281 2727 1431 2797 quasi
1460 2727 1657 2781 stillam
1689 2743 1842 2797 aqua:

249 2816 437 2885 pelago
466 2825 826 2884 comparatam
847 2859 863 2884 ,
896 2817 1003 2870 imo
1044 2815 1203 2886 longe
1230 2817 1494 2872 minorem
1524 2830 1645 2872 esse
1673 2817 1839 2872 mise-

248 2905 533 2961 ricordiam
567 2905 710 2961 illam
730 2948 745 2972 ,
777 2907 820 2960 si
846 2922 970 2964 cum
1002 2907 1262 2963 immensa
1296 2908 1391 2962 Dei
1420 2908 1659 2963 bonitate
1688 2923 1839 2962 com-

248 3007 468 3068 paretur
491 3038 507 3065 ,
541 3013 643 3068 qua
676 3013 810 3069 opus
850 2997 1048 3065 babes,
1082 3014 1202 3054 cum
1247 2998 1445 3055 debeas
1484 3000 1540 3055 in
1578 2999 1840 3069 judicium

246 3087 440 3142 abduci
462 3096 516 3142 et
536 3088 770 3143 rationes
790 3088 1031 3145 reddere.
1058 3089 1183 3145 Ideo
1212 3090 1489 3161 subjunxit
1517 3110 1529 3145 :
1560 3090 1650 3147 23.
1682 3091 1844 3148 Simi-

249 3178 298 3232 le
327 3188 397 3235 est
418 3196 627 3251 regnum
654 3183 893 3236 cwlorum
918 3183 1110 3236 homini
1136 3183 1264 3254 regi,
1295 3184 1383 3254 qui
1408 3182 1566 3238 voluit
1590 3185 1840 3239 rationem

250 3289 437 3343 ponere
457 3291 571 3328 cum
600 3277 752 3329 servis
779 3277 903 3330 suis.
932 3274 1028 3330 24.
1060 3276 1127 3329 Et
1152 3292 1268 3330 cum
1294 3277 1520 3345 coepisset
1546 3294 1732 3349 ponere
1753 3294 1839 3331 ra-

250 3368 456 3429 tionem,
483 3368 680 3423 oblatus
705 3377 775 3421 est
799 3369 842 3422 ci
871 3385 1003 3422 unus
1024 3370 1111 3438 qui
1144 3369 1349 3423 debebat
1378 3369 1549 3424 decem
1579 3370 1741 3424 millia
1766 3380 1841 3424 ta-

248 3457 404 3511 lenta.
434 3457 525 3513 25.
560 3457 679 3512 Non
705 3458 920 3513 habente
946 3470 1119 3513 autem
1145 3476 1203 3513 eo
1232 3459 1365 3514 unde
1396 3460 1626 3515 redderet
1650 3503 1664 3525 ,
1688 3462 1843 3531 jussit

249 3549 396 3603 νενιάί
426 3565 540 3603 eum
558 3591 573 3617 ,
604 3560 652 3602 et
680 3566 888 3604 uxorem
912 3552 933 3583 ³
964 3560 1010 3604 et
1041 3551 1175 3619 ﬁlios
1203 3560 1249 3605 et
1278 3552 1448 3605 omnia
1477 3568 1591 3621 qua:
1619 3552 1838 3609 haberet.

250 3641 453 3697 Deinde
468 3656 589 3695 cum
614 3641 1037 3698 misericordiam
1055 3643 1391 3712 impetrasset
1416 3644 1527 3707 ille,
1546 3644 1637 3699 28.
1662 3642 1846 3714 Egres-

248 3750 337 3787 sus
362 3749 652 3788 conservum
690 3733 947 3790 debentem
973 3735 1069 3790 sibi
1111 3746 1305 3789 centum
1354 3736 1586 3792 denarios
1614 3736 1841 3803 su/focu-

248 3825 377 3890 bat;
414 3840 579 3895 quare.
607 3835 906 3882 commotus
947 3827 1232 3896 dominus,
1279 3829 1451 3899 ipsum
1485 3829 1536 3884 in
1566 3845 1839 3885 carcerem

247 3917 441 3987 conjici
468 3918 648 3988 jussit,
680 3918 853 3974 donec
885 3928 1052 3974 totum
1083 3920 1334 3975 solveret.
1370 3921 1551 3976 Viden’
1581 3932 1834 3993 quantum

248 4011 318 4065 sit
344 4009 631 4067 discrimen
659 4011 799 4069 inter
826 4020 1045 4082 peccata
1070 4012 1121 4066 in
1154 4012 1447 4081 hominem,
1476 4025 1528 4068 et
1556 4015 1605 4068 in
1636 4015 1838 4069 Deum?

247 4096 517 4169 Quantum
535 4104 1046 4160 scilicetdiscrimen
1076 4106 1214 4161 inter
1229 4104 1413 4161 decem
1434 4107 1595 4161 millia
1616 4107 1833 4175 talenta,

247 4207 303 4252 et
327 4205 538 4252 centum
562 4196 840 4263 denarios;
870 4198 977 4252 imo
1014 4198 1181 4253 multo
1208 4198 1397 4269 majus.
1428 4197 1483 4252 Id
1510 4208 1687 4254 autem
1715 4216 1839 4255 eve-

249 4290 328 4343 nit
358 4297 470 4343 tum
499 4303 563 4344 ex
594 4288 893 4344 dilferenlia
927 4305 1275 4359 personarum
1297 4333 1311 4356 ,
1347 4299 1455 4345 tum
1485 4307 1549 4347 ex
1585 4301 1836 4361 peccato-

248 4398 367 4438 rum
401 4380 716 4451 frequentia.
744 4382 972 4437 Homine
1002 4398 1232 4452 namque
1257 4384 1469 4437 vidente
1491 4426 1505 4450 ,
1537 4398 1835 4451 cessamus,

247 4490 348 4529 nec
376 4489 600 4543 peccare
631 4460 924 4539 audemus;
960 4475 1070 4530 Deo
1097 4485 1276 4531 autem
1315 4476 1555 4546 quotidie
1586 4476 1834 4544 vidente,

248 4582 355 4620 non
389 4580 639 4620 veremur
659 4608 673 4632 ,
704 4565 809 4620 imo
836 4566 997 4620 etiam
1025 4566 1204 4620 omnia
1246 4566 1509 4637 intrepide
1537 4565 1765 4622 facimus
1785 4577 1839 4623 et

246 4655 493 4710 dicimus.
526 4656 707 4726 Neque
735 4656 857 4712 hinc
884 4657 1077 4720 modo,
1107 4657 1200 4712 sed
1226 4658 1385 4712 etiam
1417 4674 1447 4712 a
1475 4659 1758 4714 beneficiis
1784 4668 1838 4715 et

243 4748 313 4803 ab
348 4747 551 4803 honore
580 4764 688 4819 quo
717 4747 941 4803 fruimur
970 4749 1211 4819 graviora
1254 4758 1469 4817 peccata
1513 4750 1832 4806 redduntur.

246 4839 315 4894 Et
342 4839 387 4893 si
433 4839 642 4895 discere
684 4839 880 4907 vultis,
914 4839 1184 4910 quomodo
1226 4840 1333 4895 sint
1378 4840 1541 4894 millia
1591 4841 1790 4895 talenta
1816 4881 1832 4908 ,

246 4930 356 4984 imo
384 4930 550 5010 multo
576 4931 729 4999 plura
762 4930 814 4983 in
858 4930 1025 4984 Deum
1074 4938 1287 5000 peccata
1310 4969 1324 4993 ,
1356 4929 1408 4984 id
1438 4931 1621 4999 paucis
1651 4934 1830 5005 expri-

244 5037 393 5075 mere
411 5030 664 5090 satagam.
696 5020 800 5075 Sed
821 5023 983 5075 timeo
1005 5035 1072 5075 ne
1090 5021 1173 5087 iis,
1200 5021 1288 5091 qui
1310 5020 1375 5074 ad
1396 5021 1685 5090 nequitiam
1710 5036 1837 5091 pro-

246 5113 299 5166 ni
330 5126 483 5174 sunt,
514 5113 711 5182 quique
753 5113 1059 5183 frequenter
1100 5121 1323 5182 peccant
1347 5153 1359 5176 ,
1394 5112 1651 5181 majorem
1692 5128 1833 5182 pra:—

244 5206 401 5261 bcam
434 5205 733 5269 licentiam,
771 5222 903 5260 neve
934 5207 1285 5262 modestiores
1315 5207 1367 5261 in
1400 5207 1831 5273 desperationem

246 5297 526 5365 c0njiciam
546 5340 558 5360 ,
583 5306 637 5350 et
668 5314 732 5350 ne
761 5299 984 5366 idipsum
1018 5299 1157 5368 quod
1185 5298 1427 5367 discipuli
1455 5300 1634 5353 dicant
1659 5318 1670 5353 :
1706 5300 1832 5366 Quis

244 5400 402 5460 potest
431 5392 611 5444 etiam;
638 5389 917 5459 \Mui'cJO.
936 5390 1053 5461 ‘26)?
1072 5392 1424 5447 Nihilominus
1445 5402 1617 5446 tamen
1637 5393 1832 5458 dicam,

243 5494 296 5535 ut
332 5498 425 5535 eos
450 5483 534 5545 (πεῖ
564 5482 841 5535 attendunt
871 5484 1171 5537 securiores
1197 5493 1249 5537 et
1278 5487 1671 5541 mansuetiores
1705 5485 1831 5540 red-

242 5574 387 5629 dam.
421 5572 546 5625 Nam
572 5575 657 5643 qui
688 5573 963 5627 incurabili
996 5573 1183 5628 morbo
1211 5575 1453 5631 laborant
1480 5587 1531 5631 ct
1561 5578 1681 5631 sine
1713 5593 1835 5633 sen-

292 5756 306 5785 ι
344 5754 451 5809 νυίί,
477 5753 634 5801 Bonus
660 5747 907 5802 Dominus.

294 5818 312 5847 ⁸
340 5816 511 5864 .‘ilorei.
544 5828 687 5874 tnazt,
714 5816 863 5881 jussit
890 5814 1027 5866 t‘cmli
1055 5830 1274 5868 uxorem.

1281 405 1346 461 IN
1385 396 1798 459 MATTIIJEUSI
1844 394 2074 451 IIOMIL.
2119 393 2252 450 LXI.
2296 394 2365 449 al.
2408 392 2568 448 LXII.

3433 381 3543 437 590

1948 527 2009 568 su
2035 523 2176 578 sunt,
2208 513 2357 568 hisce
2384 512 2517 567 nihil
2546 509 2772 581 permoti
2804 507 3129 575 rationibus,
3164 522 3197 561 a
3223 505 3456 577 nequitia
3482 517 3540 564 et

1946 606 2153 676 ignavia
2175 620 2270 660 sua
2298 620 2403 659 non
2430 603 2717 668 recedunt;
2749 603 2795 659 si
2822 612 3000 658 autem
3028 600 3154 656 inde
3179 600 3438 670 majorem
3463 617 3544 655 ξιι-

1944 705 2093 752 mant
2137 696 2473 771 negligentia:
2523 696 2893 759 occasionem,
2935 692 2987 748 id
3019 706 3125 747 non
3165 691 3321 775 dictis
3351 689 3543 759 hujus-

1946 789 2112 855 modi,
2137 788 2229 844 sed
2253 803 2437 844 eorum
2461 786 2736 843 stoliditati
2760 784 3099 841 tribuendum
3124 794 3242 840 est:
3270 799 3393 855 qua:
3414 798 3545 837 vero

1945 880 2226 947 dicentur,
2270 888 2503 936 attentos
2543 880 2836 949 reprimere
2861 884 2917 933 et
2952 875 3021 931 ad
3066 873 3540 951 compunctionem

1945 975 2211 1031 deducere
2254 983 2541 1045 poterunt;
2581 972 2971 1027 mansuetiores
3000 984 3165 1036 vero,
3195 985 3315 1025 cum
3350 983 3541 1038 pecca-

1948 1076 2121 1123 torum
2150 1068 2347 1123 molem
2375 1066 2623 1133 viderint,
2656 1075 2709 1122 et
2736 1065 2841 1120 vim
2871 1063 3201 1135 poenitentia:
3227 1062 3537 1122 didicerint,

1946 1158 2045 1230 ipsi
2075 1161 2243 1231 magis
2263 1160 2464 1216 dabunt
2491 1174 2709 1229 Operam
2738 1175 2751 1211 :
2785 1156 3014 1227 ideoque
3042 1155 3173 1210 illud
3198 1154 3377 1209 dicere
3407 1168 3533 1222 ope-

1944 1268 2020 1308 ra:
2063 1253 2293 1323 pretium
2322 1251 2500 1307 fuerit.
2550 1249 2825 1305 Proferam
2868 1262 2999 1303 vero
3031 1254 3286 1317 peccata,
3311 1254 3366 1301 et
3391 1260 3539 1315 qua:-

1944 1359 2174 1414 cumque
2201 1344 2254 1398 in
2288 1343 2452 1398 Deum
2480 1383 2494 1407 ,
2525 1350 2578 1397 et
2608 1354 2959 1411 quaecumque
2985 1338 3039 1393 in
3068 1336 3316 1392 homines
3345 1349 3539 1407 perpe-

1946 1446 2147 1505 tramus
2176 1455 2188 1491 :
2221 1453 2326 1491 non
2355 1435 2565 1507 prepria
2592 1449 2783 1505 ponam
2802 1474 2816 1500 ,
2842 1431 2935 1488 sed
2957 1429 3297 1494 communia;
3329 1427 3539 1497 propria

1943 1518 2123 1585 autem
2155 1529 2409 1599 deinceps
2436 1543 2501 1584 ex
2528 1526 2857 1582 conscientia
2888 1538 2983 1579 sua
3015 1523 3210 1593 singuli
3237 1521 3456 1577 addent.
3484 1520 3539 1576 Id

1945 1637 2074 1678 vero
2118 1621 2342 1686 faciam,
2386 1630 2667 1691 postquam
2719 1618 2813 1674 Dei
2862 1617 3123 1673 beneficia
3172 1604 3539 1687 praeposuerit.

1944 1715 2073 1796 Qum
2099 1722 2225 1768 sunt
2244 1729 2374 1785 ergo
2396 1713 2490 1768 Dei
2514 1710 2817 1767 beneficia?
2843 1710 2962 1779 Ipse
2984 1706 3109 1763 fecit
3133 1723 3230 1762 nos
3251 1724 3314 1761 ex
3339 1705 3507 1761 nihilo
3524 1747 3539 1771 ,

1945 1808 2174 1863 visibilis
2204 1809 2381 1862 omnia
2412 1815 2632 1877 propter
2662 1818 2761 1859 nos
2788 1802 3057 1867 condidit,
3092 1801 3315 1865 caelum,
3348 1813 3498 1854 mare
3521 1839 3537 1864 ,

1947 1911 2166 1968 terram,
2194 1914 2396 1965 aerem,
2424 1909 2477 1953 et
2504 1912 2623 1966 qutn
2650 1897 2701 1950 in
2734 1896 2799 1951 iis
2824 1894 3170 1950 continentur
3199 1891 3400 1954 omnia,
3427 1890 3541 1945 ani~

1944 1993 2138 2058 malia,
2183 1993 2426 2060 plantas,
2475 1988 2719 2050 semina;
2762 2001 2886 2041 nam
2933 1983 3183 2039 brevitati
3217 1980 3542 2037 studendum

1944 2086 2015 2141 ob
2041 2086 2357 2139 immensam
2379 2094 2605 2152 operum
2634 2078 2865 2149 copiam.
2895 2076 3143 2132 Animam
3170 2074 3443 2128 viventem
3462 2081 3543 2127 ta-

1945 2179 2049 2233 lem
2100 2177 2253 2231 nobis
2300 2183 2504 2229 tantum
2556 2171 2870 2243 inspiravit,
2905 2168 3208 2240 paradisum
3243 2166 3499 2237 plantavit
3527 2207 3543 2229 .

1945 2269 2258 2340 adjutricem
2276 2267 2420 2323 dedit
2444 2276 2497 2321 et
2521 2266 2573 2319 in
2605 2265 2757 2319 bruta
2785 2262 3078 2318 animantia
3104 2260 3407 2330 imperium.
3428 2259 3543 2329 glo-

1946 2364 2022 2417 ria
2050 2370 2103 2417 et
2134 2361 2338 2416 honore
2367 2357 2663 2415 coronavit.
2707 2354 2917 2411 Deinde
2959 2354 3263 2418 hominem,
3296 2351 3387 2422 qui
3417 2364 3544 2421 erga

1946 2455 2345 2512 benefactorem
2391 2469 2546 2520 suum
2594 2452 2833 2522 ingratus
2862 2455 3144 2513 evaserat,
3176 2444 3369 2517 majori
3399 2444 3543 2499 dono

1945 2551 2190 2620 dignatus
2218 2559 2322 2606 est.

2018 2641 2076 2695 2.
2118 2641 2286 2708 Culpa
2309 2638 2493 2693 Λάαηή
2514 2646 2816 2709 quantorum
2833 2653 2989 2690 causa
3015 2634 3283 2689 bonarum.
3319 2630 3544 2684 Militum

1947 2749 2130 2787 moros.
2152 2732 2415 2799 Artiﬁcum
2450 2732 2675 2801 fraudes.
2694 2759 2763 2769 —
2777 2728 2853 2783 Nc
2866 2729 2969 2782 hoc
2988 2734 3194 2781 tantum
3210 2722 3544 2787 consideres,

1947 2823 2087 2894 quod
2108 2822 2325 2892 ejecerit
2342 2836 2405 2876 ex
2428 2819 2800 2890 paradiso,sed
2816 2821 3026 2874 lucrum
3048 2815 3173 2871 inde
3194 2824 3402 2886 partum
3426 2826 3546 2883 pero

1947 2916 2141 2986 pende.
2162 2913 2452 2983 Postquam
2471 2913 2613 2968 enim
2632 2913 2789 2982 ejecit
2807 2927 2871 2966 ex
2893 2908 3223 2980 paradiso,et
3238 2905 3444 2961 infinita
3460 2903 3546 2959 illa

1946 3008 2086 3065 bona
2118 3007 2339 3077 largitus
2363 3017 2445 3062 est
2474 3005 2916 3075 mconomiasque
2940 3002 3136 3065 varias,
3160 2999 3357 3055 Filium
3386 3012 3542 3052 suum

1946 3101 2092 3157 misit
2112 3116 2206 3171 pro
2224 3101 2289 3155 iis
2304 3099 2391 3169 qui
2411 3096 2686 3153 beneficiis
2701 3095 2877 3151 affecti
2902 3094 3073 3163 ipsum
3093 3091 3339 3155 oderant,
3356 3088 3544 3145 caelum

1949 3195 2104 3251 nobis
2124 3196 2412 3264 aperuit,et
2432 3191 2735 3262 paradisum
2754 3189 2928 3257 ipsum
2955 3183 3339 3254 expandit,nos
3370 3182 3545 3238 inimi-

1946 3288 2303 3356 coq,ingratos
2326 3286 2463 3340 lilios
2479 3283 2675 3339 effecit.
2693 3279 2816 3359 Ideo
2828 3294 2967 3334 nunc
2983 3286 3286 3348 Opportune
3303 3276 3510 3331 dicatur
3528 3290 3543 3328 :

1951 3379 1997 3434 0
2013 3379 2231 3434 altitudo
2258 3378 2549 3433 divitiarum
2580 3386 2627 3429 et
2653 3375 2922 3445 sapientia
2939 3381 2985 3425 et
3004 3372 3228 3425 scientia:
3249 3368 3344 3423 Dei
3363 3369 3542 3440 (Rom.

1948 3472 2153 3543 11.35)!
2175 3470 2428 3539 Deditque
2446 3468 2599 3523 nobis
2613 3466 2871 3537 baptisma
2892 3466 2944 3520 in
2964 3463 3336 3519 remissionem
3358 3476 3544 3532 pecca-

1948 3560 2347 3633 torum,eripuit
2363 3575 2391 3613 a
2410 3555 2942 3630 suppliciis,bercdcs
2960 3555 3104 3625 regni
3123 3553 3541 3618 constituit,mil-

1948 3654 2017 3708 lia
2049 3653 2290 3722 promisit
2316 3652 2453 3706 bona
2486 3659 2633 3706 recte
2662 3648 2942 3721 agentibus
2966 3689 2981 3714 ,
3008 3663 3224 3701 manum
3247 3645 3487 3716 porrexit
3515 3687 3533 3714 ,

1946 3746 2313 3815 bpiritumque
2335 3742 2524 3797 infundit
2555 3742 2606 3797 in
2639 3741 2801 3797 corda
2832 3750 3033 3795 nostra.
3068 3738 3207 3808 Quid
3235 3739 3396 3809 igitur
3418 3747 3542 3810 post

1949 3847 2030 3893 tot
2051 3846 2299 3907 tantaque
2330 3834 2509 3890 bona?
2537 3833 2808 3905 quomodo
2848 3846 2947 3888 nos
2987 3832 3210 3888 aﬂ‘ectos
3235 3847 3354 3887 esse
3385 3847 3546 3901 opor-

1948 3927 2128 3983 teret?
2160 3944 2285 3982 num
2338 3928 2382 3982 si
2424 3926 2663 3998 quotidie
2692 3926 2990 3980 moriamur
3035 3939 3132 3995 pro
3182 3923 3296 3991 illo,
3328 3925 3419 3993 qui
3448 3940 3547 3979 nos

1946 4031 2154 4077 tantum
2196 4019 2387 4092 diligit,
2432 4020 2726 4089 condignas
2776 4018 2996 4088 gratias,
3030 4017 3139 4071 imo
3167 4016 3252 4071 vel
3280 4016 3543 4072 tantillum

1943 4114 2108 4172 debiti
2137 4114 2468 4169 referemus?
2514 4112 2861 4182 Nequaquam
2895 4127 2907 4161 :
2939 4124 3059 4163 nam
3101 4108 3230 4163 illud
3281 4109 3442 4163 etiam
3492 4108 3545 4164 in

1945 4208 2151 4262 lucrum
2180 4206 2334 4261 nobis
2364 4205 2525 4261 cedit.
2554 4205 2836 4273 Quomodo
2864 4204 3022 4273 igitur
3038 4201 3211 4257 aﬂ‘ecti
3230 4217 3435 4269 sumus,
3454 4204 3545 4273 qui

1944 4301 2015 4356 ita
2041 4300 2178 4354 affici
2208 4298 2563 4369 deberemus?
2601 4296 2852 4365 Quotidie
2895 4297 3038 4367 leges
3081 4294 3198 4365 ejus
3255 4295 3541 4349 violamus.

1945 4393 2143 4449 Verum
2176 4406 2243 4446 ne
2263 4390 2481 4462 indigne
2512 4389 2716 4456 feratis,
2741 4388 2784 4442 si
2811 4386 3146 4458 peccantium
3170 4386 3409 4457 linguam
3427 4402 3548 4457 per-

1943 4486 2211 4541 strinxere
2245 4502 2257 4538 :
2301 4498 2407 4538 non
2436 4484 2581 4538 enim
2603 4497 2699 4537 vos
2734 4481 2918 4536 incuso
2950 4490 3175 4546 tantum,
3208 4478 3302 4535 sed
3339 4487 3395 4534 et
3427 4494 3543 4535 me-

1942 4579 2139 4647 ipsum.
2178 4574 2462 4633 Undenam
2492 4574 2652 4629 vultis
2699 4573 2951 4643 incipiam
2977 4571 3000 4625 ?
3026 4588 3089 4626 an
3122 4587 3150 4625 a
3184 4571 3390 4627 servis?
3417 4588 3483 4625 an
3515 4588 3544 4626 a

1942 4670 2125 4725 liberis
2149 4670 2173 4724 Τ
2193 4684 2221 4723 a
2253 4668 2551 4725 militibus?
2586 4682 2615 4722 a
2637 4667 2860 4736 privatis
2894 4665 3238 4721 hominibus?
3266 4678 3295 4717 tt
3339 4663 3543 4733 princi-

1942 4760 2137 4832 pibus?
2180 4775 2208 4814 a
2251 4758 2517 4814 subditis?
2542 4774 2572 4813 a
2604 4758 2949 4814 mulieribus?
2976 4773 3005 4811 a
3033 4756 3198 4812 viris?
3224 4772 3253 4811 a
3284 4756 3545 4811 senibus?

1942 4869 1972 4908 a
1994 4853 2277 4924 juvenibus
2302 4852 2358 4906 *?
2380 4868 2409 4906 a
2439 4867 2541 4921 qua
2570 4852 2765 4907 aetate?
2800 4866 2827 4905 a
2855 4868 2962 4921 quo
3000 4848 3234 4921 genere?
3256 4864 3286 4903 a
3327 4864 3428 4919 qua
3458 4849 3541 4901 di-

1940 4944 2185 5015 gnitate?
2212 4960 2238 4998 a
2267 4959 2372 5015 quo
2402 4943 2613 4999 studio?
2647 4942 2885 4997 Voltisne
2911 4957 2941 4996 a
2968 4941 3227 4996 militibus
3256 4940 3545 5008 incipiam?

1942 5036 2000 5091 ln
2031 5047 2159 5107 quot
2188 5046 2407 5108 peccata
2437 5035 2490 5089 bi
2524 5035 2761 5105 quotidie
2785 5050 2887 5089 non
2923 5034 3219 5105 proruunt?
3248 5032 3541 5088 Contume-

1946 5131 2047 5185 lias
2076 5139 2129 5183 et
2157 5130 2394 5184 convicia
2425 5128 2681 5187 inferunt.
2714 5127 3006 5189 insaniunt,
3041 5125 3229 5180 alienis
3262 5124 3540 5179 calamita-

1945 5219 2085 5275 tibus
2139 5220 2496 5283 delectantur,
2548 5217 2686 5287 lopis
2738 5217 2962 5281 similes,
2994 5216 3200 5270 scelere
3254 5229 3541 5282 numquam

1943 5314 2131 5378 vacui,
2160 5311 2261 5367 nisi
2307 5312 2425 5380 quis
2457 5309 2653 5363 dixerit
2677 5325 2826 5362 mare
2853 5308 3102 5362 fluctibus
3147 5322 3358 5361 vacare.
3411 5306 3542 5373 Qum

1942 5406 2103 5458 animi
2129 5404 2385 5473 aegritudo
2418 5418 2524 5455 non
2556 5402 2674 5454 illos
2705 5399 2985 5468 exagitat?
3014 5400 3130 5468 quis
3163 5398 3385 5453 morbus
3434 5414 3537 5451 non

1942 5502 2175 5551 animam
2208 5498 2443 5563 ipsorum
2476 5494 2729 5548 obsidet?
2754 5493 3073 5563 EEqualibus
3098 5492 3239 5546 enim
3266 5491 3529 5555 invident,

1943 5604 2092 5641 vanze
2118 5586 2299 5657 glorim
2323 5586 2537 5639 student
2564 5603 2576 5650 ;
2612 5584 2852 5639 subditos
2880 5584 2978 5639 sibi
3008 5598 3166 5637 avare
3193 5583 3534 5647 del'raudant,

1944 5682 2007 5739 iis
2049 5682 2138 5753 qui
2166 5680 2373 5750 litigant
2402 5689 2455 5733 et
2496 5680 2559 5733 ad
2584 5694 2643 5736 se
2671 5681 2823 5751 quasi
2852 5679 2917 5735 ad
2946 5692 3160 5751 portum
3186 5676 3517 5745 confugiunt,

2014 5840 2027 5872 '
2067 5835 2229 5889 Morel.
2239 5874 2253 5899 ,
2276 5850 2303 5884 ε
2324 5838 2507 5897 pueris.
