4040 6434
479 400 578 456 591

483 514 661 570 hosti-li
681 520 738 568 et
772 508 982 581 perjuro
1009 504 1188 560 animo
1204 509 1345 558 sunt.
1364 501 1507 569 Quot
1522 496 1662 567 apud
1679 494 1799 551 illos
1819 488 2055 564 rapinae?

480 613 610 675 quot
639 598 890 660 fraudes?
915 605 1043 669 quot
1083 593 1468 667 sycopliautim.
1493 600 1549 646 et
1581 585 1931 644 fraudulenta:
1961 597 2056 638 ne-

373 719 378 730 ·
478 691 846 767 gotiationes?
881 697 1013 760 quot
1064 685 1398 742 adulationes
1445 678 1715 743 serviles?
1768 675 2006 748 Agedum
2036 713 2052 739 ,

477 785 676 842 Christi
705 785 872 854 legem
901 779 1120 850 singulis
1139 786 1384 847 aptemus
1414 792 1429 830 :
1463 773 1563 840 Qui
1578 771 1760 828 dixerit
1780 769 1929 838 fratri
1939 783 2049 831 suo,

491 875 674 940 Fatue,
705 888 819 926 reus
838 871 932 928 erit
955 869 1194 941 gehennc
1212 867 1361 939 ignis.
1383 864 1481 931 Qui
1500 861 1771 933 respexerit
1797 859 2056 916 mulierem

483 967 553 1028 ed
575 963 1029 1038 concupiscendum
1053 978 1186 1028 eunt,
1203 962 1316 1032 jam
1345 958 1615 1014 mactatus
1639 964 1710 1010 est
1730 970 1840 1009 eunt
1869 954 1921 1008 in
1943 967 2055 1006 cor-

481 1063 546 1116 de
581 1074 692 1116 suo.
753 1055 872 1112 Nisi
915 1054 1027 1126 quis
1054 1050 1390 1107 luminat-erit
1413 1065 1468 1105 se
1504 1049 1634 1103 sicut
1660 1047 1922 1119 paruulus,
1953 1061 2054 1100 non

480 1151 690 1204 intrabit
726 1153 785 1203 tn
822 1161 1031 1218 regnum
1059 1144 1297 1199 castorum
1329 1140 1541 1210 (Matth.
1575 1139 1626 1195 5.
1657 1136 1747 1196 ΞΩ.
1772 1137 1862 1192 28.
1889 1145 1934 1190 et
1966 1135 2049 1190 18.

480 1241 560 1311 ι).
585 1239 654 1300 ,1ιὶ
683 1254 808 1294 vero
833 1226 1137 1305 arrogantia
1168 1241 1387 1288 utuntur
1411 1229 1665 1284 adversus
1685 1226 1924 1284 subditos
1949 1223 2052 1279 sibi

481 1331 724 1391 traditos.
758 1335 1066 1390 trementes,
1093 1333 1147 1381 et
1163 1319 1527 1390 formidantes,
1558 1317 1752 1390 quibus
1776 1324 1900 1375 sunt
1926 1315 2053 1385 ipsis

477 1422 609 1477 feris
655 1419 958 1484 acerbiores
984 1435 997 1470 :
1021 1414 1163 1471 Inibi]
1183 1429 1295 1484 pro
1331 1411 1545 1467 Christo
1577 1410 1846 1486 iacientes,
1874 1407 2052 1462 omnia

483 1526 583 1581 pro
604 1518 810 1574 venue,
848 1521 945 1577 pro
967 1506 1221 1577 pecuniis,
1244 1518 1343 1575 pro
1367 1516 1499 1558 vana
1524 1500 1710 1573 gloria.
1744 1499 1827 1554 An
1849 1498 2052 1554 scelera

474 1616 664 1659 eorum
700 1599 874 1656 verbis
920 1596 1190 1654 numerari
1223 1593 1464 1666 possint?
1490 1591 1626 1660 Quid
1657 1591 1928 1646 irrisiones
1949 1604 2058 1645 me.

475 1709 720 1759 morem,
770 1696 940 1747 risum
989 1687 1212 1748 eﬂusum
1236 1727 1252 1753 ,
1294 1683 1664 1755 intempestiva
1717 1680 1980 1753 colloquia
2011 1681 2052 1750 ⁸,

479 1786 729 1842 οιιθοωιιο
781 1778 956 1838 dicta?
1005 1777 1135 1834 Nam
1178 1777 1247 1833 de
1279 1775 1508 1834 avaritia
1558 1773 1689 1830 nihil
1733 1773 2050 1830 dicendum:

481 1873 924 1949 quemadmodum
951 1872 1095 1929 enim
1119 1871 1154 1926 li
1177 1870 1265 1943 qui
1293 1871 1346 1926 in
1364 1868 1633 1925 montibus
1647 1875 1769 1923 sunt
1783 1865 2051 1932 monachi,

461 1982 550 2026 ne
593 1966 770 2024 sciunt
816 1965 1034 2037 quidem
1064 1962 1192 2035 quid
1232 1963 1301 2018 sit
1328 1962 1598 2020 avaritia:
1634 1960 1704 2016 ita
1748 1969 1803 2016 et
1832 1958 2053 2026 isti,sed

478 2059 752 2116 cuti-trario
775 2057 956 2113 modo.
1001 2054 1080 2114 llli
1106 2053 1249 2111 enim
1269 2053 1410 2124 quod
1439 2051 1619 2122 procul
1646 2050 1712 2106 ab
1738 2049 1841 2107 hoc
1867 2049 2056 2105 morbo

479 2151 611 2216 sint,
633 2147 688 2204 id
713 2148 993 2220 ignorant;
1040 2144 1095 2201 bi
1137 2158 1265 2200 vero
1289 2143 1439 2214 quasi
1469 2141 1570 2198 hoc
1593 2139 1782 2197 morbo
1807 2138 1963 2205 ebrii,
1988 2153 2055 2195 ne

479 2239 717 2296 sensium
757 2235 973 2309 quidem
1001 2243 1256 2307 quantum
1281 2234 1349 2290 sit
1376 2231 1575 2289 malum
1604 2248 1619 2286 :
1645 2229 1881 2302 nequitia
1911 2229 2054 2286 enim

482 2333 554 2389 ita
580 2345 792 2389 omnem
820 2330 1070 2385 virtutem
1100 2327 1168 2385 ab
1187 2326 1277 2385 eis
1291 2325 1513 2397 expulit,
1541 2333 1846 2395 tantamque
1876 2336 2054 2396 tyran-

482 2421 662 2478 nidem
683 2429 918 2486 exercet,
946 2428 1006 2478 ut
1022 2417 1327 2478 furentibus
1356 2417 1458 2473 illis
1484 2416 1685 2473 nullum
1701 2415 1904 2471 crimen
1929 2429 2054 2484 gra-

485 2528 548 2569 ve
572 2512 816 2568 videatur
842 2524 982 2566 esse.
1034 2507 1140 2566 Sed
1187 2505 1272 2563 bis
1301 2507 1519 2573 relictis,
1552 2505 1782 2563 vultisne
1825 2504 1891 2562 ad
1920 2504 2055 2559 alios

476 2603 836 2664 modestiores
865 2600 1222 2659 accedamus?
1248 2602 1360 2672 Ago
1407 2601 1586 2670 igitur,
1611 2598 1857 2670 epilicum
1883 2594 2055 2652 artiﬁ-

475 2711 709 2768 cumque
727 2710 894 2766 genus
915 2693 1189 2752 adeamus.
1213 2692 1279 2749 iii
1300 2692 1442 2748 enim
1464 2691 1695 2747 maxime
1722 2689 1965 2745 videntur
1990 2705 2056 2746 ex

479 2787 933 2862 justisiaboribus
963 2785 1350 2855 sudoribusque
1380 2784 1540 2840 vitam
1568 2783 1670 2839 sibi
1717 2797 1926 2853 parare.
1946 2779 2060 2838 Ve-

483 2889 604 2939 rum
651 2880 704 2937 bi
747 2892 961 2952 quoque
998 2877 1099 2933 nisi
1138 2877 1238 2932 sibi
1278 2875 1588 2945 attendant,
1621 2874 1788 2932 multa
1813 2874 1935 2931 inde
1955 2873 2057 2931 sibi

483 2972 620 3030 mala
639 2976 936 3041 congerunt
967 2985 982 3024 :
1013 2983 1135 3024 nam
1161 2966 1320 3038 justis
1353 2966 1604 3037 operibus
1644 2965 1880 3037 iniquum
1925 2980 2058 3021 ven-

479 3063 640 3120 dendi
669 3072 724 3120 et
763 3061 976 3119 emendi
1005 3058 1218 3117 modum
1244 3058 1517 3130 adjiciunt,
1547 3068 1602 3114 et
1626 3072 1771 3128 smpe
1818 3045 2056 3113 avaritias

482 3157 779 3228 iuramenta
797 3195 813 3220 ,
842 3151 1073 3224 periuria
1095 3192 1114 3219 ,
1139 3150 1415 3206 mendacia
1459 3148 1821 3221 superaddunt
1849 3166 1864 3204 :
1895 3147 2056 3218 hujus

485 3251 608 3308 vitae
631 3247 792 3304 rebus
814 3244 1010 3302 addicti
1038 3254 1300 3314 terraeque
1326 3241 1492 3311 al'tlsi,
1519 3241 1650 3298 nihil
1680 3256 1784 3296 non
1809 3249 1972 3314 agunt
2000 3252 2059 3298 ut

483 3339 738 3411 pecunias
765 3335 1034 3406 mitigant,
1059 3348 1167 3390 nec
1189 3342 1380 3390 curant
1402 3347 1495 3390 eas
1517 3332 1836 3405 pauperibus
1865 3346 2050 3404 eroga-

484 3444 565 3496 re,
587 3443 698 3484 sem
707 3439 906 3497 perque
930 3423 1212 3482 facultates
1227 3437 1425 3496 augere
1435 3423 1671 3480 student.
1694 3422 1823 3492 Quis
1842 3438 2062 3480 enarra-

484 3520 557 3576 rit
601 3517 839 3575 convicia
869 3515 952 3571 his
977 3514 1046 3572 de
1072 3514 1250 3571 causis
1293 3513 1499 3584 prolata
1519 3556 1534 3580 ,
1561 3512 1931 3579 contumelias,
1960 3511 2055 3568 im-

486 3625 639 3674 nora,
668 3622 875 3674 usuras,
908 3614 1060 3678 pacta
1090 3606 1307 3662 multam
1326 3603 1571 3662 fraudem
1600 3604 1868 3672 habentia,
1889 3604 2060 3675 impu-

487 3703 669 3764 dentes
694 3698 1118 3772 negotiationes?

554 3794 609 3851 ὅ.
651 3791 969 3848 Prmdiarum
997 3806 1305 3861 possessores
1324 3789 1502 3861 iniqui.
1534 3819 1606 3832 ——
1632 3789 1826 3846 Verum
1857 3790 1901 3846 si
1952 3790 2061 3859 pla-

482 3894 590 3952 cet,
637 3884 721 3941 his
771 3884 1006 3951 omissis,
1041 3882 1109 3940 ad
1143 3867 1295 3939 ‘alios
1335 3883 1642 3950 veniamus,
1673 3884 1763 3953 qui
1812 3882 2058 3939 videntur

484 3979 735 4049 justiores
758 3992 897 4033 esse.
931 3976 1156 4046 Quinam
1181 3975 1253 4030 illi
1268 3975 1434 4030 sunt?
1460 3975 1558 4042 Qui
1585 3990 1741 4045 agros
1763 3974 2058 4046 possident,

483 4080 539 4126 et
562 4085 630 4126 ex
661 4079 815 4125 terra:
837 4068 1095 4124 fructibus
1118 4067 1371 4124 ditantur.
1418 4067 1553 4136 Quid
1583 4067 1688 4122 illis
1715 4068 1948 4137 iniquius
1975 4082 2060 4122 re-

487 4161 760 4230 periatur?
789 4161 847 4217 Si
867 4161 984 4230 quis
999 4161 1143 4216 enim
1165 4161 1433 4230 perquirat
1453 4174 1557 4230 quo
1580 4169 1733 4229 pacto
1748 4173 1868 4214 cum
1895 4158 2061 4214 mise-

486 4256 566 4311 ris
589 4254 835 4326 agricolis
860 4266 918 4308 se
942 4260 1130 4323 gemat
1148 4291 1163 4318 ,
1190 4252 1310 4307 illos
1331 4250 1570 4306 barbaris
1599 4250 1940 4306 immaniores
1968 4251 2064 4306 de-

489 4346 800 4417 prehendet.
851 4343 983 4399 Nam
1015 4343 1078 4399 iis
1116 4342 1204 4413 qui
1232 4343 1373 4397 fame
1416 4341 1749 4397 tabescentes
1775 4355 1869 4410 per
1898 4348 2063 4396 totam

496 4438 647 4492 vitam
681 4437 960 4498 laborant,
990 4433 1265 4504 vectigalia
1311 4433 1591 4502 imponunt
1630 4431 1982 4487 intolerabilia
2008 4438 2064 4485 et

491 4538 764 4600 perpetua,
821 4528 1190 4596 laboriosaque
1233 4525 1545 4592 ministeria,
1596 4523 1750 4595 quasi
1801 4524 1966 4580 asinis
2007 4532 2063 4579 et

493 4619 668 4687 mulis,
696 4621 801 4675 imo
827 4621 977 4690 quasi
1009 4617 1271 4687 lapidibus
1303 4619 1537 4687 ipsorum
1567 4616 1882 4688 corporibus
1909 4625 2063 4673 uten-

491 4725 593 4780 tes,
620 4729 792 4784 neque
817 4712 899 4767 vel
928 4711 1192 4767 tantillum
1223 4712 1487 4780 respirare
1517 4711 1750 4767 sinentes
1770 4751 1785 4775 ,
1832 4710 1925 4764 sed
1952 4710 2063 4765 sive

493 4805 606 4876 agri
659 4803 882 4870 feraces,
912 4805 1026 4860 sive
1067 4802 1275 4859 steriles
1301 4803 1408 4856 sint
1427 4845 1441 4868 ,
1464 4803 1581 4873 pari
1608 4801 1766 4857 modo
1792 4808 2057 4872 torquent,

493 4911 593 4952 nec
637 4894 723 4950 vel
774 4895 1043 4948 minimum
1082 4895 1250 4949 veniae
1282 4893 1410 4961 ipsis
1438 4893 1770 4958 concedunt;
1802 4907 1905 4963 quo
1938 4893 2063 4962 quid

493 4985 850 5042 miserabilius
881 4983 1056 5050 fuerit,
1083 4984 1295 5054 quando
1325 4995 1432 5040 tota
1462 4984 1637 5039 hieme
1685 4984 1735 5037 in
1792 4984 2063 5040 laboribus

1205 387 1261 443 S.
1301 381 1574 443 JOANNIS
1601 371 2075 437 CHRYSOSTOMI
2117 370 2431 429 ABClllEP.
2467 373 3000 436 (XJNSTANTINOP.

3642 376 3762 437 ἔτθὶ

2164 487 2290 544 dum
2312 504 2417 546 non
2443 490 2628 548 sinunt
2656 493 2800 563 ipsos
2828 493 2910 549 vel
2937 503 3152 564 parvam
3177 506 3489 549 mensuram
3517 493 3756 549 domum

2162 579 2382 645 referre,
2407 581 2502 637 sed
2529 591 2698 638 totum
2724 583 2951 642 fructum
2979 585 3159 657 inique
3183 586 3235 642 in
3261 585 3420 644 doliis
3435 586 3555 647 suis
3572 586 3762 642 inclu-

2163 671 2314 732 dunt,
2345 673 2714 746 modicamque
2743 676 3021 748 pecuniam
3072 691 3170 749 pro
3195 675 3296 734 hac
3317 691 3378 731 re
3418 676 3552 748 ipsis
3579 675 3759 747 proji-

2158 764 2323 839 ciunt.
2353 763 2496 830 Nova
2521 781 2731 839 quoque
2757 772 3060 840 excogitant
3079 785 3255 827 usura
3279 783 3498 841 genera,
3529 784 3653 840 qua:
3682 783 3760 824 ue

2158 856 2436 926 gentilium
2480 859 2695 929 quidem
2724 861 2929 932 legibus
2953 863 3329 933 permittuntur
3347 905 3365 932 ,
3393 863 3758 933 usurariaquo

2158 957 2274 1003 acta
2303 951 2603 1008 rosei-ibunt
2649 953 2998 1020 exsecranda,
3025 954 3219 1026 quibus
3252 969 3359 1011 non
3389 953 3755 1010 centesimam

2158 1040 2340 1118 sortis,
2373 1039 2468 1116 sed
2498 1040 2770 1116 dimidium
2792 1045 3012 1115 exigunt
3040 1061 3054 1099 :
3084 1052 3141 1099 et
3167 1045 3304 1110 hmo,
3328 1059 3451 1100 eum
3481 1046 3548 1112 is,
3576 1059 3610 1100 a
3638 1060 3757 1114 quo

2158 1129 2395 1202 exigunt,
2437 1139 2495 1186 et
2518 1145 2738 1188 uxorem
2786 1142 2843 1191 et
2885 1133 3084 1192 liberos
3127 1136 3276 1203 alat,
3308 1151 3623 1208 pauperque
3650 1136 3752 1205 sit,

2156 1222 2246 1291 qui
2270 1223 2382 1279 suis
2408 1224 2682 1282 laboribus
2707 1235 2761 1284 et
2797 1243 2978 1290 aream
3009 1237 3063 1286 et
3086 1229 3370 1287 toreularia
3402 1229 3610 1300 implet.
3636 1228 3753 1286 Sed

2159 1314 2293 1370 nihil
2320 1316 2511 1373 horum
2540 1320 2791 1390 cogitant.
2819 1321 2998 1388 Quare
3023 1331 3321 1392 opportune
3340 1324 3659 1395 prophetam
3692 1325 3752 1379 in

2158 1409 2391 1466 medium
2437 1410 2762 1470 adducamus
2789 1411 3080 1482 dicentem,
3106 1413 3432 1487 Obstupesee,
3458 1415 3663 1484 cretum,
3698 1423 3753 1469 es

2160 1507 2405 1573 horresce,
2436 1515 2571 1561 terra
2594 1523 2614 1562 :
2638 1509 2692 1564 in
2719 1517 2974 1578 quantam
3019 1508 3285 1565 ieritatem
3332 1523 3506 1580 genus
3549 1508 3753 1564 huma-

2159 1612 2287 1653 num
2314 1597 2591 1669 prorupit?
2611 1597 2736 1656 Haec
2760 1613 2919 1670 porro
2947 1598 3088 1666 dico,
3117 1615 3225 1658 non
3245 1600 3385 1672 quod
3406 1609 3570 1668 artes,
3601 1601 3752 1672 agri-

2158 1687 2418 1745 culturam
2454 1697 2509 1746 st
2533 1689 2775 1746 militiam
2802 1691 3074 1758 criminer,
3097 1692 3195 1749 sed
3238 1705 3338 1748 nos
3381 1691 3547 1763 ipsos.
3603 1691 3749 1749 Nam

2160 1779 2440 1838 Cornelius
2461 1781 2709 1837 centurio
2734 1792 2882 1850 erat,
2907 1791 2962 1839 et
2985 1781 3180 1840 Paulus
3204 1785 3486 1852 coriarius,
3515 1794 3572 1841 et
3620 1793 3751 1856 post

2159 1873 2592 1943 praedicationem
2619 1883 2736 1931 arte
2758 1889 2852 1931 sua
2885 1875 3171 1944 utebatur;
3199 1889 3253 1934 et
3275 1877 3440 1934 David
3465 1893 3558 1934 rex
3586 1887 3746 1945 erat;

2157 1963 2260 2022 Job
2303 1979 2432 2020 vero
2472 1964 2760 2021 multorum
2795 1965 3116 2037 praediorum
3145 1966 3416 2032 dominus,
3445 1967 3751 2022 innumeris

2163 2055 2434 2116 fruebatur
2461 2056 2746 2123 reditibus,
2768 2056 2960 2128 quibus
2987 2057 3120 2112 nihil
3138 2057 3329 2113 horum
3355 2057 3749 2128 impedimento

2160 2149 2258 2204 iuit
2283 2146 2351 2204 ad
2377 2149 2624 2204 virtutem
2657 2147 2958 2204 colendam.
3011 2147 3140 2206 limo
3164 2147 3344 2221 itaque
3371 2149 3549 2204 omnia
3586 2148 3750 2220 cogi-

2161 2247 2334 2294 tantes
2362 2281 2376 2304 ,
2404 2238 2696 2310 decemque
2720 2239 2884 2296 millia
2914 2240 3112 2298 talenta
3133 2240 3188 2297 in
3214 2247 3448 2299 mentem
3477 2255 3748 2298 revocan-

2158 2341 2261 2399 tes,
2294 2331 2419 2391 binc
2467 2331 2753 2389 incitemur
2796 2342 2858 2389 ut
2900 2347 3068 2404 pauca
3110 2333 3199 2390 illa
3250 2339 3307 2390 et
3346 2333 3470 2390 vilia
3494 2333 3750 2406 proxime

2160 2427 2512 2482 remittamus.
2558 2424 2690 2481 Nam
2736 2425 2974 2481 rationes
3004 2424 3158 2482 nobis
3182 2423 3469 2482 reddendae
3494 2432 3657 2481 erunt
3675 2424 3749 2481 de

2160 2517 2443 2588 prmeeptis
2486 2518 2640 2574 nobis
2692 2517 2919 2585 traditis,
2958 2531 3060 2572 nec
3111 2517 3404 2588 poterimus
3433 2557 3452 2584 ,
3485 2517 3748 2589 quidquid

2162 2607 2374 2664 tandem
2419 2606 2706 2674 iaciamus,
2735 2607 2917 2664 omnia
2963 2607 3289 2680 persolvere.
3329 2608 3560 2678 ideoque
3589 2608 3749 2664 nobis

2163 2701 2304 2757 Deus
2328 2701 2466 2758 viam
2493 2700 2706 2758 facilem
2735 2701 2966 2772 aperuit,
2997 2716 3099 2772 qua
3130 2701 3310 2757 omnia
3333 2701 3547 2758 solvere
3567 2699 3748 2771 possi-

2163 2809 2302 2859 mus,
2329 2793 2650 2852 oblivionem
2677 2792 2798 2850 dico
2824 2791 3159 2863 iniuriarum.
3188 2791 3260 2849 Ut
3279 2792 3442 2863 igitur
3463 2791 3594 2846 illud
3623 2806 3750 2861 pro—

2138 2887 2230 2942 be
2246 2874 2532 2952 discamus,
2561 2884 2841 2942 audiamus
2869 2883 3008 2940 ultra
3031 2882 3300 2955 progressi
3329 2883 3638 2954 parabolam
3667 2890 3752 2938 to-

2162 2987 2288 3034 tam.
2328 2976 2540 3034 Oblatas
2576 2988 2669 3045 est,
2697 2978 2840 3035 enim
2860 3018 2876 3044 ,
2904 2977 3104 3046 inquit,
3130 2990 3262 3032 unus
3287 2975 3378 3046 qui
3410 2975 3618 3031 debebat
3669 2977 3750 3032 illi

2159 3073 2330 3128 decent
2351 3070 2518 3127 millia
2543 3070 2755 3129 talenta.
2776 3059 2896 3126 Non
2920 3069 3130 3124 [tabente
3155 3078 3322 3124 autem
3352 3069 3445 3124 illo
3469 3073 3605 3125 auide
3630 3069 3751 3124 red-

2160 3165 2318 3231 deret,
2350 3164 2514 3235 jussit
2553 3179 2668 3218 eunt
2708 3163 2878 3229 sendi,
2907 3172 2954 3216 et
2979 3177 3190 3216 uxorem
3217 3165 3347 3232 ejus,
3369 3171 3417 3217 et
3436 3161 3591 3230 filios.
3636 3161 3751 3218 Cur

2163 3265 2379 3312 uxorem
2397 3255 2619 3327 quaeso?
2642 3256 2756 3314 Non
2783 3270 2852 3313 ex
2876 3253 3190 3311 crudelitate
3209 3253 3292 3308 vel
3318 3253 3710 3310 inhumanitate
3731 3274 3746 3310 :

2163 3365 2284 3406 nam
2315 3349 2366 3404 in
2392 3348 2535 3408 aliud
2571 3348 2950 3406 detrimentum
2991 3344 3288 3412 incidisset,
3315 3359 3439 3402 cum
3468 3360 3604 3401 uxor
3626 3345 3750 3415 ejus

2163 3455 2216 3498 et
2263 3445 2378 3515 ipsa
2419 3457 2576 3500 serva
2621 3449 2791 3508 esset;
2837 3440 2934 3498 sed
2981 3456 3047 3498 ex
3077 3439 3330 3497 inetiabili
3379 3438 3744 3510 providentia.

2167 3533 2288 3591 Vult
2315 3535 2457 3590 enim
2484 3534 2630 3589 illum
2660 3532 2748 3588 tali
2774 3531 3190 3588 comminatione
3218 3530 3657 3601 perterreiaeere.
3687 3535 3751 3585 ut

2162 3629 2230 3684 ad
2253 3625 2657 3698 supplicandum
2703 3623 2996 3691 induceret,
3027 3636 3096 3680 ne
3133 3621 3474 3678 venderetur.
3519 3621 3573 3678 Si
3600 3621 3751 3676 enim

2077 3765 2080 3767 λ
2165 3729 2382 3794 propter
2405 3720 2639 3776 debitum
2665 3718 2717 3773 id
2742 3717 2957 3774 fecisset
2976 3757 2990 3782 ,
3019 3731 3128 3773 non
3153 3716 3431 3772 annuisset
3466 3714 3582 3786 ejus
3609 3717 3753 3784 peti-

2167 3815 2318 3877 tioni,
2360 3827 2534 3884 neque
2569 3812 2794 3884 gratiam
2838 3809 3094 3865 dedisset.
3139 3807 3248 3864 Cur
3289 3821 3420 3879 ergo
3461 3816 3752 3878 antequam

2163 3909 2398 3965 rationes
2437 3907 2574 3963 datae
2606 3913 2788 3961 essent
2811 3903 3047 3960 debitum
3092 3917 3202 3957 non
3231 3901 3469 3956 dimisit?
3495 3898 3565 3957 Ut
3587 3899 3752 3955 doce-

2164 4011 2249 4058 ret
2289 4010 2486 4072 quanto
2530 4002 2706 4070 ipsum
2749 3997 2928 4054 debito
2969 3996 3298 4061 absolveret;
3325 4004 3384 4050 ut
3422 3993 3523 4050 hac
3543 3995 3754 4050 ratione

2167 4095 2255 4150 ille
2279 4083 2635 4164 indulgentior
2654 4091 2794 4146 circa
2822 4103 3139 4146 conservum
3169 4096 3333 4142 esset.
3351 4085 3407 4142 Si
3437 4085 3581 4140 enim
3603 4093 3755 4156 post-

2166 4199 2324 4257 quam
2365 4182 2529 4239 debiti
2569 4179 2988 4253 magnitudinem
3028 4176 3234 4244 didicit,
3267 4185 3321 4232 et
3367 4176 3638 4247 ingentem
3665 4190 3755 4232 re-

2153 4277 2500 4355 missionem,
2532 4286 2848 4328 conservum
2889 4285 3041 4324 suum
3085 4281 3190 4324 tam
3229 4283 3419 4338 aspere
3465 4268 3613 4340 egit:
3648 4267 3755 4323 nisi

2171 4370 2315 4424 illum
2343 4366 2537 4422 talibus
2557 4364 2808 4421 remediis
2832 4362 2979 4432 prius
3001 4360 3292 4424 leuivisset,
3314 4374 3418 4431 quo
3440 4375 3544 4416 non
3565 4357 3757 4416 crude-

2172 4460 2332 4515 litatis
2360 4471 2700 4529 processurus
2725 4456 2872 4512 erat?
2900 4454 3036 4524 Quid
3062 4453 3221 4525 igitur
3251 4451 3378 4508 ille?
3410 4450 3503 4506 26.
3539 4450 3756 4505 Patien-

2170 4554 2290 4606 tiam
2335 4551 2464 4605 habe
2489 4553 2542 4604 in
2580 4565 2678 4613 me,
2707 4557 2752 4601 et
2780 4548 2950 4601 omnia
2991 4545 3202 4600 reddam
3239 4545 3345 4598 tibi.
3385 4542 3475 4598 27.
3517 4541 3760 4601 Miserius

2170 4653 2335 4697 autent
2371 4641 2605 4700 dominus
2638 4638 2764 4694 servi
2793 4638 2952 4702 illius,
2981 4636 3170 4690 dimisit
3193 4652 3328 4698 eum,
3359 4644 3406 4689 et
3431 4633 3657 4689 debitum
3680 4636 3761 4689 rli-

2172 4734 2302 4787 misit
2328 4735 2393 4788 ei.
2420 4730 2665 4787 Vidistin’
2693 4743 2902 4784 rursum
2932 4726 3268 4798 benignitatis
3298 4725 3762 4798 magnitudinem?

2171 4826 2488 4881 Dilationem
2544 4832 2744 4892 tantum
2790 4819 3006 4891 petebat
3052 4832 3273 4883 servus;
3320 4817 3411 4874 ille
3456 4832 3586 4874 vero
3636 4816 3764 4888 plus

2177 4933 2334 4988 quam
2363 4917 2575 4986 petebat
2598 4914 2881 4980 concessit,
2898 4913 3268 4969 remissionem
3291 4912 3450 4967 totius
3475 4911 3640 4967 debiti
3680 4921 3762 4966 at-

2178 5024 2282 5078 que
2322 5008 2554 5062 veniam.
2604 5005 2684 5061 Ab
2712 5005 2862 5059 iuitio
2890 5019 3081 5074 nempe
3105 5002 3234 5059 dare
3272 5002 3511 5068 volebat,
3539 4999 3632 5057 sed
3664 5016 3762 5057 no-

493 5087 758 5135 transacta
781 5119 796 5144 ,
831 5077 1050 5148 frigore,
1087 5078 1342 5132 imbribus
1368 5094 1430 5133 ac
1455 5079 1649 5148 vigiliis
1674 5078 1864 5144 attriti,
1888 5078 2068 5134 vacuis
2181 5077 2319 5159 lebat
2345 5101 2544 5156 donum
2570 5115 2634 5154 ex
2663 5114 2722 5154 se
2762 5108 2927 5153 ιοωιη
2957 5112 3077 5153 esse
3098 5139 3112 5163 ν
3139 5096 3236 5153 sed
3261 5096 3378 5166 eius
3414 5094 3766 5166 ωρμιεωιίο,

494 5171 762 5237 manibus,
810 5168 985 5224 adhuc
1031 5168 1301 5224 debitores
1352 5170 1624 5235 recedunt,
1666 5180 2068 5239 procuratorum
2179 5211 2297 5250 nam
2359 5193 2726 5258 imcrvenire’
2779 5207 2846 5245 ne
2900 5192 3243 5246 incoronams
3288 5189 3379 5244 me
3435 5187 3763 5244 discederet.

498 5273 797 5356 Ψηῖῗθηιῖξ)
829 5259 1152 5356 “milio”?
1177 5300 1193 5326 ν
1223 5259 1532 5356 e‘f‘c‘lms
1552 5303 1567 5325 ν
1599 5260 1947 5316 “Nummis
1971 5302 1985 5326 ν
2019 5270 2073 5316 ei
2176 5287 2328 5356 Quod
2354 5296 2528 5342 tamen
2570 5293 2736 5340 totum
2761 5298 2828 5339 ex
2859 5282 2970 5337 Deo
2995 5297 3135 5346 esse,
3164 5280 3374 5338 etiamsi
3397 5279 3489 5335 ille
3516 5293 3766 5350 procum-

496 5353 816 5450 inevitabilia
845 5351 1136 5406 ministeria
1166 5350 1336 5450 magis
1372 5353 1650 5416 timentes,
1680 5368 1838 5424 quam
1871 5363 2072 5409 tantam
2182 5350 2312 5435 gens
2357 5379 2733 5450 supplicavem
2755 5419 2769 5442 ν
2811 5390 2971 5431 causa
3018 5373 3383 5430 concessionis
3423 5371 3723 5428 “curavi,
3752 5387 3770 5426 ε

501 5448 713 5551 ﬁmi”?
744 5455 1055 5515 mniumque
1084 5444 1450 5548 naufragium?
1472 5446 1599 5551 QE“?
1629 5447 1957 5502 e"arm"eri"
1988 5458 2076 5502 “3'
2185 5444 2438 5528 Miserius
2460 5444 2624 5540 enim,
2651 5472 2838 5542 inquit,
2879 5468 3079 5523 dimisit
3104 5467 3205 5523 illi.
3250 5469 3501 5522 Attamen
3527 5465 3607 5520 sic
3634 5480 3772 5536 quo.

498 5538 890 5640 Nam?“
917 5539 1232 5640 fommemf‘
1264 5552 1382 5640 (iure
1411 5536 2072 5640 Pc'jl'lOS?1€'°9"‘_?E*
2183 5581 2286 5635 que
2329 5565 2540 5620 volebat
2590 5536 2648 5617 ut
2687 5536 2777 5618 ille
2820 5561 3016 5632 aliquid
3061 5559 3310 5616 conferre
3359 5559 3653 5623 videretur,
3707 5573 3776 5614 ne

502 5634 736 5700 ipsorum
768 5628 1034 5684 laboribus
1051 5629 1331 5684 toreularia
1348 5640 1402 5686 et
1426 5628 1813 5686 snbtorcularia
1842 5631 2071 5702 replent,
2186 5628 2350 5712 {mmo
2371 5657 2672 5711 afﬁceretur
2721 5628 2959 5725 ψεκτά
2991 5663 3157 5726 mque
3199 5655 3414 5725 propria
3461 5653 3777 5710 “umnam

565 5787 582 5820 ι
623 5787 724 5844 Am,
751 5783 978 5838 “malum
999 5783 1250 5850 colloquia.
2185 5748 2492 5818 institutus,
2527 5748 2801 5820 indulgens
2828 5760 3092 5805 conservo
3121 5745 3282 5803 foret.
