4040 6422
324 384 480 447 595.

390 500 442 553 4.
481 495 736 551 Parabola
777 494 1173 549 misericordiam
1218 492 1471 547 consecuti
1512 498 1560 544 cl
1610 496 1783 557 postea
1818 501 1911 539 ne-

320 590 485 661 gantis
511 597 891 644 ronmrentatur.
921 614 991 626 --
1018 586 1303 654 ﬂuensque
1344 596 1473 653 ergo
1505 581 1593 635 ille
1644 580 1815 633 bonus
1861 590 1909 630 et

320 690 572 749 acceptus
601 678 729 732 fuit:
763 694 884 731 nam
907 676 1183 753 confessus
1209 684 1292 730 cst
1314 684 1367 728 et
1400 672 1646 743 promisit
1673 684 1731 723 se
1757 667 1913 723 debi-

320 782 430 825 tum
452 770 782 826 redditurum
813 784 955 835 esse,
982 768 1228 838 procidit,
1248 777 1302 821 et
1326 765 1551 835 rogavit,
1572 778 1667 816 sua
1698 770 1911 832 peccata

320 860 617 925 damnavit,
650 859 927 930 debitiqne
949 858 1363 929 magnitudinem
1394 854 1646 925 agnovit:
1678 852 1774 908 sed
1795 868 1913 923 qua:

318 961 609 1022 sequuntur
635 951 846 1022 indigna
865 950 1132 1021 prioribus
1146 958 1291 1004 sunt.
1310 950 1569 1019 Egressus
1590 946 1796 1012 statim,
1817 959 1915 999 nec

316 1045 487 1099 multo
501 1042 687 1114 elapso
710 1052 972 1112 tempore,
996 1042 1089 1097 sed
1110 1041 1312 1105 statim,
1332 1056 1452 1095 cum
1477 1052 1720 1109 prmseus
1740 1036 1915 1090 adhue

314 1134 635 1191 benellcium
670 1144 853 1203 esset,
891 1134 1031 1189 dono
1053 1175 1068 1200 ,
1100 1146 1304 1188 necnon
1335 1132 1582 1187 libertate
1620 1145 1651 1183 a
1691 1128 1913 1183 domino

314 1227 413 1282 sibi
443 1241 698 1283 concessa
722 1226 787 1280 ad
815 1226 1105 1295 nequitiam
1138 1240 1266 1280 usus
1284 1233 1386 1279 est.
1410 1222 1501 1278 28.
1531 1219 1658 1276 Cum
1678 1221 1915 1274 invenis-

314 1328 387 1372 set
423 1319 570 1374 enim
617 1335 773 1372 unum
801 1333 865 1372 ex
908 1317 1158 1371 conservis
1182 1358 1198 1379 ,
1244 1316 1330 1385 qui
1359 1313 1567 1369 debebat
1595 1312 1673 1366 illi
1712 1318 1914 1365 centum

316 1409 555 1463 denarios
577 1451 593 1477 ,
625 1408 909 1475 sulfocabat
955 1425 1067 1462 eum
1101 1408 1311 1462 dicens:
1342 1405 1521 1462 Redde
1562 1408 1699 1472 quod
1741 1402 1907 1456 debes.

321 1498 567 1555 Vidistin’
606 1498 809 1553 domini
858 1496 1318 1554 misericordiam?
1349 1495 1580 1551 vidistin‘
1600 1494 1742 1549 servi
1784 1508 1911 1547 cru-

316 1590 588 1645 delitatem
610 1590 633 1644 ?
658 1590 851 1645 Audite
874 1590 963 1659 qui
1010 1604 1109 1660 pro
1138 1588 1375 1658 pecuniis
1408 1586 1523 1642 haec
1550 1585 1745 1640 facitis.
1776 1583 1911 1638 Cum

316 1684 459 1739 enim
488 1698 584 1751 pro
610 1682 844 1753 peccatis
868 1681 919 1736 id
945 1697 1049 1736 non
1086 1681 1243 1736 liceat
1273 1679 1481 1744 facere,
1510 1686 1712 1749 quanto
1735 1677 1911 1731 minus

316 1791 413 1846 pro
440 1775 727 1847 pecuniis?
752 1774 887 1841 Quid
929 1775 1088 1845 igitur
1126 1773 1257 1827 ille?
1298 1772 1390 1827 29.
1437 1770 1747 1825 Putientiam
1786 1767 1913 1822 [urbe

315 1867 367 1919 in
395 1883 489 1930 me,
513 1876 559 1919 et
580 1866 750 1919 omnia
776 1864 986 1920 reddam
1009 1866 1116 1919 tibi.
1145 1863 1235 1919 llle
1262 1878 1389 1919 vero
1410 1878 1478 1918 ne
1503 1862 1665 1918 verba
1694 1860 1911 1931 quidem

315 1957 581 2013 reveritus
612 1963 718 2020 est,
748 1970 845 2027 per
867 1972 984 2026 quae
1017 1956 1129 2025 ipse
1150 1964 1394 2010 servatus
1424 1952 1616 2009 fuerat.
1645 1952 1776 2007 Nam
1797 1951 1910 2022 ipse

316 2047 400 2103 his
437 2047 592 2103 dictis
622 2062 649 2101 a
680 2047 868 2102 decem
901 2047 1125 2101 millium
1160 2046 1482 2101 talentorum
1529 2044 1713 2098 debito
1752 2044 1910 2097 abso-

314 2138 459 2195 lutus
484 2150 567 2195 est
590 2156 603 2192 :
636 2154 733 2195 nec
756 2148 967 2209 portum
991 2137 1261 2209 cognovit,
1286 2152 1380 2207 per
1394 2152 1553 2208 quem
1574 2134 1909 2203 naufragium

314 2230 623 2302 eﬂugisset:
656 2246 754 2286 nec
784 2229 1190 2302 supplicationis
1218 2227 1409 2283 modus
1437 2227 1638 2283 domini
1668 2226 1910 2297 benigni-

314 2334 476 2381 tatem
508 2327 560 2379 in
591 2332 826 2379 mentem
881 2322 981 2393 ipsi
1029 2321 1297 2377 revocavit
1324 2336 1338 2389 ;
1387 2319 1483 2375 sed
1514 2319 1607 2374 illa
1634 2319 1813 2373 omnia
1841 2333 1910 2375 ex

311 2417 531 2471 avaritia
558 2457 573 2482 ,
603 2414 925 2470 crudelitate
952 2422 1007 2469 et
1050 2413 1248 2468 duritie
1290 2412 1550 2482 ahjieieus
1591 2426 1655 2466 ex
1686 2411 1867 2465 animo
1889 2451 1905 2477 ,

313 2508 425 2564 fera
456 2510 641 2579 quavis
666 2509 861 2563 saevius
888 2521 1208 2561 conservum
1240 2504 1553 2563 suﬂ'oeabat.
1586 2503 1723 2571 Quid
1753 2501 1905 2569 facis,

310 2616 345 2656 ο
376 2600 572 2655 homo?
603 2615 707 2654 non
728 2600 897 2655 sentis
922 2640 939 2667 ,
985 2610 1043 2653 ut
1071 2598 1299 2668 teipsum
1346 2596 1635 2667 decipiasr
1669 2595 1904 2666 gladium

311 2700 498 2746 contra
532 2700 584 2746 te
609 2690 796 2760 adigas
819 2731 834 2755 ,
866 2705 929 2745 ac
958 2690 1279 2745 sententiam
1310 2689 1618 2759 donumque
1647 2688 1907 2745 revoces?

308 2782 413 2838 Sed
446 2782 575 2837 nihil
603 2782 794 2837 horum
821 2783 1113 2852 cogitavit,
1144 2797 1243 2835 nec
1269 2796 1446 2835 rerum
1473 2795 1689 2835 suarum
1720 2794 1903 2835 recor-

310 2873 467 2929 datus
508 2884 588 2929 est
608 2915 623 2938 ,
659 2888 833 2941 neque
861 2873 1023 2928 cessit
1062 2873 1282 2927 omnino
1308 2889 1320 2927 :
1351 2888 1672 2942 quamquam
1701 2888 1806 2927 non
1837 2871 1906 2926 de

310 2968 526 3038 paribus
555 2966 869 3037 supplicatio
884 2977 1019 3021 erat.
1042 2965 1137 3021 llic
1156 2981 1385 3036 namque
1418 2981 1514 3035 pro
1534 2966 1719 3021 decem
1747 2965 1907 3019 milli-

310 3061 411 3116 bus
440 3062 673 3127 talentis,
698 3061 786 3116 ille
818 3076 914 3130 pro
942 3075 1155 3116 centum
1183 3048 1419 3117 denariis
1449 3062 1796 3129 preCabatur;
1818 3062 1904 3117 ille

310 3166 627 3208 conservum
652 3193 668 3219 ,
700 3152 789 3207 hic
834 3151 1110 3207 dominum
1137 3168 1151 3218 ;
1185 3152 1272 3207 hic
1301 3153 1589 3222 perfectam
1627 3153 1901 3209 remissio-

313 3260 436 3299 nem
461 3245 685 3314 accepit.
721 3243 809 3297 ille
830 3244 1142 3298 dilationem
1178 3243 1427 3313 petebat:
1462 3253 1508 3297 et
1538 3262 1599 3297 ne
1622 3245 1765 3297 illam
1786 3244 1901 3314 qui-

309 3338 423 3391 dem
450 3337 531 3390 hic
554 3337 796 3390 concessit
819 3336 898 3389 illi
919 3352 937 3390 :
961 3335 1049 3392 30.
1084 3334 1149 3389 In
1179 3351 1427 3390 carcerem
1457 3335 1599 3391 enim
1621 3336 1764 3390 illum
1783 3352 1905 3390 con-

309 3429 446 3502 iecit.
483 3428 571 3482 3l.
612 3426 847 3483 Videntes
871 3438 1039 3482 autem
1064 3429 1308 3492 conservi,
1340 3438 1731 3484 accusaverunt
1753 3428 1900 3482 illum

307 3518 448 3588 apud
472 3516 772 3582 dominum,
807 3518 1106 3588 dominoque
1132 3517 1411 3572 retulerunt
1430 3519 1469 3573 '.
1492 3518 1567 3573 Nc
1594 3517 1901 3573 hominibus

308 3610 522 3681 quidem
551 3608 654 3664 hoc
683 3608 941 3677 placebat,
963 3608 1157 3664 nedum
1189 3607 1317 3663 Deo.
1335 3612 1451 3667 Una
1467 3610 1903 3683 ergocontrista-

308 3698 351 3752 ti
369 3700 592 3753 suntvel
616 3699 689 3753 illi
711 3699 801 3769 qui
834 3700 961 3753 nihil
983 3699 1269 3753 debebant.
1291 3698 1425 3767 Quid
1458 3716 1587 3770 ergo
1612 3699 1899 3755 dominus?

308 3788 398 3844 32.
449 3788 605 3844 Serve
628 3807 842 3859 nequam
867 3789 887 3819 '
908 3832 923 3857 ,
953 3808 1100 3845 autne
1138 3791 1359 3844 debitum
1404 3792 1531 3844 illud
1578 3792 1745 3845 dimisi
1776 3792 1863 3845 tibi
1881 3832 1896 3858 ,

306 3881 425 3951 quia
470 3882 660 3950 rogasti
706 3897 801 3935 me.
852 3882 937 3936 33.
987 3879 1175 3935 Nonne
1236 3882 1457 3953 oportuit
1499 3893 1547 3936 et
1590 3893 1636 3937 te
1677 3886 1901 3937 misereri

306 3975 532 4027 conservi
554 3975 646 4039 tui,
669 3976 797 4027 sicut
818 3986 864 4027 et
894 3991 982 4045 ego
1006 3974 1076 4027 tui
1100 3975 1331 4030 misertus
1350 3992 1460 4029 sum
1484 3976 1509 4029 ?
1532 3975 1662 4036 Vide
1684 3992 1897 4031 rursum

306 4065 768 4120 mansuetudinem
796 4064 1016 4120 domini.
1036 4063 1169 4120 Cum
1193 4066 1282 4120 illo
1301 4066 1502 4137 judicio
1525 4067 1823 4136 contendit,
1846 4078 1901 4125 et

309 4174 429 4215 sese
462 4167 685 4229 purgat,
710 4157 909 4212 donum
937 4168 1285 4213 revocaturus
1310 4176 1325 4221 ;
1354 4160 1461 4214 imo
1498 4176 1627 4216 vero
1652 4176 1755 4216 non
1785 4162 1899 4231 ipse

305 4251 597 4317 revocavit,
628 4251 720 4305 sed
757 4251 798 4305 is
824 4252 911 4320 qui
941 4262 1239 4321 acceperat.
1272 4250 1397 4307 Ideo
1426 4252 1589 4308 dicit:
1625 4252 1787 4308 Omne
1806 4256 1898 4310 de-

302 4344 464 4397 bitum
490 4344 619 4398 illud
645 4344 815 4398 dimisi
835 4345 924 4397 tibi
947 4385 962 4409 ,
990 4346 1109 4411 quia
1128 4345 1320 4416 rogasti
1339 4362 1435 4398 me.
1467 4345 1650 4400 Nonne
1677 4350 1898 4417 oportuit

304 4443 351 4488 et
382 4444 428 4487 te
452 4435 679 4488 misereri
722 4436 947 4489 conservi
989 4435 1105 4489 tui?
1138 4436 1245 4489 Etsi
1293 4436 1438 4490 enim
1478 4451 1762 4492 onerosum
1805 4440 1896 4495 tibi

303 4526 568 4592 videatur,
588 4536 643 4581 at
667 4527 902 4597 oportuit
930 4527 993 4581 ad
1024 4526 1227 4581 lucrum
1261 4529 1525 4597 respicere
1547 4528 1654 4599 jam
1678 4529 1893 4596 factum,

304 4627 361 4672 et
387 4617 451 4671 ad
481 4616 735 4672 futurum.
770 4617 837 4671 Et
863 4617 905 4670 si
938 4632 1225 4672 onerosum
1271 4620 1339 4671 sit
1370 4629 1695 4688 praeceptum
1716 4662 1730 4687 ,
1760 4637 1897 4690 prte—

307 4708 471 4761 mium
500 4708 734 4777 cogitare
766 4708 1003 4777 oportuit
1027 4726 1040 4770 ;
1063 4717 1221 4777 atque
1244 4709 1296 4761 in
1322 4720 1503 4763 mente
1528 4726 1763 4775 versare,
1791 4728 1894 4767 non

302 4798 444 4867 quod
479 4798 573 4853 ille
600 4798 693 4853 tibi
719 4797 972 4854 damnum
1003 4799 1214 4865 inferat,
1247 4799 1339 4855 sed
1370 4800 1509 4869 quod
1539 4802 1705 4857 Deum
1729 4812 1783 4857 tu
1815 4804 1896 4859 of-

304 4888 513 4954 fendas,
543 4904 700 4959 quem
728 4889 954 4960 simplici
978 4891 1283 4958 precatione
1308 4891 1552 4961 placasti.
1578 4895 1641 4948 Et
1663 4895 1706 4948 si
1734 4897 1893 4952 etiam

304 4979 383 5034 sic
417 4980 509 5035 tibi
533 4996 821 5035 onerosum
852 4982 1085 5047 videtur,
1118 4983 1161 5036 si
1196 4992 1245 5035 tc
1272 4983 1516 5039 laudantis
1544 4986 1748 5042 amicus
1778 4991 1891 5052 lias,

301 5072 459 5141 longe
487 5072 701 5142 gravius
729 5074 831 5128 erit
871 5072 922 5127 in
950 5072 1250 5145 gehennam
1288 5075 1526 5132 incidere
1552 5097 1565 5132 :
1595 5089 1649 5134 et
1688 5080 1732 5135 si
1767 5079 1893 5134 illud

302 5163 401 5231 ipsi
430 5163 727 5231 retulisses,
751 5173 879 5220 tunc
897 5165 1263 5236 cognovisses,
1290 5167 1340 5221 id
1369 5169 1536 5224 multo
1566 5169 1734 5225 levius
1751 5186 1891 5227 esse.

303 5255 370 5308 Et
394 5269 513 5308 cum
546 5254 710 5310 millia
738 5257 935 5311 talenta
966 5256 1187 5313 deberet
1212 5300 1226 5323 ,
1257 5259 1399 5314 Deus
1427 5276 1531 5315 non
1554 5263 1756 5317 vocavit
1785 5280 1894 5319 ma-

302 5344 452 5411 lum,
485 5360 584 5401 nec
626 5346 816 5415 injuria
857 5346 1069 5411 ait'ecit,
1106 5348 1200 5403 sed
1232 5351 1485 5405 misertus
1530 5362 1613 5407 est
1641 5371 1653 5407 :
1683 5355 1895 5424 quando

300 5445 479 5489 autem
508 5439 648 5493 circa
692 5454 1015 5495 conservum
1058 5440 1307 5497 immanis
1349 5442 1571 5498 eil'ectus
1606 5454 1727 5511 est,
1771 5454 1895 5502 tunc

302 5527 456 5595 dicit,
486 5526 641 5584 Serve
668 5547 902 5600 nequam.
928 5532 1142 5599 Audite,
1166 5535 1311 5587 avari
1338 5551 1352 5599 ;
1387 5550 1509 5589 nam
1537 5551 1633 5591 vos
1660 5536 1775 5593 lucc
1811 5554 1897 5594 re-

368 5684 391 5762 :
408 5683 545 5762 llaec,
569 5683 861 5762 dominoque
890 5688 1175 5762 retulerunt,
1198 5706 1309 5753 quae
1348 5692 1396 5743 iu
1439 5696 1591 5747 Savil.
1621 5704 1670 5750 et
1702 5700 1901 5762 optimis

300 5745 441 5792 codd.
472 5745 671 5803 absunt,
694 5747 742 5797 in
770 5745 946 5801 Grmeo
968 5745 1243 5803 omisimus.

363 5806 385 5837 ³
408 5808 527 5870 Alii,
560 5810 708 5862 Serve
731 5824 939 5879 nequam
961 5818 1005 5862 et
1030 5810 1221 5881 ignore.

1309 376 1373 432 IN
1411 368 1815 432 MATTIUEUM
1853 366 2082 425 llOlliL.
2124 368 2257 425 LXI.
2300 370 2370 425 al.
2414 370 2571 427 ιλιι.

3530 374 3632 429 595

2023 485 2278 554 spiciuut.
2308 484 2993 553 Audite,in‘imisericordcs
3019 498 3072 545 et
3097 488 3368 556 crudeles,
3401 506 3492 546 vos
3525 508 3631 549 non

2022 580 2143 634 aliis
2170 596 2292 636 esse
2318 582 2566 639 crudeles
2591 624 2606 647 ,
2638 583 2733 639 sed
2763 585 2913 641 vobis
2939 585 3087 655 ipsis.
3115 582 3248 639 Cum
3276 599 3407 655 ergo
3442 587 3628 640 volue-

2019 673 2096 726 ris
2137 672 2357 742 injurias
2392 673 2444 728 in
2478 686 2709 730 mentem
2742 692 3026 743 revocare,
3052 678 3285 747 cogitate
3314 687 3500 732 contra
3543 687 3627 733 tc-

2022 762 2195 831 ipsum
2226 763 2343 817 illas
2375 780 2636 822 revocare
2659 808 2673 831 ,
2709 782 2813 821 non
2843 767 3257 833 contra'alium;
3288 776 3339 823 te
3370 775 3456 821 tua
3500 783 3624 837 pec-

2020 862 2137 905 cata
2184 854 2441 923 colligere
2465 896 2478 919 ,
2511 870 2615 909 non
2668 857 2917 925 proximi.
2949 856 3030 912 Tu
3079 855 3296 928 quidem
3321 898 3337 922 ,
3369 856 3626 926 quidquid

2019 953 2206 998 contra
2238 945 2385 999 illum
2417 946 2531 1017 agis
2552 989 2566 1009 ,
2596 958 2650 1001 ut
2674 948 2833 1002 homo
2854 948 3000 1019 agis,
3023 958 3078 1003 et
3108 949 3159 1002 in
3189 948 3443 1017 pnesenti
3475 948 3574 1001 vita
3608 964 3623 1012 ;

2020 1036 2164 1091 Deus
2193 1053 2323 1092 vero
2351 1054 2457 1092 non
2489 1040 2587 1106 sic,
2621 1042 2712 1098 sed
2738 1042 2925 1110 majori
2954 1052 3004 1096 te
3033 1050 3088 1096 et
3111 1052 3317 1096 aeterno
3346 1040 3455 1096 illic
3495 1056 3623 1109 sup-

2020 1128 2178 1198 plicio
2200 1128 2399 1184 afilciet
2427 1148 2439 1184 :
2467 1145 2588 1184 nam
2620 1132 2693 1185 ait
2728 1153 2739 1187 :
2770 1133 2858 1187 3i.
2891 1130 3132 1186 Tradidit
3157 1147 3274 1187 eum
3303 1130 3580 1186 tortoribus
3604 1172 3623 1197 ,

2019 1218 2179 1274 donec
2218 1235 2367 1274 omne
2411 1219 2635 1275 debitum
2667 1223 3014 1291 persolveret;
3056 1222 3107 1278 id
3150 1231 3268 1288 est,
3316 1231 3624 1292 perpetuo;

2019 1326 2308 1381 numquam
2350 1315 2492 1368 enim
2523 1312 2715 1367 solvet.
2746 1312 2881 1380 Quia
2910 1328 2976 1369 ex
3006 1310 3270 1369 beneficio
3298 1328 3405 1368 non
3437 1313 3619 1367 melior

2015 1404 2273 1471 evasisti,
2306 1420 2471 1459 unum
2518 1404 2875 1475 relinquitur,
2911 1414 2969 1459 ut
2990 1406 3254 1476 supplicio
3294 1404 3625 1461 emenderis.

2018 1496 2167 1552 Licet
2186 1498 2393 1568 gratiae,
2416 1507 2471 1553 et
2497 1496 2640 1553 dona
2670 1497 2765 1553 Dei
2793 1500 2910 1553 sine
2932 1497 3243 1569 paenitentia
3272 1497 3414 1554 sint:
3439 1507 3493 1551 at
3519 1506 3635 1550 tan-

2019 1596 2127 1642 tum
2159 1588 2325 1643 valuit
2360 1588 2594 1659 nequitia
2623 1628 2639 1654 ,
2692 1598 2749 1643 ut
2787 1588 2927 1643 hanc
2964 1587 3137 1659 legem
3185 1586 3440 1644 solveret.
3485 1586 3624 1656 Quid

2015 1696 2143 1751 ergo
2174 1681 2490 1751 injuriarum
2518 1682 2896 1737 recordatione
2937 1681 3174 1739 deterius
3198 1723 3214 1749 ,
3258 1696 3378 1750 qua:
3418 1679 3623 1736 donum

2015 1772 2257 1827 divinum
2285 1774 2389 1829 tale
2414 1790 2477 1829 ac
2500 1783 2705 1829 tantum
2738 1782 2990 1830 evertere
3022 1775 3233 1845 possit?
3260 1774 3444 1843 Neque
3471 1773 3623 1828 illum

2015 1865 2353 1936 simpliciter,
2402 1867 2495 1922 sed
2522 1866 2691 1922 iratus
2732 1867 2973 1923 tradidit.
3020 1866 3249 1934 Quando
3290 1868 3433 1923 enim
3462 1867 3623 1937 jussit

2016 1958 2166 2013 illum
2190 1959 2372 2027 vendi,
2400 1975 2507 2015 non
2534 1958 2837 2015 irativerba
2862 1966 3056 2025 erant;
3090 1958 3212 2014 ideo
3239 1974 3347 2015 non
3377 1958 3428 2013 id
3461 1957 3579 2013 fecit
3604 1975 3621 2023 ;

2014 2048 2109 2104 sed
2135 2047 2234 2103 hoc
2258 2050 2475 2105 occasio
2503 2048 2733 2120 grandis,
2751 2048 3135 2105 misericordia:
3162 2048 3260 2107 fuit
3283 2066 3296 2103 :
3326 2063 3467 2104 nunc
3494 2061 3623 2101 vero

2016 2139 2397 2211 indignationis
2426 2155 2633 2211 magna:
2658 2140 2924 2196 sententia
2955 2150 3056 2207 est,
3081 2139 3326 2211 supplicii
3354 2152 3512 2210 atque
3538 2140 3622 2194 ul-

2015 2233 2194 2288 tionis.
2225 2232 2361 2300 Quid
2388 2248 2519 2304 ergo
2544 2233 2645 2289 sibi
2674 2235 2787 2289 vult
2812 2232 3105 2305 parabola?
3133 2233 3222 2289 35.
3257 2232 3349 2288 Sic
3370 2234 3507 2286 vobis
3538 2235 3623 2304 fa-

2014 2323 2107 2376 ciet
2155 2322 2316 2378 Pater
2361 2340 2501 2379 meus
2525 2363 2541 2390 ,
2590 2325 2800 2395 inquit,
2831 2325 2928 2379 nisi
2957 2325 3252 2379 remtseritis
3279 2325 3622 2394 unusquisque

2014 2414 2166 2484 fratri
2194 2431 2287 2469 suo
2314 2414 2377 2469 de
2406 2415 2559 2469 corde
2588 2426 2749 2471 oestro
2779 2425 2989 2487 peccata
3017 2416 3269 2486 ipsorum.
3300 2414 3418 2471 Non
3447 2415 3582 2471 dixit
3602 2458 3618 2479 ,

2012 2504 2172 2560 Pater
2220 2518 2436 2570 veSter;
2491 2505 2626 2572 sed,
2676 2505 2837 2560 Pater
2888 2523 3047 2562 meus.
3094 2504 3212 2561 Non
3245 2507 3387 2560 enim
3427 2506 3621 2577 dignus

2011 2607 2097 2652 est
2126 2598 2202 2653 sic
2233 2598 2507 2669 improbus
2536 2606 2591 2654 et
2617 2597 2941 2654 inhumanus
2964 2639 2982 2667 ,
3012 2599 3102 2670 qni
3134 2598 3303 2654 Deum
3335 2608 3489 2654 vocet
3514 2598 3617 2654 Pa-

2011 2699 2168 2746 trem.

2082 2784 2136 2839 5.
2175 2784 2286 2838 Duo
2314 2784 2475 2855 igitur
2504 2783 2592 2839 hic
2622 2784 2834 2855 quaerit,
2861 2793 2918 2839 ut
2946 2793 3164 2854 peccata
3192 2793 3375 2839 nostra
3398 2782 3619 2838 damne-

2012 2892 2151 2937 mus.
2176 2888 2228 2931 et
2252 2876 2370 2929 aliis
2394 2876 2733 2931 remittamus
2757 2892 2773 2941 ;
2805 2884 2860 2931 et
2886 2877 2989 2932 hoc
3017 2884 3241 2946 propter
3268 2876 3419 2943 illud,
3450 2888 3507 2929 ut
3539 2875 3615 2929 fa-

2009 2969 2165 3023 cilius
2205 2967 2331 3022 illud
2358 2968 2429 3021 sit
2464 2967 2611 3037 (nam
2639 2966 2729 3039 qui
2758 2968 2958 3037 cogitat
2990 2977 3207 3036 peccata
3248 2981 3343 3021 sua
3370 3007 3385 3031 ,
3427 2966 3619 3021 indui-

2007 3060 2219 3130 gentior
2251 3061 2354 3113 erit
2381 3056 2722 3126 conservo);
2755 3072 2929 3126 neque
2967 3057 3146 3113 solum
3176 3070 3272 3110 ore
3295 3097 3310 3121 ,
3335 3057 3427 3109 sed
3455 3056 3620 3111 corde

2010 3151 2386 3207 dimittendum
2415 3158 2519 3214 est,
2550 3164 2619 3205 ne
2647 3158 2834 3205 contra
2858 3164 2956 3203 nos
2980 3149 3216 3219 gladium
3246 3149 3521 3220 alligamus
3547 3148 3619 3203 oh

2010 3245 2326 3314 injuriarum
2374 3241 2713 3297 memoriam.
2756 3240 2893 3309 Quid
2933 3242 3076 3295 enim
3112 3242 3203 3295 tibi
3242 3250 3449 3295 tantum
3489 3241 3618 3331 mali

2009 3337 2187 3392 intulit
2211 3335 2301 3407 qui
2343 3334 2566 3389 offendit
2588 3334 2605 3366 ¹
2629 3375 2645 3401 ,
2686 3340 2945 3404 quantum
2974 3332 3068 3387 tibi
3099 3332 3264 3388 infers
3288 3373 3302 3398 ,
3334 3347 3453 3387 cum
3479 3332 3615 3387 iram

2006 3429 2188 3483 animo
2230 3442 2412 3482 versas
2435 3466 2449 3492 ,
2480 3435 2532 3481 et
2571 3424 2893 3481 sententiam
2938 3425 3029 3481 Dei
3062 3433 3114 3480 te
3141 3424 3488 3493 damnantem
3520 3425 3613 3481 tibi

2005 3520 2235 3575 attrahis
2258 3521 2281 3571 'l
2304 3517 2441 3573 Nam
2470 3517 2513 3572 si
2545 3526 2600 3571 tu
2624 3516 2812 3587 vigiles
2838 3526 2890 3572 et
2912 3514 3305 3586 philosopheris
3324 3557 3339 3581 ,
3374 3517 3425 3571 in
3452 3524 3618 3585 caput

2006 3614 2147 3669 illius
2178 3612 2375 3665 malum
2408 3616 2704 3681 torquetur,
2734 3619 2788 3663 et
2814 3608 2858 3662 is
2887 3608 2998 3677 ipse
3024 3612 3127 3663 erit
3156 3610 3244 3679 qui
3273 3608 3414 3664 male
3442 3609 3614 3679 patie-

2006 3712 2129 3758 tur:
2177 3702 2260 3755 sin
2302 3712 2356 3755 tu
2407 3714 2723 3771 perseveres
2771 3699 2999 3754 moleste
3026 3708 3080 3753 et
3108 3700 3345 3771 graviter
3390 3698 3607 3765 ferens,

2004 3796 2153 3851 solus
2180 3794 2434 3849 damnum
2467 3792 2672 3849 referes
2690 3832 2707 3858 ,
2744 3807 2848 3847 non
2875 3792 2944 3846 ab
2970 3792 3064 3847 illo
3088 3835 3104 3861 ,
3134 3792 3229 3848 sed
3255 3808 3285 3847 a
3316 3792 3508 3864 teipse.
3533 3792 3611 3851 Ne

2004 3885 2203 3940 dixeris
2235 3899 2386 3955 erga,
2418 3884 2499 3939 Mc
2526 3883 2852 3938 contumelia
2880 3882 3089 3949 affecit,
3121 3884 3477 3939 calumniatus
3504 3894 3609 3949 est,

2004 3976 2285 4031 innumera
2330 3975 2510 4029 intulit
2552 3975 2729 4030 mala:
2768 3984 2971 4044 quanto
2999 3974 3146 4029 enim
3186 3976 3338 4046 plura
3364 3974 3611 4043 dixeris,

2006 4079 2154 4125 tanto
2200 4068 2369 4141 magis
2402 4070 2701 4125 benelicum
2748 4067 2897 4123 illum
2947 4066 3211 4123 ostendis.
3257 4068 3609 4124 Occasionem

2004 4164 2199 4233 quippe
2229 4162 2321 4217 tibi
2352 4162 2500 4217 dedit
2528 4172 2743 4231 peccata
2796 4160 3139 4230 deponendi;
3188 4162 3257 4215 ita
3303 4170 3361 4215 ut
3405 4170 3611 4231 quanto

2004 4256 2174 4323 magis
2204 4266 2253 4309 te
2282 4252 2481 4307 [mserit
2506 4294 2521 4316 ,
2554 4260 2700 4307 tanto
2728 4252 2989 4323 majorem
3020 4260 3364 4324 peccatorum
3397 4254 3490 4307 tibi
3525 4268 3610 4308 re-

2003 4347 2313 4401 missionem
2360 4346 2688 4406 conciliabit.
2728 4345 2862 4400 Nam
2905 4346 2949 4402 si
2995 4345 3258 4413 velimus,
3308 4362 3468 4403 nemo
3510 4363 3609 4404 nos

2004 4440 2201 4495 lavdcre
2243 4440 2438 4510 poterit
2467 4439 2547 4510 (α)
2580 4458 2592 4494 :
2624 4440 2715 4496 sed
2744 4450 2798 4495 et
2836 4440 2936 4510 ipsi
2963 4441 3161 4495 inimici
3194 4441 3345 4495 nobis
3370 4443 3609 4499 maxime

2002 4544 2245 4605 prosunt.
2279 4533 2486 4604 Ecquid
2518 4533 2587 4589 de
2632 4534 2941 4589 hominibus
2969 4534 3205 4604 loquor?
3245 4534 3365 4604 Ipso
3392 4535 3608 4591 diabolo

2001 4628 2127 4700 quid
2168 4628 2480 4683 sceleratius
2510 4627 2633 4683 est?
2672 4631 2921 4683 Attamen
2949 4630 3018 4683 ab
3052 4629 3148 4684 illo
3187 4643 3433 4699 magnam
3469 4629 3607 4684 bene

2002 4721 2193 4791 agendi
2222 4722 2562 4775 occasionem
2594 4730 2936 4784 mutuamur,
2965 4729 3022 4775 ut
3050 4719 3151 4776 Job
3173 4722 3503 4791 comprobat.
3548 4722 3606 4778 Si

2001 4828 2164 4883 porro
2200 4813 2445 4868 diabolus
2475 4812 2688 4867 occasio
2717 4825 2799 4867 est
2838 4828 3179 4881 coronarum,
3212 4830 3308 4870 cur
3331 4818 3606 4871 inimicum

2002 4906 2200 4960 times?
2230 4905 2363 4961 Vide
2398 4915 2595 4975 quanta
2629 4906 2889 4972 lucreris,
2924 4906 3051 4960 dum
3094 4907 3434 4962 inimicorum
3486 4925 3605 4962 mo-

2000 4998 2182 5054 lestias
2209 4997 2321 5053 fers
2362 5001 2641 5068 patienter.
2676 4999 2854 5053 Primo
2886 4999 3100 5070 quidem
3127 5040 3143 5065 ,
3176 5000 3228 5055 id
3255 5001 3396 5071 quod
3427 5003 3603 5057 maxi-

2002 5106 2146 5145 mum
2175 5099 2260 5145 est
2283 5131 2297 5156 ,
2339 5100 2676 5160 peccatorum
2706 5092 3118 5158 remissionem;
3148 5094 3385 5149 secundo
3427 5110 3609 5163 perse-

2000 5184 2296 5237 verantiam
2328 5194 2379 5238 et
2428 5184 2735 5252 patientiam
2764 5226 2777 5245 ,
2831 5185 3025 5249 tertio,
3058 5188 3524 5241 mansuetudinem
3554 5198 3608 5243 et

2001 5276 2404 5346 benignitatem.
2436 5275 2535 5341 Qui
2562 5276 2705 5329 enim
2734 5277 2904 5331 nescit
2932 5276 3088 5330 irasci
3114 5277 3372 5332 adversus
3402 5294 3493 5333 eos
3514 5279 3609 5349 qui

2003 5384 2063 5424 se
2110 5367 2389 5423 alicndunt
2415 5408 2429 5432 ,
2479 5366 2647 5420 multo
2675 5370 2845 5437 magis
2890 5384 3015 5437 erga
3054 5367 3259 5423 amicos
3302 5371 3445 5423 mitis
3484 5372 3607 5423 erit.

2003 5462 2235 5529 Quarto,
2266 5459 2409 5527 quod
2432 5472 2648 5527 semper
2677 5460 2753 5513 ira
2786 5458 2937 5513 vacui
2968 5459 3158 5527 sinnts,
3188 5462 3273 5516 cui
3306 5461 3446 5515 bono
3478 5462 3608 5516 nihil

2069 5570 2281 5643 ‘hSaYil,
2309 5571 2432 5632 quid
2456 5569 2587 5620 enim
2610 5571 2815 5634 oﬂ‘ensor
2847 5571 2934 5621 tibi
2963 5577 3150 5623 unitum
3174 5573 3291 5625 mall
3315 5572 3499 5637 inferre
3522 5587 3608 5637 po-

2176 5694 2403 5768 solemne
2426 5695 2610 5768 dictum
2656 5696 3001 5768 Chrysostomi,
3053 5705 3198 5747 Nemo
3244 5697 3443 5768 (tegitur
3459 5698 3609 5768 nisi}

2003 5758 2176 5871 163330.
2202 5766 2300 5817 Qua
2323 5758 2388 5811 dc
2412 5770 2469 5808 re
2496 5758 2673 5808 l:brum
2693 5758 2864 5810 edidit.
2884 5758 3105 5823 V.supra
3128 5767 3276 5811 'I‘omo
3298 5763 3344 5822 3,
3372 5762 3466 5811 cui.
3502 5762 3609 5812 459·
