4040 6430
487 515 591 570 par
616 511 731 553 esse
763 497 944 567 possit.
979 495 1106 552 Nam
1133 496 1246 566 -qui
1277 506 1562 564 numquam
1604 490 1882 553 irascitur,
1919 488 2065 543 nullo

493 604 724 646 nimi-ore
752 590 1026 658 mentitur,
1053 596 1116 644 ut
1148 587 1402 658 liquidum
1425 595 1526 651 est,
1557 598 1731 653 neque
1760 583 1918 636 vitam
1946 591 2066 651 aget

483 683 542 737 in
581 683 726 736 vanis
769 681 1038 736 laboribus
1091 678 1512 748 doloribusque:
1564 676 1652 745 qui
1693 674 1836 728 enim
1887 673 2068 728 odisse

489 771 678 835 nescit,
703 784 802 826 nec
827 770 1014 825 dolore
1037 766 1281 831 afﬁcitur,
1301 767 1393 823 sed
1416 766 1618 822 deliciis
1645 766 1894 834 milleque
1912 763 2064 820 bonis

489 863 691 916 fruitur.
720 860 900 930 Itaque
921 874 1019 916 nos
1036 859 1178 927 ipsos
1195 857 1454 928 supplicio
1478 855 1762 917 afﬁcimus,
1782 854 1909 908 dum
1931 853 2065 908 alios

487 953 610 1008 odi-3
634 953 934 1018 habemus;
961 953 1097 1008 sicut
1122 959 1178 1007 et
1216 949 1370 1004 nobis
1398 947 1656 1004 beneﬁcia
1696 945 2020 1002 conferimus
2044 985 2058 1009 ,

485 1043 610 1098 dum
647 1043 943 1114 diligimus.
990 1041 1069 1097 Ad
1112 1041 1266 1108 lucc,
1309 1039 1624 1095 venerabilis
1667 1038 1794 1108 ipsis
1837 1035 2064 1090 inimicis

484 1137 591 1192 eris
616 1177 630 1201 ,
662 1134 870 1190 etiamsi
896 1133 1166 1189 diBHIOﬂOS
1192 1140 1412 1198 essent;
1439 1131 1549 1184 imo
1569 1129 1743 1200 potius
1762 1167 1777 1194 ,
1810 1127 1852 1182 si
1891 1126 1961 1180 ita
1988 1126 2061 1179 sis

484 1227 704 1284 allectus
726 1269 740 1295 ,
776 1241 931 1283 nemo
959 1225 1056 1281 tibi
1095 1224 1342 1280 inimicus
1371 1225 1471 1279 erit
1501 1240 1514 1278 :
1564 1220 1699 1293 quod
1740 1229 1915 1274 autem
1936 1232 2059 1273 om-

486 1322 632 1375 nium
675 1319 962 1391 maximum
991 1317 1326 1388 primumque
1355 1323 1471 1380 est,
1502 1313 1598 1371 Dei
1639 1311 2061 1367 misericordiam

489 1414 578 1467 tibi
609 1410 865 1466 attrahis:
894 1418 1054 1481 atque
1076 1407 1282 1464 etiamsi
1317 1406 1636 1476 peccaveris,
1662 1404 1868 1459 veniam
1894 1402 2064 1472 impe-

485 1503 687 1566 trabis;
735 1501 780 1556 si
821 1501 956 1556 bene
987 1500 1157 1570 egeris
1199 1497 1459 1568 majorem
1498 1509 1744 1552 assumes
1792 1492 2056 1547 ﬁduciam.

485 1593 613 1649 illud
635 1609 762 1664 ergo
789 1607 1154 1661 assequamur,
1182 1590 1448 1645 neminem
1481 1587 1603 1642 odio
1633 1585 1851 1652 habere,
1882 1593 1939 1639 ut
1965 1598 2059 1638 nos

484 1685 622 1741 Deus
647 1694 825 1740 amet:
855 1693 914 1740 at
934 1682 1142 1739 etiamsi
1161 1683 1345 1739 decem
1370 1680 1593 1736 millium
1625 1678 1944 1734 talentorum
1975 1677 2061 1731 de»

484 1779 915 1843 hitores‘simus,
945 1776 1110 1831 nostri
1140 1777 1480 1831 misereatur.
1504 1771 1609 1828 Sed
1636 1771 1792 1826 ltesus
1819 1769 1962 1823 fuisti
1993 1768 2059 1823 ab

481 1870 620 1926 illo?
645 1869 895 1925 Miserare
923 1869 1073 1924 illum
1099 1907 1115 1932 ,
1157 1881 1258 1922 nec
1299 1865 1424 1922 odio
1454 1864 1688 1928 habeas;
1719 1864 1839 1933 lnge
1870 1861 2015 1916 illum
2040 1901 2054 1925 ,

481 1975 579 2016 nec
609 1960 889 2016 averseris.
922 1959 1036 2014 Non
1064 1959 1204 2014 enim
1228 1965 1281 2012 tu
1308 1955 1574 2012 oﬂ'endisti
1607 1955 1793 2020 Deum,
1818 1952 1911 2008 sed
1933 1953 2055 2016 ille;

480 2060 536 2104 tu
581 2064 710 2106 vero
747 2049 912 2120 probo
959 2063 1071 2106 rem
1107 2047 1358 2120 gessisti,
1399 2047 1445 2102 si
1477 2047 1736 2118 patienter
1766 2043 1968 2100 tuleris.
2000 2043 2056 2098 in

479 2149 710 2197 mentem
739 2155 951 2205 revoca,
980 2139 1250 2196 Christum
1268 2180 1283 2206 ,
1313 2153 1433 2194 cum
1460 2147 1602 2194 esset
1628 2135 2015 2209 cruciﬁgendus
2039 2176 2057 2198 .

482 2249 577 2302 pro
605 2233 781 2303 seipso
807 2230 1053 2304 gavisum
1075 2274 1092 2300 ,
1123 2240 1176 2287 et
1200 2245 1298 2302 pro
1327 2230 1760 2302 cruciﬁgentibus
1799 2230 2060 2298 lacryma-

480 2333 589 2378 tum
615 2323 796 2380 fuisse.
834 2323 926 2381 Sic
952 2337 1051 2379 nos
1096 2331 1306 2393 oportet
1349 2337 1469 2378 esse
1491 2320 1748 2376 allectos:
1789 2328 1840 2375 et
1861 2330 2058 2391 quanto

479 2417 648 2489 magis
691 2416 969 2483 laedimur,
1009 2423 1158 2470 tanto
1193 2414 1359 2484 magis
1385 2413 1642 2469 debemus
1666 2427 1763 2467 nos
1804 2412 2058 2468 ltedentes

478 2509 695 2565 deﬂere.
727 2507 888 2563 Nobis
927 2507 1070 2562 enim
1101 2503 1265 2560 multa
1295 2503 1420 2558 inde
1458 2505 1597 2560 bona
1629 2503 1925 2568 accedunt;
1953 2503 2058 2557 illis

479 2616 607 2656 vero
635 2608 841 2655 contra.
888 2596 994 2652 Sed
1023 2611 1204 2652 eoram
1232 2596 1480 2651 omnibus
1507 2596 1845 2652 contumeliis
1881 2594 2059 2650 affecit

485 2703 540 2747 ct
564 2691 899 2747 verberavit?
919 2689 1060 2760 Ergo
1080 2703 1259 2743 coram
1277 2687 1526 2742 omnibus
1551 2703 1669 2742 sese
1692 2687 1988 2756 deturpavit
2004 2696 2058 2740 et

478 2780 846 2837 deboneStavit
869 2821 883 2844 ,
916 2789 969 2835 et
995 2778 1140 2834 mille
1171 2787 1537 2833 accusatorum
1564 2793 1656 2831 ora
1677 2778 1913 2847 aperuit,
1942 2778 2057 2847 plu-

479 2887 670 2943 resque
687 2870 783 2926 tibi
810 2869 986 2924 texuit
1005 2882 1230 2924 coronas
1254 2908 1269 2932 ,
1297 2867 1492 2922 multos
1514 2868 1782 2936 patientiae
1804 2877 1906 2938 tua:
1927 2884 2056 2939 prat-

477 2978 641 3020 cones
665 2961 898 3032 collegit.
925 2959 1032 3016 Sed
1056 2957 1195 3028 apud
1225 2957 1357 3012 alios
1377 2972 1461 3012 me
1488 2957 1840 3013 calumniatus
1865 2966 1968 3014 est.
1989 2960 2055 3016 Et

479 3057 602 3126 quid
628 3055 726 3110 hoc
749 3096 763 3116 .
792 3069 912 3109 cum
945 3053 1086 3108 Deus
1115 3051 1184 3106 sit
1212 3050 1284 3106 de
1313 3049 1396 3105 his
1423 3052 1654 3106 rationes
1682 3049 2012 3122 expetiturus
2034 3096 2050 3118 ,

481 3163 585 3200 non
610 3153 786 3200 autem
825 3143 902 3199 illi
928 3143 1016 3213 qui
1042 3142 1367 3197 audierunt?
1403 3141 1514 3197 Sibi
1545 3157 1775 3211 namque
1801 3142 1897 3212 ipsi
1925 3159 2054 3213 sup-

477 3238 617 3308 plicii
655 3250 868 3291 causam
892 3234 1128 3299 curavit,
1153 3242 1210 3288 ut
1237 3247 1341 3288 non
1371 3232 1532 3288 modo
1559 3233 1626 3288 de
1664 3233 1776 3287 suis
1804 3233 2011 3288 debetis
2034 3276 2049 3300 ,

1195 370 1251 424 S.
1297 368 1570 426 JOANNlS
1605 367 2076 427 CIIDYSOSTOMI
2116 362 2430 428 ARCHIEP.
2473 369 3007 431 CONSTANTINOP.

3655 377 3767 437 593

2176 488 2266 544 scd
2295 489 2360 543 de
2388 490 2450 544 iis
2481 491 2638 546 etiam
2660 532 2673 554 .
2703 506 2822 562 qum
2863 499 3047 547 contra
3076 505 3134 546 sc
3161 489 3409 560 loquutus
3436 500 3520 547 est
3547 534 3562 558 ,
3593 497 3750 551 ratio-

2171 596 2292 638 nem
2314 583 2382 638 sit
2403 583 2723 638 redditurus.
2757 585 2832 639 'l'e
2853 584 2943 639 ille
2973 584 3112 656 apud
3136 584 3378 640 homines
3399 585 3765 644 calumniatus

2169 684 2283 742 est,
2311 675 2424 745 ipse
2447 691 2575 732 vero
2590 672 2736 747 apud
2769 676 2934 731 Deum
2962 685 3044 731 est
3069 686 3368 731 accusatus.
3407 674 3463 733 Si
3492 692 3625 733 vero
3645 677 3767 732 haec

2171 765 2264 820 tibi
2295 781 2399 820 non
2421 767 2528 821 sint
2556 769 2707 831 satis,
2736 767 2909 838 cogita
2938 767 3219 822 Dominum
3251 783 3468 838 quoque
3485 775 3642 823 tuum
3666 785 3752 824 ca-

2168 859 2381 914 lumniis
2405 859 2699 928 impetitum
2720 857 2908 924 fuisse,
2926 867 2985 914 et
3002 874 3034 913 ‘a
3057 867 3240 913 satana
3261 867 3316 914 et
3335 858 3403 912 ah
3415 857 3760 928 hominibus,

2165 957 2326 1019 atque
2352 948 2490 1019 apud
2511 962 2605 1003 eos
2634 963 2766 1019 quos
2795 948 3026 1004 maxime
3047 947 3336 1019 diligebat;
3370 949 3511 1006 illius
3539 966 3765 1023 quoque

2167 1039 2478 1109 Unigcnitus
2521 1039 2786 1111 similiter.
2827 1040 2952 1096 Ideo
2999 1041 3244 1096 dicebat:
3280 1039 3342 1097 Si
3376 1051 3573 1113 patrem
3604 1044 3764 1114 [astri-

2167 1131 2260 1186 lias
2283 1131 2556 1186 Beelzebub
2583 1141 2904 1198 vocaverunt,
2943 1130 3098 1186 multo
3129 1133 3290 1204 ntagis
3319 1133 3620 1189 domesticos
3645 1135 3764 1205 ejus

2166 1221 2378 1294 (Hattlt.
2407 1223 2628 1296 10.25).
2659 1223 2842 1292 Neque
2884 1224 3055 1280 solum
3092 1224 3444 1282 calumniatus
3486 1227 3642 1282 illum
3677 1238 3766 1284 est

2165 1314 2426 1385 malignus
2477 1314 2718 1383 daemon,
2747 1314 2842 1370 sed
2889 1314 3020 1371 ﬁdes
3054 1315 3132 1370 illi
3171 1315 3408 1371 adhibita
3449 1327 3570 1372 est:
3601 1319 3764 1374 calu-

2164 1406 2502 1475 mniatusque
2523 1415 2624 1470 est,
2646 1421 2751 1460 non
2773 1405 2839 1460 de
2859 1405 3017 1460 rebus
3033 1407 3204 1472 nihili,
3221 1406 3316 1462 sed
3334 1407 3399 1462 de
3418 1409 3629 1478 magnis
3645 1411 3763 1464 cri-

2164 1496 2415 1552 minibus.
2441 1497 2573 1552 Nam
2609 1507 2663 1553 et
2702 1497 3085 1554 dacmoniacum
3127 1499 3276 1553 illum
3305 1501 3543 1567 vocavit,
3577 1511 3632 1555 ct
3662 1502 3764 1557 de-

2164 1597 2435 1656 ceptorem
2468 1597 2524 1643 et
2543 1588 2653 1643 Deo
2678 1589 3061 1645 adversarium.
3089 1589 3160 1644 At
3183 1597 3459 1661 postquam
3487 1590 3762 1648 beneﬁcia

2164 1681 2433 1736 contulisti
2457 1722 2472 1746 ,
2507 1682 2645 1737 male
2677 1697 2864 1752 passus
2885 1682 2988 1737 es?
3016 1680 3248 1751 Ideoque
3272 1683 3504 1739 maxime
3541 1701 3644 1755 pro
3666 1687 3761 1741 in-

2159 1773 2354 1842 juriam
2384 1774 2644 1831 intercute
2669 1775 2793 1846 luge
2816 1817 2832 1841 ,
2863 1789 2960 1845 pro
2991 1774 3160 1844 teipso
3184 1776 3376 1846 gaude,
3408 1777 3530 1848 quia
3557 1781 3764 1836 similis

2165 1866 2273 1920 Deo
2297 1865 2464 1921 factus
2490 1881 2546 1921 es
2572 1908 2586 1932 ,
2618 1865 2719 1934 Qui
2741 1867 2898 1922 solent
2926 1883 3073 1921 suum
3102 1865 3226 1920 oriri
3255 1871 3376 1942 facit
3399 1885 3552 1941 super
3585 1874 3763 1928 malos

2159 1969 2208 2012 et
2231 1956 2386 2013 bonos
2414 1959 2626 2028 (Matth.
2651 1961 2706 2014 5.
2736 1961 2850 2032 45).
2883 1961 3036 2031 Quod
3062 1965 3106 2019 si
3136 1964 3303 2021 Deum
3343 1965 3541 2021 imitari
3582 1981 3757 2034 supra

2158 2049 2300 2104 vires
2327 2057 2444 2105 tuas
2467 2065 2586 2106 esse
2609 2051 2882 2108 videatur:
2911 2068 3228 2124 quamquam
3266 2055 3508 2111 studioso
3544 2056 3595 2111 id
3642 2073 3757 2113 non

2157 2141 2380 2197 difﬁcile
2404 2143 2473 2197 sit
2497 2159 2511 2196 :
2534 2152 2766 2198 attamen
2784 2144 2829 2198 si
2857 2143 2906 2198 id
2925 2145 3022 2199 tibi
3045 2144 3324 2200 sublimius
3348 2160 3467 2201 esse
3483 2147 3755 2215 videatur,

2158 2246 2278 2300 age,
2307 2238 2359 2287 te
2384 2230 2449 2286 ad
2476 2247 2765 2288 conservos
2792 2233 3047 2291 ducamus
3070 2256 3084 2292 :
3109 2236 3174 2290 ad
3195 2235 3508 2306 losephum,
3537 2239 3632 2309 qui
3663 2239 3756 2294 in-

2163 2339 2378 2378 numera
2423 2339 2648 2394 passus,
2700 2325 2890 2383 fratres
2939 2343 3067 2384 suos
3109 2319 3406 2399 beneﬁciis
3433 2329 3648 2398 affecit;
3683 2332 3757 2388 ad

2162 2414 2402 2486 Moysen,
2435 2417 2524 2486 qui
2554 2425 2674 2486 post
2703 2416 2850 2473 mille
2873 2418 3117 2486 insidias,
3151 2435 3248 2490 pro
3274 2420 3472 2476 Judaeis
3496 2432 3758 2490 precatus

2158 2516 2241 2560 est
2267 2522 2281 2566 ;
2314 2506 2380 2561 ad
2412 2506 2624 2562 beantm
2647 2508 2892 2575 Paulum,
2921 2510 3009 2579 qui
3039 2525 3158 2582 quae
3180 2525 3368 2581 passus
3388 2512 3455 2568 ab
3477 2511 3579 2567 illis
3603 2523 3755 2569 esset

2160 2611 2473 2652 enumerare
2501 2613 2605 2651 non
2647 2607 2887 2667 poterat,
2918 2608 2971 2656 et
3001 2608 3176 2656 tamen
3207 2603 3425 2671 optabat
3452 2603 3747 2659 anathema

2157 2701 2277 2742 esse
2303 2703 2396 2756 pro
2425 2689 2526 2744 illis
2553 2689 2726 2759 (Rom.
2751 2690 2807 2746 9.
2831 2691 2982 2762 5);ad
3007 2691 3340 2765 Stephanum
3370 2695 3460 2765 qui
3481 2696 3756 2767 lapidatus

2157 2790 2254 2844 est,
2281 2788 2334 2835 et
2361 2783 2566 2850 rogavit
2595 2792 2651 2836 nt
2694 2781 2795 2837 hoc
2827 2793 3100 2854 peccatum
3149 2787 3512 2841 remitteretur
3541 2787 3643 2842 eis.
3683 2787 3756 2843 Et

2159 2867 2272 2924 hzee
2288 2871 2464 2924 omnia
2492 2873 2748 2942 cogitans,
2781 2872 2913 2928 iram
2931 2889 3146 2929 omnem
3169 2875 3323 2944 ejice,
3349 2883 3405 2930 ut
3427 2875 3566 2932 Deus
3584 2877 3748 2932 nobis

2157 2961 2334 3015 omnia
2365 2972 2578 3031 peccata
2596 2963 2854 3028 remittat,
2882 2965 3048 3034 gratia
3073 2974 3126 3020 et
3143 2967 3506 3022 misericordia
3533 2967 3752 3024 Domini

2157 3053 2326 3108 nostri
2354 3053 2480 3108 Iesu
2505 3051 2700 3109 Christi
2727 3097 2741 3120 ,
2771 3044 2986 3125 q'uieum
3023 3056 3169 3110 Patri
3198 3066 3254 3112 et
3291 3055 3511 3126 Spiritui
3557 3069 3752 3116 Sancto

2156 3146 2342 3215 gloria,
2367 3146 2667 3215 imperium,
2690 3146 2885 3217 honor,
2913 3162 3054 3204 nunc
3073 3157 3126 3205 et
3148 3159 3454 3221 semper,et
3475 3149 3527 3206 in
3547 3152 3750 3208 secula

2156 3236 2496 3292 saeculorum.
2526 3239 2719 3291 Amen.

1663 3441 2006 3503 HOMILIA
2049 3439 2244 3502 LXII.
2291 3443 2376 3505 al.
2413 3443 2639 3506 LXIII.

475 3570 597 3626 ΕΑΡ.
635 3570 717 3626 19.
748 3585 804 3624 v.
837 3571 886 3624 Ι.
916 3568 979 3624 Ει
1005 3572 1192 3641 factum
1221 3577 1328 3631 est,
1360 3582 1472 3620 cum
1517 3577 1907 3620 consummasset
1959 3565 2053 3619 Je-

544 3677 628 3713 stu
656 3661 746 3714 hos
773 3675 1043 3724 sermones,
1071 3658 1300 3728 migravit
1324 3674 1355 3710 a
1381 3654 1616 3720 Catilina,
1642 3665 1687 3710 et
1706 3656 1836 3709 venit
1858 3657 1906 3708 in
1928 3657 2053 3724 ﬁnes

543 3753 739 3806 ludam
765 3761 903 3805 trans
931 3749 1226 3804 Iordanem.

545 3845 596 3897 1.
642 3842 772 3898 Cum
811 3841 883 3896 ob
922 3824 1127 3897 illorum
1165 3838 1416 3896 invidiam
1462 3838 1769 3906 frequenter
1811 3836 2051 3893 Judmam

473 3935 789 4005 reliquisset,
816 3949 954 3988 nunc
976 3932 1186 3988 tandem
1215 3933 1266 3986 in
1290 3947 1356 3987 ea
1382 3932 1712 3995 immoratur,
1735 3931 1858 4000 quia
1888 3945 2053 4000 prepe

473 4035 588 4080 erat
610 4025 866 4094 passionis
887 4033 1096 4092 tempus
1121 4038 1250 4078 :nec
1272 4031 1446 4077 tamen
1469 4021 1854 4091 Jerosolymam
1875 4036 2053 4075 ascen.

473 4115 572 4184 dit,
604 4116 695 4172 sed
728 4116 778 4170 in
810 4116 1001 4170 ﬁnibus
1034 4113 1230 4170 ludam
1263 4124 1522 4170 versatur.
1565 4114 1630 4168 Et
1669 4115 1965 4169 venientem
1995 4111 2049 4167 2.

478 4204 717 4278 Srquuta:
739 4215 855 4260 sunt
880 4223 993 4260 eum
1020 4206 1177 4260 turba:
1203 4207 1373 4261 multa:
1392 4248 1406 4272 ,
1438 4218 1483 4260 et
1513 4207 1706 4260 curarit
1729 4221 1832 4261 eos.
1870 4205 2051 4275 Neque

471 4297 728 4352 doctrinae
757 4295 1059 4361 tradendae,
1091 4311 1262 4368 neque
1292 4297 1454 4366 signis
1479 4297 1698 4352 edendis
1724 4312 1935 4366 semper
1965 4297 2048 4350 in-

470 4388 708 4453 cumbit;
736 4387 829 4443 sed
860 4387 1018 4442 modo
1049 4388 1166 4455 hoc,
1201 4388 1358 4443 modo
1387 4389 1510 4443 illud
1539 4389 1663 4456 agit,
1693 4397 1750 4443 ut
1787 4389 1938 4444 saluti
1966 4404 2050 4445 se-

470 4480 742 4549 quentium
773 4489 828 4534 et
855 4479 1166 4534 merentium
1206 4479 1302 4534 sibi
1334 4480 1476 4533 varie
1505 4479 1828 4550 provideret,
1853 4495 1959 4550 quo
1986 4497 2050 4536 ex

473 4572 636 4641 signis
667 4571 769 4627 ﬁde
807 4571 997 4642 dignus
1038 4572 1289 4641 magister
1319 4571 1370 4625 in
1404 4572 1465 4626 iis
1495 4588 1611 4643 qua:
1650 4572 1863 4628 dicebat
1900 4588 2049 4628 eom-

473 4662 807 4731 probarctnr,
839 4679 902 4716 ex
929 4662 1167 4716 doctrina
1200 4677 1326 4716 vero
1355 4662 1626 4730 sig-uorum
1655 4663 1861 4717 lucrum
1893 4679 2052 4733 auge-

471 4764 574 4807 ret.
607 4753 717 4808 Hoc
747 4761 921 4808 autem
950 4763 1064 4807 erat
1099 4754 1217 4808 illos
1255 4752 1319 4808 ad
1363 4753 1454 4808 Dei
1485 4754 1840 4823 cognitionem
1880 4754 2051 4810 addu-

468 4859 612 4898 cere.
649 4843 725 4897 Τιι
763 4859 889 4898 vero
928 4842 1055 4897 mihi
1092 4844 1248 4899 etiam
1287 4844 1411 4898 illud
1453 4846 1756 4915 perpende,
1786 4846 2051 4914 quomodo

471 4937 656 5004 plebes
705 4935 937 5005 integras
979 4951 1085 4989 uno
1129 4936 1287 4989 verbo
1333 4945 1742 5004 prmtercurrant
1775 4938 2046 5008 discipuli,

467 5043 574 5080 non
601 5027 912 5082 nominatim
936 5026 1169 5094 singulos
1189 5026 1277 5096 qui
1308 5027 1471 5080 sanati
1505 5027 1710 5082 fuerant
1740 5027 2048 5083 referentes.

468 5116 584 5172 Non
617 5118 866 5173 dicebant
891 5118 1053 5182 enim,
1088 5117 1182 5172 Hic
1221 5126 1274 5171 et
1315 5117 1420 5182 hic,
1454 5119 1567 5185 scd,
1602 5119 1770 5184 Multi,
1801 5119 2052 5176 docentes

469 5220 524 5261 ut
558 5226 585 5262 a
621 5209 758 5264 fastu
786 5224 1082 5265 caveamus.
1117 5210 1349 5265 Sanabat
1375 5221 1548 5265 autem
1579 5211 1824 5268 Christus
1855 5223 1911 5268 ut
1950 5215 2053 5269 illis

474 5299 836 5363 benefaceret,
867 5315 929 5354 ac
961 5315 1051 5370 per
1092 5300 1210 5354 illos
1255 5299 1373 5353 aliis
1417 5303 1616 5355 multis.
1645 5302 1776 5356 Nam
1806 5305 1930 5357 dum
1963 5304 1996 5358 ii
2022 5320 2051 5359 a

475 5390 672 5444 morbis
700 5399 1014 5444 curarentur
1034 5431 1046 5452 ,
1079 5391 1196 5444 aliis
1226 5390 1340 5444 haec
1381 5393 1589 5445 occasio
1618 5403 1768 5459 erat,
1802 5404 1858 5449 ut
1889 5396 2054 5452 Deum

468 5491 892 5551 cognoscerent;
921 5483 1014 5539 scd
1046 5499 1147 5537 non
1176 5483 1458 5538 Pharisaeis
1485 5503 1497 5551 ;
1535 5486 1639 5538 imo
1669 5487 1737 5540 illi
1777 5497 2055 5558 propterea

474 5576 641 5644 magis
668 5574 975 5640 efferantur,
1008 5584 1060 5630 et
1085 5575 1342 5629 accedunt
1369 5577 1431 5631 ad
1460 5593 1578 5631 eunt
1610 5579 1846 5632 tentandi
1874 5595 2051 5636 causa.

473 5669 606 5733 Quia
652 5667 791 5721 enim
839 5681 955 5734 qua:
1001 5666 1132 5720 faeta
1176 5666 1381 5721 fuerant
1414 5683 1604 5738 capere
1637 5687 1740 5723 non
1772 5682 2052 5738 poterant,

479 5758 801 5824 problemata
838 5758 932 5826 ipsi
976 5768 1298 5829 proponunt.
1331 5759 1458 5814 Nam
1488 5760 1801 5817 accedentes
1837 5762 1901 5818 ad
1938 5779 2058 5820 cum

2158 3575 2215 3620 et
2243 3575 2507 3622 tentantes
2531 3565 2812 3623 dicebant:
2835 3567 2888 3624 3.
2913 3568 2975 3626 Si
2999 3571 3110 3625 licet
3136 3572 3328 3628 homini
3351 3590 3666 3646 quacumque
3686 3595 3751 3634 es

2156 3673 2310 3711 causa
2358 3674 2563 3712 uxorem
2609 3658 2876 3714 dimittere.
2927 3660 2972 3716 Ο
3019 3662 3336 3718 stultitiam!
3381 3665 3644 3724 Putabant
3687 3687 3749 3726 so

2157 3762 2314 3817 posse
2341 3749 2724 3818 quaestionibus
2753 3751 2862 3806 suis
2893 3751 2988 3822 ipsi
3017 3767 3078 3808 os
3103 3753 3373 3821 claudere,
3396 3757 3605 3813 etiamsi
3630 3760 3747 3830 jam

2156 3841 2523 3910 experimento
2551 3842 2863 3899 didicissent
2887 3853 3142 3916 quantum
3183 3847 3234 3902 in
3275 3848 3358 3903 bis
3397 3849 3558 3906 rebus
3599 3853 3750 3907 vale.-

2155 3940 2257 3986 ret.
2276 3930 2406 3986 Cum
2425 3933 2620 3988 scilicet
2643 3932 2707 3987 de
2723 3934 2944 3988 sabbato
2963 3935 3122 3990 multa
3139 3937 3503 4009 disseruerunt
3525 3941 3744 4012 (Matth.

2158 4022 2297 4088 £2);
2325 4039 2444 4079 cum
2485 4025 2768 4089 dixerunt,
2801 4024 3126 4097 Blasphemat
3161 4028 3388 4098 (Matth.
3422 4031 3474 4086 9.
3515 4034 3589 4102 5)
3613 4076 3628 4099 ,
3657 4038 3747 4092 vel

2105 4119 2108 4122 '
2157 4114 2370 4183 quando
2397 4115 2678 4181 dicebant,
2725 4115 3041 4171 Demetrium
3089 4121 3234 4174 habet
3264 4119 3455 4191 (Joan.
3490 4123 3576 4180 {0.
3607 4124 3744 4195 20);

2155 4218 2276 4258 cum
2303 4204 2588 4275 discipulos
2616 4207 2958 4275 increpabant
2980 4209 3119 4278 quod
3152 4225 3247 4279 per
3271 4221 3384 4266 sata
3408 4213 3743 4280 incederent,

2155 4309 2275 4348 cum
2305 4295 2371 4349 de
2401 4296 2559 4350 illotis
2585 4298 2828 4353 manibus
2868 4299 3072 4368 loquuti
3111 4313 3236 4356 sunt
3266 4302 3491 4373 (Διαιιιι.
3522 4305 3610 4362 12.
3638 4307 3705 4375 2)
3727 4351 3745 4375 ,

2157 4386 2350 4455 ubique
2377 4387 2494 4442 illos
2523 4390 2840 4458 reprimens,
2873 4391 3342 4463 impudentemque
3380 4396 3616 4466 linguam
3648 4401 3745 4456 ob-

2156 4488 2386 4542 struens,
2418 4478 2494 4532 sic
2521 4480 2724 4535 remisit
2754 4496 2845 4536 eos
2873 4480 3061 4552 (Marc.
3097 4483 3148 4540 7.
3178 4485 3256 4553 5).
3289 4487 3534 4544 Attamen
3568 4506 3749 4561 neque

2157 4569 2227 4623 ita
2258 4571 2567 4626 abscedunt.
2594 4572 2735 4628 Talis
2760 4575 2957 4645 quippe
2976 4586 3061 4631 est
3088 4579 3343 4648 nequitia,
3373 4583 3489 4635 talis
3521 4584 3745 4651 invidia,

2157 4663 2434 4732 impudens
2469 4681 2660 4735 nempe
2693 4677 2850 4737 atque
2879 4670 3161 4738 petulans:
3188 4671 3396 4728 etiamsi
3429 4675 3623 4732 millies
3656 4692 3748 4734 re-

2159 4755 2433 4824 primatur,
2463 4756 2656 4813 millies
2682 4773 2891 4813 rursum
2921 4761 3103 4817 instat.

2229 4846 2607 4904 Pharisaeorum
2645 4854 2854 4908 astutia.
2880 4884 2950 4894 ——-
2975 4853 3054 4915 Tu
3097 4869 3223 4910 vero
3263 4856 3391 4912 mihi
3433 4861 3750 4920 consideres

2157 4939 2313 4993 velim
2358 4940 2786 5012 interrogationis
2826 4945 3226 5015 malignitatem.
3261 4948 3376 5004 Non
3407 4952 3548 5006 enim
3589 4952 3749 5008 dixe-

2160 5029 2282 5085 runt
2307 5033 2351 5086 ei
2386 5053 2396 5086 :
2431 5033 2638 5088 Jussisti
2670 5052 2884 5091 uxorem
2912 5053 3017 5092 non
3045 5038 3345 5105 dimittere;
3374 5042 3482 5112 jam
3506 5045 3650 5100 enim
3679 5049 3749 5104 de

2161 5124 2258 5178 hac
2285 5124 2401 5196 lege
2429 5124 2752 5182 disseruerat
2781 5148 2794 5183 :
2820 5139 3051 5186 attamen
3085 5133 3370 5189 verborum
3400 5137 3608 5192 illorum
3635 5156 3750 5197 non

2160 5219 2536 5285 meminerunt,
2570 5221 2661 5275 sed
2694 5221 2815 5275 inde
2844 5222 3064 5292 profecti
3095 5238 3215 5280 sunt
3241 5243 3254 5292 ;
3285 5243 3466 5284 verum
3499 5241 3750 5299 putantes

2161 5324 2219 5363 se
2247 5310 2474 5379 majores
2502 5311 2718 5366 insidias
2755 5325 3034 5382 paraturos
3062 5331 3184 5372 esse
3202 5361 3216 5380 ,
3246 5334 3367 5372 cum
3397 5321 3593 5375 vellent
3620 5341 3750 5379 eum

2161 5401 2252 5452 illo
2278 5401 2519 5470 redigere
2546 5412 2602 5457 ut
2630 5414 2811 5458 contra
2844 5405 3010 5475 legem
3043 5408 3369 5477 loqueretur,
3403 5429 3506 5466 non
3538 5415 3748 5478 dicunt,

2161 5490 2268 5543 Cur
2299 5490 2398 5546 hoc
2426 5501 2479 5546 et
2509 5493 2608 5548 hoc
2638 5497 2907 5550 statuisti?
2937 5497 3026 5553 sed
3055 5502 3205 5570 quasi
3246 5502 3378 5557 nihil
3420 5505 3620 5561 dictum
3663 5525 3746 5565 ας-

2161 5592 2262 5648 set,
2298 5583 2642 5654 interrogant,
2675 5587 2729 5642 Si
2761 5588 2934 5656 liceat,
2966 5603 3241 5660 sperantes
3273 5593 3419 5648 illum
3450 5611 3507 5651 se
3534 5597 3637 5653 hoc
3668 5601 3751 5655 di-

2162 5675 2302 5729 xisse
2333 5690 2437 5730 non
2478 5678 2877 5734 recordaturum
2905 5696 3061 5745 esse;
3095 5700 3319 5754 cumque
3347 5689 3514 5756 parati
3540 5702 3748 5758 essent,

2164 5769 2208 5822 si
2251 5769 2489 5836 diceret,
2523 5771 2682 5828 licere
2719 5773 2987 5831 dimittere
3011 5819 3025 5846 ,
3060 5778 3132 5832 illi
3172 5794 3441 5850 opponere
3476 5800 3595 5852 qua:
3633 5785 3753 5855 ipso
