4040 6422
200 452 307 507 fit?

198 567 417 619 dixerat
438 605 452 627 ,
483 562 565 616 his
594 560 769 617 verbis
799 576 811 611 :
838 556 950 610 Cur
988 551 1251 608 contraria
1291 548 1511 603 dixisti?
1538 547 1582 600 si
1612 543 1799 599 eadem

198 671 391 711 rursus
416 669 537 726 quia
561 653 708 723 prius
728 651 955 714 diceret,
977 644 1213 715 Moysem
1239 642 1491 709 nhjicere.
1514 638 1651 707 Quid
1677 652 1804 705 ergo

201 750 334 803 ille?
376 747 489 801 Non
530 744 659 799 dicit
694 760 705 793 :
734 738 840 795 Cur
878 755 958 791 me
996 735 1197 790 tentati:
1221 777 1236 799 ,
1269 733 1546 804 hypocrin
1574 729 1801 802 (Matth.

196 841 292 895 ἓξ.
331 838 478 909 18)2
511 837 561 892 id
602 832 742 906 quod
795 844 978 901 postea
1015 827 1193 881 dixit:
1237 823 1328 877 sed
1372 823 1456 876 hic
1503 837 1606 875 non
1654 821 1801 874 item.

198 933 426 1001 Quare?
454 931 524 987 Ut
560 944 683 983 cum
716 924 951 997 potentia
979 936 1073 975 sua
1100 914 1565 974 mansuetudinem
1593 928 1806 983 quoque

200 1025 533 1080 ostenderet.
561 1021 743 1091 Neque
768 1019 907 1073 enim
937 1029 1150 1081 semper
1180 1019 1340 1075 tacet,
1366 1025 1432 1063 ne
1457 1016 1644 1077 putent
1672 1004 1719 1059 id
1747 1019 1806 1059 se

202 1118 405 1185 latere;
438 1128 610 1185 neque
638 1126 851 1181 semper
878 1107 1168 1177 redarguit,
1196 1115 1254 1159 ιιι
1283 1117 1381 1157 nos
1408 1103 1601 1155 doceat
1624 1100 1805 1152 omnia

200 1217 486 1263 mansuete
510 1220 635 1262 esse
675 1202 913 1261 ferenda.
952 1197 1233 1269 Quomodo
1261 1213 1389 1267 ergo
1431 1194 1537 1249 illis
1578 1207 1805 1261 respon-

200 1302 339 1357 det?
363 1302 419 1357 4.
452 1298 574 1354 Non
600 1298 822 1367 legistis,
852 1296 972 1365 quia
1012 1292 1099 1364 qui
1143 1291 1261 1357 fecit
1291 1290 1573 1351 hominem,
1606 1301 1809 1339 mascu-

199 1393 317 1449 lum
346 1400 392 1443 et
421 1388 819 1461 feruinam'fecit
861 1384 989 1445 eos!
1021 1383 1087 1438 Et
1128 1382 1259 1437 dicit
1288 1397 1304 1433 :
1333 1382 1386 1434 5.
1421 1378 1701 1449 Propterea
1724 1394 1808 1432 te-

202 1484 399 1552 Ιίηφιιι
414 1482 567 1535 homo
592 1491 787 1549 patrem
805 1494 952 1531 suum
970 1486 1019 1531 et
1039 1485 1250 1530 matrem
1270 1489 1437 1537 suam,
1467 1481 1513 1525 et
1534 1468 1809 1523 ndluerebit

202 1582 358 1631 uxori
395 1592 522 1639 suc,
550 1586 599 1631 et
642 1585 787 1629 erunt
813 1576 918 1629 duo
944 1573 997 1626 in
1029 1587 1180 1625 carne
1205 1586 1309 1623 una
1334 1568 1486 1641 (Gen.
1517 1566 1571 1622 9..
1604 1566 1717 1637 ἳ-ι).
1753 1567 1806 1621 6.

204 1670 395 1741 Itaque
411 1674 526 1742 jam
546 1687 651 1725 non
670 1679 786 1723 sunt
810 1667 931 1729 duo,
952 1666 1045 1721 sed
1070 1683 1171 1719 una
1192 1680 1333 1718 caro.
1360 1663 1511 1731 Quod
1531 1678 1648 1732 ergo
1671 1659 1810 1714 Deus

201 1762 494 1833 conjunxit,
545 1762 694 1814 homo
730 1776 829 1813 non
867 1765 1081 1828 separet.
1112 1754 1246 1810 Vide
1284 1754 1597 1824 sapientiam
1640 1753 1804 1820 magi.

202 1854 329 1909 stri.
372 1853 731 1922 Interrogatus
768 1850 941 1912 enim,
977 1848 1037 1903 Si
1080 1846 1216 1908 licet,
1266 1861 1372 1899 non
1417 1843 1599 1898 statim
1645 1842 1803 1909 dicit,

203 1943 327 2001 Non
355 1945 511 2008 licet,
543 1958 613 1997 ne
644 1942 1122 2012 perturbarentur;
1152 1937 1245 1991 sed
1272 1936 1557 2005 antequam
1590 1944 1809 1988 senten-

202 2036 339 2089 tiam
371 2034 605 2098 diceret,
636 2049 731 2103 per
758 2041 1070 2103 apparatum
1102 2029 1251 2083 illum
1279 2028 1329 2082 id
1362 2026 1562 2096 liquido
1589 2026 1771 2079 statuit
1794 2065 1807 2087 ,

201 2125 504 2183 ostendens
531 2125 702 2179 Patris
731 2123 813 2178 sui
839 2137 960 2178 esse
1003 2128 1328 2190 praeceptum
1347 2158 1364 2182 ,
1396 2132 1494 2171 nec
1520 2116 1686 2187 Moysi
1714 2114 1809 2168 ad-

208 2228 487 2271 versatum
514 2231 572 2270 se
606 2214 705 2268 hoc
736 2212 1075 2284 praecepisse.
1109 2208 1489 2264 Animadverte
1528 2216 1705 2261 autem
1745 2206 1812 2260 il-

208 2309 324 2365 lum
358 2325 462 2362 nim
489 2324 519 2361 ει
548 2307 821 2362 creatione
858 2305 1034 2359 solum
1055 2302 1204 2381 illud
1244 2300 1511 2354 affirmare
1533 2340 1548 2364 ,
1580 2297 1673 2352 sed
1700 2306 1755 2351 et
1782 2311 1811 2349 a

208 2412 482 2471 prarcepIo
518 2398 654 2467 ejus.
696 2395 810 2452 Non
850 2394 992 2450 enim
1021 2391 1189 2459 dixit,
1223 2392 1396 2461 ipsum
1427 2389 1619 2445 fecisse
1647 2403 1811 2442 unum

208 2502 418 2546 tantum
446 2490 716 2544 hominem
745 2502 1011 2555 unamque
1038 2483 1313 2538 mulierem
1337 2498 1351 2549 ;
1376 2479 1471 2536 sed
1494 2481 1657 2535 etiam
1678 2495 1814 2548 pra:-

210 2582 456 2652 cepisse,
484 2593 539 2634 ut
568 2594 706 2634 unus
737 2557 1216 2646 uni-copularetur.
1248 2571 1305 2629 Si
1336 2570 1593 2625 voluisset
1635 2578 1811 2624 autem

211 2673 355 2733 hanc
382 2673 598 2737 dimitti,
626 2672 785 2726 aliam
812 2670 957 2735 duci,
987 2683 1109 2723 cum
1151 2680 1314 2722 unum
1364 2664 1637 2718 hominem
1666 2662 1811 2727 fecit,

213 2767 411 2822 multas
456 2766 670 2821 fecisset
715 2762 991 2818 mulieres.
1040 2759 1193 2815 Nunc
1232 2766 1410 2812 autem
1449 2764 1505 2811 et
1542 2770 1609 2810 ex
1653 2753 1815 2809 modo

208 2860 503 2919 creatioais
539 2868 592 2913 et
628 2872 700 2912 ex
742 2856 913 2909 forma
950 2853 1081 2923 legis
1120 2850 1389 2917 ostendit,
1424 2863 1587 2903 unum
1617 2846 1815 2903 debere

212 2968 430 3023 semper
454 2966 579 3005 cutn
620 2963 720 3003 una
763 2946 1002 3001 habitare
1026 2986 1042 3008 ,
1074 2958 1247 3013 neque
1275 2957 1527 3011 umquam
1553 2941 1814 3010 separari.

213 3044 285 3099 Et
311 3042 430 3103 vide
456 3039 724 3111 quomodo
752 3038 893 3093 dicat
920 3054 935 3089 :
968 3036 1068 3101 Qui
1102 3035 1218 3103 fecit
1248 3050 1280 3086 a
1311 3031 1580 3103 principio,
1615 3047 1818 3084 mascu-

208 3135 324 3187 lum
355 3142 399 3186 et
425 3130 665 3203 [auinam
691 3127 808 3197 fecit
836 3141 955 3187 eos;
984 3124 1087 3179 hoc
1112 3133 1222 3189 θοι,
1248 3139 1312 3178 ex
1346 3137 1445 3175 una
1479 3120 1661 3176 radice
1691 3118 1815 3174 fact;

214 3232 374 3288 sunt,
403 3231 458 3276 et
497 3222 548 3277 in
579 3235 744 3275 unum
776 3232 969 3289 corpus
1010 3225 1397 3271 convenerunt.
1438 3211 1607 3265 Erunt
1633 3211 1813 3278 enim,

214 3315 422 3385 inquit,
450 3314 552 3366 duo
577 3312 630 3365 in
657 3326 808 3364 carne
846 3326 967 3363 una.
1008 3306 1209 3361 Deinde
1250 3304 1542 3359 ostendens
1576 3313 1815 3358 tremen-

210 3409 342 3464 dum
374 3423 493 3462 esse
526 3408 662 3459 hanc
691 3406 859 3473 legem
890 3415 1165 3466 accusare,
1196 3400 1473 3469 ipsamque
1503 3398 1676 3468 legem
1708 3405 1817 3449 sta-

218 3512 395 3559 tuens,
427 3512 532 3549 non
562 3494 716 3556 dixit.
746 3493 823 3549 Ne
850 3492 1167 3563 disjungatis
1200 3491 1377 3560 igitur,
1412 3506 1477 3543 ne
1510 3487 1770 3556 separetis
1798 3501 1814 3540 :

214 3590 313 3644 sed
347 3590 511 3659 quid?
542 3588 691 3654 Quod
718 3586 857 3641 Deus
890 3586 1176 3657 conjunxit,
1206 3586 1355 3637 homo
1386 3599 1486 3637 non
1510 3591 1727 3652 separet.
1760 3580 1816 3634 Si

217 3682 455 3755 Moysem
482 3696 741 3753 opponas,
766 3695 865 3750 ego
888 3678 978 3732 tibi
1008 3678 1204 3748 Moysis
1228 3675 1511 3731 Dominum
1537 3674 1753 3729 alteram
1775 3674 1814 3741 ί,
1862 3696 1865 3703 ί

218 3776 455 3845 itemque
484 3790 513 3829 a
547 3784 785 3841 tempore
825 3770 1071 3825 firtnabo.
1116 3768 1251 3823 Nam
1300 3767 1443 3822 Deus
1484 3783 1510 3819 a
1558 3765 1817 3836 principio

218 3868 516 3923 masculum
542 3877 594 3921 et
626 3866 875 3921 feminam
906 3864 1029 3917 iecit
1054 3878 1149 3917 eos
1178 3860 1346 3932 (Gen.
1379 3863 1429 3915 l.
1454 3860 1523 3913 27
1546 3862 1563 3929 )
1589 3878 1601 3913 :
1632 3876 1693 3914 ac
1723 3876 1818 3914 ve-

221 3961 511 4015 tustissima
544 3959 625 4013 les
659 3968 742 4011 cst
765 4000 778 4021 ,
814 3957 937 4011 licet
973 3954 1213 4008 videatur
1243 3968 1384 4007 nunc
1409 3968 1438 4006 a
1471 3967 1555 4007 me
1589 3954 1815 4021 primunt

220 4049 422 4113 induci,
446 4060 503 4104 et
526 4048 924 4103 accuratissime
949 4055 1145 4099 statuta
1174 4044 1287 4099 fuit.
1316 4044 1500 4114 Neque
1526 4045 1666 4098 enim
1692 4044 1819 4098 sim-

222 4142 435 4215 pliciter
461 4141 742 4197 mulierem
772 4140 835 4192 ad
870 4140 1037 4191 virum
1064 4136 1305 4199 adduxit,
1330 4136 1423 4190 sed
1451 4135 1611 4205 jussit
1634 4145 1687 4191 et
1708 4150 1819 4189 ma-

222 4245 361 4291 trem
394 4245 448 4289 et
475 4243 681 4306 patrem
727 4233 1047 4307 relinqui-re.
1096 4231 1280 4300 Neque
1310 4229 1373 4283 ad
1409 4230 1688 4285 mulierem
1720 4244 1823 4284 ao—

224 4328 420 4384 cedere
448 4336 653 4381 tantum
680 4324 870 4394 jussit,
898 4324 991 4379 sed
1021 4333 1074 4378 et
1114 4323 1188 4377 illi
1224 4322 1500 4377 adbzerere
1523 4362 1539 4388 ,
1568 4337 1634 4376 ex
1662 4320 1823 4376 modo

222 4420 436 4475 dicendi
464 4418 693 4488 disjungi
739 4433 844 4471 non
884 4433 1043 4487 posse
1075 4416 1375 4469 declarans.
1404 4414 1587 4484 Neque
1617 4413 1667 4468 id
1695 4414 1824 4468 satis

223 4512 441 4575 habuit,
473 4510 567 4565 sed
599 4519 651 4563 et
678 4510 839 4563 aliam
878 4510 1134 4575 unum-mn
1164 4507 1600 4575 conjunctioncm
1631 4506 1823 4573 exqui-

226 4605 348 4659 sivit
374 4623 387 4659 :
417 4602 580 4657 Erunt
607 4602 709 4655 duo
735 4604 787 4655 in
813 4619 964 4654 curre
991 4618 1109 4659 una.
1143 4600 1329 4669 inquit.

297 4696 349 4749 9..
388 4695 590 4749 Deinde
634 4695 804 4764 prisca
849 4694 1067 4747 recitata
1110 4694 1223 4761 lege
1249 4733 1262 4755 ,
1295 4706 1413 4760 quae
1446 4700 1499 4745 et
1538 4690 1739 4744 rebus’
1774 4698 1831 4745 et

229 4790 405 4844 verbis
444 4787 653 4841 inducta
692 4786 824 4852 fu'u,
858 4796 1140 4857 postquam
1182 4784 1325 4837 illam
1375 4781 1479 4836 fide
1517 4782 1730 4851 dignam
1762 4797 1826 4835 ex

230 4881 560 4950 Legislature
590 4881 1009 4939 demonstravit,
1043 4893 1162 4928 cum
1194 4883 1457 4943 potestate
1488 4873 1633 4927 illam
1661 4873 1827 4927 inter—

233 4983 485 5045 pt‘etatur.
516 4983 570 5025 et
598 4970 767 5041 legem
800 4970 968 5023 sancit
997 4970 1179 5021 diuum
1207 4986 1217 5019 :
1247 4966 1568 5035 Quapropter
1589 4966 1703 5034 jam
1729 4982 1829 5019 non

229 5076 341 5120 sunt
370 5064 494 5129 duo,
521 5065 609 5117 sed
639 5080 739 5115 una
767 5078 907 5115 caro.
936 5058 1084 5113 Sicut
1112 5075 1239 5127 ergo
1266 5074 1481 5111 carnem
1506 5073 1687 5111 secare
1716 5072 1831 5109 Stre—

233 5158 425 5211 lestnm
456 5165 572 5219 est,
602 5155 669 5207 ita
711 5164 759 5207 et
805 5167 1025 5205 uxorem
1068 5150 1319 5203 dirimere
1362 5148 1621 5217 iniquum.
1649 5146 1831 5217 Neque

235 5249 318 5302 hic
344 5247 512 5309 stetit,
541 5246 633 5299 sed
666 5247 830 5299 Deum
858 5259 1068 5313 quoque
1093 5242 1271 5295 attulit
1292 5241 1477 5295 dicens
1505 5259 1515 5293 :
1545 5240 1696 5308 Quod
1715 5260 1832 5312 ergo

238 5341 369 5393 heus
399 5340 659 5408 conjunxit
680 5379 693 5397 ,
724 5338 872 5389 Immo
904 5352 1002 5388 non
1030 5342 1266 5402 separet;
1297 5332 1590 5387 ostendens
1621 5333 1749 5387 illud
1780 5345 1832 5387 et

233 5443 417 5485 contra
466 5439 706 5482 naturam
751 5437 799 5481 ct
846 5436 1027 5479 contra
1070 5426 1238 5494 legem
1269 5439 1431 5479 esse:
1463 5434 1650 5477 contra
1679 5435 1824 5477 natu-

238 5540 347 5578 ratn
369 5564 385 5586 ,
418 5522 538 5592 quia
578 5536 676 5573 una
715 5534 839 5573 caro
872 5518 1206 5579 dissecatnt‘;
1238 5525 1422 5569 contra
1468 5516 1639 5583 legem
1666 5556 1680 5578 ,
1711 5518 1831 5582 quia

238 5631 366 5669 Cllllt.
389 5614 528 5667 Deus
554 5612 891 5681 connjunxvrit
917 5651 931 5673 ,
961 5621 1010 5664 et
1036 5609 1256 5677 jusserit
1288 5624 1391 5661 non
1420 5620 1673 5676 Separare
1693 5650 1707 5672 ,
1742 5623 1833 5660 vos

302 5770 316 5797 ι
357 5764 551 5827 Alii,.§t
576 5774 783 5827 .ttoysent
803 5776 1034 5822 annonas,
1060 5776 1148 5826 ego
1186 5777 1279 5813 non
1326 5764 1474 5825 οἶμ’νο
1498 5763 1583 5813 tibi
1609 5773 1831 5826 .ttoysrnt,

241 5828 324 5880 sed
351 5826 619 5876 Dominum.

304 5914 323 5943 ί
361 5920 488 5959 ιρυέ
508 5911 673 5967 unum,
704 5914 775 5959 te:

552 6005 737 6063 PATt'.‘
778 6026 819 6057 ο,

860 5966 863 5969 _
978 5928 1003 5967 η,
1034 5912 1187 5960 μιξὸπιδ.

877 6012 917 6059 σε
954 6034 992 6063 ε..
1046 6004 1265 6065 Lthl,

1204 438 1266 493 IN
1310 431 1717 489 MATTIIASUM
1764 428 1995 485 ιιωιιι..
2038 429 2198 484 LXII.
2237 430 2307 484 al.
2355 428 2540 483 Lllll.

3414 432 3517 487 εῖςδΰ

1913 542 1963 598 id
2011 543 2187 599 faecre
2231 544 2469 601 tentatis.
2508 542 2647 610 Quid
2686 542 2845 612 igitur
2891 556 3013 612 post
3057 543 3173 598 ha-c
3212 544 3516 599 faciendum

1910 634 2060 689 erat?
2100 650 2278 689 nonne
2316 635 2741 703 quiescendum,
2789 649 2969 688 nonne
3011 634 3273 690 laudanda
3305 652 3366 690 ea
3399 652 3520 707 quae

1909 725 2050 781 dicta
2078 725 2272 781 erant?
2301 741 2479 780 nonne
2506 726 2763 780 admirari
2793 725 3078 795 oportebat
3117 725 3263 781 illam
3305 729 3509 799 sapien-

1912 819 2081 873 tiam?
2110 833 2287 872 nonne
2317 818 2701 888 obstupescere
2725 817 2794 873 de
2823 827 2965 872 tanta
2992 833 3115 873 cum
3142 818 3301 875 Patre
3325 835 3516 876 conso-

1911 910 2131 965 nantia?
2162 910 2268 965 Sed
2301 910 2431 964 nihil
2460 909 2652 965 horunt
2688 910 2907 976 faciunt,
2934 921 2984 965 et
3006 900 3159 981 quasi
3185 912 3520 969 contentiose

1910 1002 2061 1057 aiunt
2092 1020 2106 1056 :
2138 1002 2191 1056 7.
2226 1002 2495 1069 Quomodo
2534 1019 2653 1072 ergo
2700 1000 2904 1073 Moyses
2934 1002 3094 1072 jussit
3131 1003 3257 1055 dare
3294 1003 3521 1059 libellum

1912 1096 2145 1167 repudii,
2174 1107 2221 1151 et
2250 1096 2504 1152 dimittere
2541 1096 2687 1150 illaut
2718 1096 2736 1166 (
2754 1096 2907 1151 Deut.
2947 1097 3037 1153 24.
3071 1098 3179 1167 l)?
3208 1098 3319 1156 Hoc
3360 1118 3523 1173 porro

1913 1203 2019 1241 non
2050 1187 2122 1240 illi
2149 1185 2422 1243 debebant
2438 1187 2696 1257 objicere,
2723 1189 2818 1242 sed
2842 1188 3090 1244 Christus
3116 1190 3221 1245 illis
3250 1202 3520 1249 :attamen

1914 1296 2020 1335 non
2047 1281 2220 1348 carpit
2245 1282 2382 1346 illos,
2416 1296 2588 1352 neque
2612 1282 2741 1337 dicit
2765 1283 2865 1349 eis,
2888 1282 2933 1337 N
2956 1283 3031 1339 hil
3053 1283 3158 1338 hoc
3182 1283 3248 1338 ad
3278 1265 3399 1350 me;
3423 1288 3519 1342 sed

1916 1375 2055 1429 hanc
2095 1374 2455 1445 objectionem
2497 1375 2679 1429 solvit.
2729 1376 2889 1445 Atqui
2939 1376 2981 1430 si
3022 1377 3302 1446 oppositus
3340 1377 3520 1434 Veteri

1914 1468 2263 1524 Testamento
2293 1467 2516 1531 fuisset,
2548 1485 2652 1523 non
2686 1484 2784 1538 pro
2813 1469 2998 1540 Moyse
3031 1470 3397 1538 disputasset;
3432 1488 3523 1525 ltu-

1914 1575 2020 1630 que
2046 1577 2111 1616 ex
2145 1562 2210 1615 iis
2237 1576 2356 1631 quze
2386 1561 2553 1616 semel
2587 1564 2656 1615 ab
2697 1562 2850 1615 initio
2881 1561 3018 1629 facta
3060 1571 3221 1629 sunt,
3252 1562 3397 1619 dicta
3430 1578 3523 1618 sua

1914 1652 2327 1720 emdirmasset,
2368 1668 2543 1723 neque
2583 1654 2872 1708 ostendere
2919 1653 3216 1710 studuisset
3260 1670 3356 1710 sua
3400 1672 3524 1711 cum

1917 1745 2106 1814 priscis
2150 1746 2259 1800 illis
2300 1746 2627 1801 consentire.
2664 1746 2773 1799 Etsi
2810 1761 2941 1801 vero
2979 1748 3143 1801 multa
3179 1748 3282 1803 alia
3314 1747 3527 1820 Moyses

1912 1838 2154 1905 jusserit,
2188 1846 2299 1891 tum
2327 1837 2395 1892 de
2420 1837 2573 1902 cibis,
2607 1845 2719 1891 tum
2744 1836 2811 1892 de
2835 1836 3073 1896 sabbatis
3098 1856 3113 1905 ;
3139 1855 3237 1893 cur
3263 1854 3527 1911 nusquam

1918 1929 2063 1983 illum
2092 1927 2193 1998 ipsi
2230 1938 2529 1999 opponunt,
2556 1939 2618 1982 ut
2647 1928 2749 1984 hoc
2776 1930 2936 1985 loco?
2961 1928 3095 1996 Quia
3136 1930 3187 1985 id
3214 1930 3526 1998 studebant,

1919 2028 1975 2073 ut
2015 2020 2251 2075 virorum
2292 2020 2690 2075 multitudinem
2734 2030 2921 2075 contra
2973 2021 3122 2077 illum
3167 2023 3525 2080 concitarent.

1919 2111 2051 2166 Nam
2081 2111 2211 2166 illud
2232 2110 2402 2167 Judzci
2433 2111 2801 2167 indifferenter
2828 2112 3207 2182 observabant,
3233 2130 3530 2187 omnesun

1918 2204 1970 2258 id
1999 2204 2157 2275 vulgo
2187 2203 2518 2259 factitabant.
2556 2204 2679 2260 Ideo
2701 2221 2824 2259 cum
2860 2206 3027 2261 multa
3056 2208 3109 2262 iu
3140 2218 3324 2264 monte
3353 2208 3530 2265 disse-

1918 2297 2130 2363 ruisset,
2167 2297 2326 2367 hujus
2355 2308 2559 2352 tantum
2594 2298 2831 2352 mandati
2861 2314 3005 2354 nunc
3032 2301 3359 2366 mentionem
3389 2300 3531 2357 fece-

1920 2398 2061 2446 runt.
2092 2390 2343 2445 Attamen
2377 2389 2661 2445 lnet’fahilis
2686 2390 2775 2443 illa
2802 2390 3075 2461 Sapientia
3105 2405 3203 2461 pro
3230 2391 3314 2447 his
3342 2391 3531 2448 deleo.

1917 2483 2126 2538 sionem
2171 2492 2325 2552 parat
2362 2490 2418 2537 et
2456 2481 2585 2537 dicit
2620 2499 2633 2537 :
2666 2481 2719 2537 8.
2768 2484 3024 2548 Quoniam
3056 2482 3260 2554 Moyse:
3285 2483 3356 2537 ad
3382 2483 3530 2537 duri-

1914 2579 2041 2629 tiam
2071 2576 2241 2630 cordis
2271 2572 2422 2629 uestri
2452 2576 2523 2627 ita
2557 2575 2666 2645 lege
2708 2576 2967 2644 praecepit.
3012 2572 3196 2645 Neque
3227 2574 3373 2630 illum
3403 2574 3532 2629 sinit

1920 2668 2261 2723 accusatione
2300 2666 2483 2737 itnpeti
2515 2684 2529 2719 :
2560 2683 2683 2722 nam
2718 2667 2830 2737 ipse
2862 2678 2977 2721 erat
3004 2667 3093 2738 qui
3124 2668 3294 2739 legem
3327 2668 3403 2723 illi
3433 2667 3530 2722 de-

1919 2758 2110 2825 derat;
2148 2758 2244 2815 sed
2290 2758 2437 2813 illum
2474 2774 2504 2812 a
2540 2759 2697 2829 culpa
2742 2758 2970 2823 liberat,
2996 2768 3051 2813 et
3078 2767 3247 2814 totum
3281 2776 3334 2814 tn
3371 2770 3533 2829 caput

1920 2851 2136 2906 illorum
2163 2852 2463 2915 convertit;
2494 2850 2636 2921 quod
2662 2851 2825 2906 etiam
2852 2850 3049 2921 ubique
3077 2849 3222 2905 facit.
3251 2849 3384 2905 Nam
3407 2866 3529 2906 cum

1918 2943 2213 3013 discipulos
2242 2945 2419 3013 spicas
2444 2944 2702 3000 vellentes
2728 2944 3169 3010 criminarentur,
3202 2946 3347 3015 ipsos
3371 2960 3532 2999 aecu-

1922 3046 2134 3091 satores
2174 3036 2227 3089 in
2275 3037 2430 3105 culpa
2474 3050 2598 3092 esse
2639 3036 2878 3092 ostendit
2908 3054 2921 3090 :
2954 3045 3011 3093 et
3046 3052 3170 3107 cum
3214 3035 3533 3091 incusabant

1920 3130 2062 3201 quod
2104 3130 2266 3184 illotis
2300 3129 2546 3184 manibus
2576 3130 2992 3196 manducarent,
3028 3131 3174 3201 ipsos
3201 3145 3325 3186 esse
3357 3142 3533 3186 trans-

1920 3236 2200 3292 gressores
2244 3220 2670 3290 comprobabat,
2700 3230 2756 3276 et
2796 3238 2919 3277 cum
2960 3222 3028 3277 de
3070 3222 3336 3290 sabbato,
3371 3232 3535 3293 atque

1923 3312 2151 3383 ubique,
2194 3321 2250 3366 ut
2294 3311 2398 3367 hoc
2438 3311 2578 3366 loco.
2629 3311 2835 3367 Deinde
2874 3312 2999 3383 quia
3049 3311 3100 3366 id
3144 3312 3285 3381 quod
3324 3312 3537 3367 dixerat

1920 3418 2211 3459 onerosum
2237 3413 2372 3470 erat,
2402 3403 2798 3473 admodumque
2839 3403 2960 3459 illos
2983 3404 3261 3473 carpebat,
3289 3404 3357 3459 ad
3382 3414 3536 3461 vete-

1922 3510 2036 3550 rem
2066 3510 2255 3550 rursus
2284 3494 2455 3565 legem
2487 3510 2793 3549 sermonem
2822 3495 2931 3549 cito
2964 3494 3259 3562 transfert,
3287 3506 3537 3568 repetens

1923 3586 1976 3641 id
2008 3588 2149 3657 quod
2188 3602 2351 3656 supra
2383 3586 2556 3641 dixit:
2587 3588 2631 3639 Α
2670 3587 2924 3656 principio
2966 3596 3135 3640 autent
3165 3603 3267 3641 non
3296 3587 3394 3657 fuit
3422 3588 3535 3654 sic;

1924 3680 1976 3735 id
2008 3689 2090 3736 est
2109 3723 2124 3745 ,
2157 3696 2223 3735 ex
2252 3679 2413 3734 rebus
2441 3680 2571 3749 ipsis
2599 3679 2869 3733 contraria
2902 3679 3047 3735 Deus
3075 3676 3398 3749 a’principio
3425 3689 3536 3733 sta-

1930 3775 2044 3830 tuit.
2084 3772 2163 3829 Ne
2205 3772 2447 3828 dicerent
2483 3773 2626 3827 enim
2664 3785 2677 3825 :
2708 3771 2864 3827 Unde
2910 3772 3082 3841 palam
3131 3772 3287 3826 nobis
3324 3773 3432 3828 erit
3468 3772 3539 3826 ob

1924 3866 2176 3922 duritiam
2222 3875 2461 3921 nostram
2511 3868 2613 3921 hoc
2656 3865 2859 3920 dixisse
2906 3866 3191 3938 Moysem?
3243 3866 3366 3923 hinc
3416 3867 3538 3921 illos

1926 3974 2142 4013 rursum
2171 3959 2497 4028 comprimit.
2532 3957 2665 4012 Nam
2706 3958 2750 4012 si
2792 3957 2910 4012 [nec
2948 3958 3031 4013 lex
3067 3960 3331 4028 prweipua
3363 3959 3537 4014 utilis-

1928 4066 2031 4121 que
2060 4051 2269 4115 fuisset,
2299 4066 2405 4103 non
2438 4049 2527 4104 illa
2552 4050 2655 4103 alia
2682 4066 2710 4101 a
2743 4050 3007 4119 principio
3035 4048 3157 4103 data
3186 4048 3372 4105 fuisset
3397 4066 3411 4103 :
3436 4064 3537 4104 nec

1932 4144 2006 4199 sic
2030 4144 2372 4199 etfurmassct
2407 4144 2568 4207 Deus,
2601 4159 2776 4213 neque
2804 4143 2925 4197 talia
2954 4143 3159 4197 diceret
3186 4160 3199 4196 :
3227 4142 3282 4198 9.
3313 4141 3424 4215 Ego
3444 4159 3539 4196 au-

1930 4250 2028 4291 tem
2052 4238 2164 4291 dico
2193 4238 2351 4302 vobis,
2379 4239 2499 4306 quia
2525 4238 2829 4304 quicumque
2856 4236 3107 4290 dimiserit
3129 4252 3342 4290 uxorem
3369 4252 3535 4297 suam,

1929 4348 2137 4400 excepta
2158 4346 2312 4383 causa
2336 4329 2704 4401 fornicationis,
2733 4338 2780 4383 et
2808 4328 2965 4382 alium
2988 4328 3211 4394 duxerit,
3238 4328 3537 4382 moechatur.

1931 4423 2218 4493 Postquam
2243 4423 2363 4476 illos
2384 4422 2449 4495 ad
2476 4422 2747 4483 silentium
2772 4421 3051 4490 compulit,
3075 4434 3198 4474 cum
3222 4420 3541 4474 auctoritate

1932 4516 2103 4588 legem
2127 4516 2333 4582 statuit,
2364 4526 2417 4569 ut
2442 4531 2565 4570 cum
2592 4514 2657 4569 de
2679 4513 2834 4579 cibis,
2860 4524 2915 4569 et
2938 4529 3061 4568 eum
3083 4512 3151 4567 dc
3172 4512 3396 4567 sabbato
3416 4527 3541 4583 age-

1933 4618 2035 4663 ret.
2068 4608 2199 4662 Nam
2228 4608 2295 4663 de
2326 4608 2461 4662 cibis
2480 4649 2495 4670 ,
2528 4618 2813 4677 postquam
2842 4606 2962 4660 illos
2987 4604 3391 4672 confutaverat,
3418 4619 3538 4660 cum

1936 4703 2106 4757 turbis
2138 4702 2404 4765 disseruit,
2437 4701 2643 4761 dicens,
2678 4714 2784 4753 non
2816 4698 2865 4752 id
2896 4698 3039 4767 quod
3068 4696 3367 4768 ingreditur
3393 4695 3542 4751 coin-

1934 4796 2157 4864 quinarc
2178 4793 2450 4848 hominem
2474 4792 2691 4860 (Matth.
2720 4792 2803 4845 15.
2833 4788 2955 4858 ll);
2982 4800 3036 4843 et
3060 4790 3127 4844 de
3148 4788 3393 4855 sabbato,
3418 4802 3541 4843 cum

1938 4888 2054 4939 illos
2084 4886 2487 4950 confutavisset,
2519 4883 2647 4937 dicit
2687 4902 2697 4935 :
2727 4881 2911 4952 Itaque
2940 4882 3053 4935 licet
3080 4883 3133 4935 in
3161 4880 3366 4935 sabbato
3393 4877 3546 4933 benc-

1938 4980 2106 5047 {acere
2131 4975 2343 5047 (Matth.
2381 4976 2459 5029 l2.
2494 4978 2579 5046 l5)
2607 4994 2617 5027 :
2652 4974 2737 5028 hic
2768 4990 2981 5043 queque
3004 4974 3194 5028 eodem
3224 4970 3403 5027 modo.
3435 4970 3541 5025 Sed

1936 5069 2077 5138 quud
2126 5069 2195 5123 ibi
2240 5067 2461 5131 aecidit,
2505 5066 2591 5120 hic
2633 5082 2843 5135 quoque
2874 5067 3069 5120 evenit.
3104 5064 3254 5119 Sicut
3288 5064 3430 5118 enim
3474 5064 3544 5117 ibi

1938 5160 2137 5215 .ludteis
2167 5160 2431 5225 refutatis,
2460 5159 2706 5227 discipuli
2746 5157 2942 5211 turbati
2973 5168 3117 5223 sunt,
3147 5167 3202 5212 et
3227 5155 3546 5211 accedentes

1939 5253 2003 5307 ad
2028 5268 2151 5308 eum
2178 5268 2299 5306 cum
2332 5252 2490 5306 Petro
2515 5251 2765 5307 dixerunt
2794 5269 2807 5303 :
2841 5250 3055 5321 Expone
3080 5249 3223 5306 nobis
3248 5250 3548 5319 parabolam

1940 5347 2071 5400 hanc
2100 5344 2328 5414 (Matth.
2358 5347 2442 5400 15.
2476 5342 2582 5416 56)
2612 5362 2623 5395 :
2654 5346 2733 5399 sic
2760 5358 2902 5398 nunc
2926 5358 3143 5415 quoque
3171 5342 3365 5396 turbati
3396 5341 3547 5398 dieeo

1940 5439 2069 5493 bant
2096 5452 2111 5484 τ
2143 5437 2229 5493 10.
2261 5436 2319 5493 Si
2343 5438 2412 5489 ita
2438 5447 2507 5491 est
2537 5452 2693 5489 causa
2715 5434 2957 5499 hominis,
2990 5432 3543 5505 eapeditnonnubere.

1943 5531 2149 5586 Etenim
2179 5545 2319 5584 nunc
2346 5529 2538 5582 melius
2558 5542 2725 5598 quam
2741 5538 2897 5581 antea
2918 5528 3119 5580 dictum
3142 5524 3543 5581 intellexerunt.

1945 5621 2174 5691 Ideoque
2204 5630 2327 5675 tunc
2357 5621 2619 5674 siluerunt
2647 5638 2660 5685 ;
2693 5636 2833 5674 nunc
2861 5632 3010 5686 vero,
3042 5619 3166 5690 quia
3197 5618 3429 5688 objectio
3458 5632 3547 5671 le-

1944 5718 2268 5785 spunsioque
2296 5714 2525 5784 prodiit,
2554 5724 2607 5769 et
2640 5714 2989 5785 interrogatio
3016 5726 3138 5769 cum
3169 5701 3545 5783 esplicatione,

1946 5812 2134 5879 lexque
2160 5809 2357 5864 clarior
2388 5809 2522 5863 facta
2564 5818 2679 5872 est,
2712 5818 3045 5878 interrogant
3090 5807 3240 5861 illum
3279 5815 3333 5858 et
3368 5803 3547 5875 palam

1946 5902 2314 5957 contradicere
2339 5916 2442 5955 non
2478 5903 2676 5956 audent
2709 5900 2888 5970 :quod
2917 5914 3094 5954 autem
3126 5915 3184 5953 ea
3216 5899 3265 5949 in
3298 5911 3355 5949 re
3384 5909 3548 5964 grave

3175 6001 3214 6059 9
