4040 6458
551 431 653 488 599

548 556 597 596 el
627 557 908 599 onerosum
942 540 1165 605 videtur,
1193 540 1243 593 in
1269 535 1813 595 niediunraddueunt.
1841 532 2080 588 dicentes
2112 550 2125 584 :

548 635 611 696 Si
639 637 710 689 ita
728 648 799 691 est
820 649 973 688 causa
994 628 1210 685 heminis
1231 645 1344 683 cum
1369 644 1543 693 uxore,
1572 643 1673 680 non
1699 624 1899 696 expedit
1924 624 2125 678 nubere.

547 734 677 790 Nam
706 727 858 783 valde
882 740 1168 781 onerosum
1187 722 1464 778 videbatur
1486 733 1705 774 uxorem
1726 718 1869 771 omni
1894 716 2127 786 nequitia

549 824 757 893 plenam
786 819 1004 883 habere,
1031 826 1086 871 et
1116 814 1361 880 tolerare,
1391 800 1811 881 indomitamque
1840 808 2007 864 feram
2044 809 2128 863 itt-

548 926 632 968 lus
661 926 897 966 scrvare.

618 1006 672 1060 5.
716 1002 1059 1075 Virginitatem
1102 998 1332 1056 Christus
1372 996 1565 1051 occulte
1601 994 1851 1067 quomodo
1896 993 2125 1048 suadeat.

549 1098 715 1171 Suum
746 1096 980 1149 mutitare
1002 1108 1183 1163 corpus
1212 1096 1372 1162 nefas.
1398 1088 1641 1143 Doctrina
1666 1087 1729 1142 de
1752 1088 1859 1157 {ato
1890 1097 1935 1141 et
1960 1102 2131 1139 ncces-

516 1208 517 1211 ‘
546 1191 694 1243 silete
721 1186 1018 1259 perniciosa.
1050 1212 1123 1223 —
1147 1183 1210 1237 Et
1238 1190 1296 1235 ut
1322 1180 1497 1235 discas
1515 1219 1531 1245 ,
1562 1177 1665 1233 hoc
1690 1176 1813 1232 illos
1840 1176 2125 1231 admodum

550 1281 792 1335 turbasse
816 1319 831 1343 ,
856 1277 1064 1331 Marcus
1091 1272 1403 1330 referendus
1441 1282 1523 1327 est
1548 1269 1730 1326 dicens
1756 1270 1874 1323 illos
1902 1267 2125 1322 seorsim

480 1424 485 1428 .
546 1371 652 1441 ipsi
679 1372 926 1441 loqttutos
943 1383 1081 1424 esse.
1112 1365 1248 1434 Quid
1273 1374 1373 1428 est,
1409 1364 1471 1421 Si
1504 1364 1577 1418 ita
1611 1372 1685 1418 est
1728 1378 1882 1416 causa
1910 1360 2128 1414 hominis

547 1484 666 1523 cum
682 1481 843 1520 uxore
860 1464 1050 1531 (Marc.
1072 1460 1157 1516 10.
1182 1459 1250 1515 £0
1266 1458 1377 1531 )‘ild
1393 1455 1564 1525 est,Si
1582 1458 1655 1512 ita
1668 1456 1945 1527 conjuncti
1962 1464 2115 1518 sunt,

552 1569 611 1613 ut
632 1571 801 1612 unum
824 1554 935 1610 sint
955 1570 971 1619 ;
996 1553 1100 1615 vel,
1118 1550 1179 1606 Si
1210 1552 1312 1606 hac
1329 1550 1397 1605 de
1418 1564 1583 1605 causa
1612 1550 1691 1604 sic
1708 1549 1793 1601 vir
1820 1546 2117 1602 adstrictus

551 1657 711 1704 estut
738 1660 953 1715 semper
981 1644 1391 1713 praevaricetur,
1421 1655 1545 1695 cum
1571 1638 1751 1708 ejicit:
1784 1639 1956 1693 levius
1973 1646 2120 1720 certe

554 1739 876 1807 faciliusque
890 1744 974 1791 est
989 1742 1178 1790 contra
1195 1743 1402 1813 naturae
1413 1730 1913 1800 concupiscentiam
1925 1740 1979 1783 et
1991 1742 2123 1781 cou-

555 1844 637 1887 tra
656 1831 894 1901 seipsum
933 1837 1165 1894 certare,
1188 1841 1350 1896 quam
1373 1832 1559 1880 contra
1587 1823 1889 1892 improbam
1925 1820 2124 1888 mulie-
2154 1864 2157 1867 η

558 1920 852 1986 rem.Quid
874 1918 1038 1989 igitur
1064 1915 1352 1972 Christus?
1370 1913 1488 1968 Non
1517 1914 1675 1979 dixit,
1700 1911 1875 1966 Etiam
1905 1908 2119 1965 facilius

562 2020 642 2066 est
666 2028 681 2075 ;
706 2018 757 2065 et
788 2012 892 2066 hoc
913 2008 1097 2074 facito,
1120 2023 1188 2063 ne
1201 2006 1388 2077 1egem
1416 2004 1546 2060 illud
1568 2019 1689 2059 esse
1708 2010 1957 2073 putarent
1980 2014 1995 2054 :
2026 2000 2119 2056 sed

542 2096 715 2149 intulit
747 2114 760 2147 :
794 2094 916 2149 Non
963 2110 1134 2150 omnes
1176 2096 1385 2161 capiunt
1413 2133 1429 2157 ,
1468 2091 1558 2146 sed
1584 2090 1761 2159 quibus
1800 2092 1973 2144 datum
2027 2099 2118 2145 est.

539 2186 670 2241 llem
690 2184 913 2248 extollit.
936 2194 987 2239 et
1009 2199 1250 2255 magnam
1270 2198 1389 2239 esse
1416 2182 1635 2248 indicat,
1652 2191 1811 2254 atque
1845 2182 1944 2237 hoc
1966 2183 2123 2238 modo

539 2276 755 2330 attrahit
785 2284 836 2331 et
879 2275 1141 2330 hortatur.
1167 2274 1273 2330 Sed
1302 2274 1388 2329 hie
1412 2274 1887 2335 contradictionem
1918 2274 2119 2331 videas.

542 2365 658 2435 Ipse
690 2366 831 2422 enim
874 2381 1120 2436 magnum
1150 2364 1276 2420 illud
1310 2380 1430 2420 esse
1460 2364 1621 2427 dicit;
1652 2365 1728 2419 illi
1762 2379 1889 2421 vero
1918 2365 2124 2420 levissi-

541 2474 683 2513 mum
712 2477 725 2513 :
758 2469 1042 2528 utrumque
1074 2468 1221 2512 certe
1256 2457 1536 2513 commode
1580 2444 1815 2523 faetum;
1849 2467 1906 2512 ιιι
1931 2468 1981 2513 et
2009 2459 2124 2527 ipse

537 2550 784 2620 magnam
814 2550 1069 2605 fateretur
1096 2564 1216 2604 cave
1235 2589 1249 2612 ,
1279 2558 1334 2602 ut
1360 2549 1477 2603 illos
1497 2548 1833 2605 ardentiorcs
1861 2548 2118 2615 efﬁceret,

537 2650 593 2697 et
631 2657 694 2696 ex
722 2641 877 2697 dictis
918 2641 1164 2713 superius
1194 2641 1266 2695 illi
1297 2640 1622 2696 levissimum
1666 2641 2032 2707 ostenderent,
2066 2652 2123 2698 ut

537 2734 641 2791 hoc
676 2735 835 2791 modo
877 2734 950 2789 illi
995 2734 1349 2804 virginitatem
1398 2742 1455 2789 et
1497 2734 1877 2789 continentiam
1908 2734 2123 2805 praefer-

538 2838 676 2881 rent.
701 2824 831 2894 Quia
876 2825 1020 2881 enim
1049 2824 1117 2880 de
1144 2824 1446 2895 virginitate
1488 2825 1629 2894 loqui
1661 2841 1947 2881 onerosum
1977 2827 2123 2882 vide-

537 2915 696 2971 batur
721 2931 841 2972 esse
868 2958 883 2983 ,
912 2932 980 2971 ex
1012 2915 1142 2971 dum
1190 2918 1320 2987 legis
1368 2918 1687 2973 necessitate
1711 2958 1725 2981 ,
1760 2918 1876 2973 illos
1919 2920 1970 2973 in
1999 2920 2118 2987 ejus

478 3006 479 3009 “
535 3006 877 3077 cupiditatem
921 3007 1159 3061 attraxit.
1192 3005 1392 3061 Deinde
1436 3016 1493 3060 ut
1542 3017 1925 3063 commonstret
1960 3023 2118 3078 posse

536 3098 677 3152 illam
723 3096 957 3161 servari,
986 3096 1101 3151 ait:
1134 3095 1222 3151 12.
1254 3096 1386 3151 Sunt
1431 3099 1685 3161 eunuchi,
1720 3098 1807 3166 qui
1845 3112 1909 3153 ea:
1950 3107 2117 3153 centre

534 3187 712 3238 matris
736 3186 808 3239 ita
830 3187 936 3240 nati
966 3196 1083 3241 sunt
1116 3201 1134 3239 :
1163 3196 1208 3239 et
1230 3195 1347 3240 sunt
1380 3188 1618 3253 eunuchi,
1648 3189 1736 3256 qui
1760 3190 1962 3243 castrati
1999 3199 2115 3244 sunt

535 3276 597 3329 ab
619 3276 902 3329 hominibus
924 3311 933 3328 .
970 3286 1016 3330 et
1043 3286 1159 3330 sunt
1184 3278 1422 3343 eunuchi,
1450 3278 1535 3346 qui
1561 3294 1614 3331 se
1640 3287 1978 3333 castraverunt
2002 3296 2118 3348 pro-

534 3378 644 3436 pter
666 3384 873 3438 regnum
899 3366 1137 3422 calorum
1154 3384 1175 3433 ;
1201 3368 1282 3423 his
1318 3369 1525 3424 occulte
1559 3371 1679 3424 illos
1726 3370 1792 3425 ad
1822 3371 1923 3427 hoc
1949 3389 2117 3444 genus

535 3458 655 3513 vita:
679 3456 1016 3529 deligendum
1053 3459 1343 3525 inducens,
1374 3469 1429 3515 et
1458 3460 1593 3515 hanc
1634 3462 1885 3517 virtutem
1913 3466 2115 3520 servari

532 3565 693 3619 posse
718 3550 970 3620 suadens,
999 3566 1063 3607 ac
1094 3551 1137 3607 si
1168 3552 1370 3609 diceret
1400 3571 1413 3606 :
1444 3552 1627 3624 Cogita
1659 3554 1784 3625 quid
1816 3556 2037 3623 iaceres,
2070 3558 2113 3613 si

532 3659 600 3699 ex
629 3652 814 3698 natura
845 3643 964 3700 talis
988 3658 1156 3709 esses,
1186 3653 1278 3699 aut
1307 3645 1352 3700 si
1380 3644 1606 3715 idipsum
1635 3662 1727 3716 per
1753 3648 1855 3700 vim
1882 3658 1933 3703 et
1973 3647 2114 3715 inju-

532 3734 665 3789 riam
695 3748 880 3804 passus
905 3734 1097 3790 esses?
1118 3735 1241 3804 quid
1286 3735 1486 3791 faceres
1512 3751 1631 3790 cum
1660 3737 1920 3805 ejusmodi
1950 3740 2116 3792 volu—

531 3833 674 3893 ptate
701 3824 937 3893 privatus
959 3864 975 3891 ,
1008 3825 1204 3879 nullam
1238 3825 1362 3880 hinc
1394 3827 1690 3883 mercedem
1732 3831 2114 3899 exspectares?

531 3913 741 3970 Gratias
769 3914 925 3983 igitur
954 3931 1093 3971 nunc
1139 3920 1236 3986 age
1276 3917 1386 3971 Deo
1410 3958 1423 3978 .
1452 3917 1592 3987 quod
1638 3932 1734 3987 pro
1777 3919 2025 3974 mercede
2061 3929 2115 3974 et

530 4008 742 4062 coronis
763 4006 889 4061 illud
913 4008 1301 4080 patiaris,quod
1332 4010 1447 4064 sine
1476 4010 1689 4064 coronis
1710 4011 1979 4080 patiuntur
2005 4011 2109 4077 illi;

530 4100 638 4156 imo
667 4117 792 4156 vero
836 4102 962 4156 illud
993 4118 1097 4156 non
1142 4102 1211 4156 ita
1237 4101 1459 4166 durum,
1488 4101 1581 4157 sed
1605 4102 1762 4172 longe
1790 4103 1959 4158 levius
1984 4115 2067 4157 est
2096 4122 2109 4157 :

530 4208 654 4247 nam
698 4203 750 4247 et
798 4208 894 4263 spe
952 4193 1153 4263 prmmii
1183 4234 1199 4258 ,
1246 4199 1500 4248 ettanta:
1543 4195 1752 4248 virtutis
1789 4197 2110 4251 conscientia

530 4285 801 4355 mitigatur
827 4327 842 4352 ,
872 4301 1042 4356 neque
1071 4286 1230 4340 tantis
1268 4285 1570 4355 cupiditatis
1598 4285 1841 4341 fluctibus
1860 4288 2109 4356 jactatnr.

532 4375 645 4430 Non
674 4376 815 4430 enim
863 4376 971 4445 ipsa
1004 4374 1227 4431 membri
1252 4377 1543 4446 amputatio
1572 4376 1642 4431 ita
1669 4376 1859 4431 ﬂuetus
1885 4380 2001 4433 illos
2028 4395 2113 4435 se-

529 4466 658 4522 dare
684 4476 738 4521 et
768 4467 1198 4536 tranquillitatem
1230 4482 1418 4536 parere
1445 4467 1608 4531 solet,
1630 4477 1695 4522 ut
1738 4470 1957 4524 rationis
1999 4470 2109 4525 fre-

530 4574 692 4630 num;
748 4558 856 4613 imo
904 4560 1059 4628 longe
1115 4558 1283 4629 magis
1335 4559 1435 4613 hoc
1488 4557 1641 4613 freno
1700 4560 1936 4615 sedatur.
1985 4562 2110 4618 ldeo

530 4652 688 4724 igitur
737 4652 853 4708 illos
899 4652 1289 4717 recensuit,ut
1317 4651 1414 4705 hos
1445 4652 1870 4707 ineitaretmam
1913 4654 1956 4707 si
2003 4669 2109 4709 non

536 4743 638 4797 huc
666 4743 943 4808 tenderet,
972 4742 1095 4811 quid
1140 4743 1237 4797 sibi
1285 4743 1445 4797 vellet
1489 4742 1576 4797 illa
1624 4746 1989 4799 cunuchorum
2021 4759 2109 4800 re-

528 4837 710 4891 censio
733 4835 755 4889 ?
779 4836 907 4889 Cum
948 4845 1124 4889 autem
1155 4834 1314 4898 dicit,
1344 4834 1551 4903 Seipsos
1598 4844 1939 4889 castraverunt
1958 4879 1973 4903 ,
2004 4852 2109 4891 non

529 4924 887 4981 membrorum
932 4924 1347 4996 atnputationem
1394 4923 1558 4987 dicit;
1587 4924 1724 4979 absit
1752 4941 1768 4985 ;
1798 4926 1893 4981 sed
1922 4941 2110 4996 prava-

530 5036 642 5071 rum
686 5018 1063 5088 cogitationum
1105 5017 1489 5085 etpalsionem.
1518 5016 1649 5072 Nam
1674 5019 1765 5087 qui
1808 5020 2108 5075 membrum

525 5109 751 5176 excidit,
786 5108 1145 5165 ntaledietioni
1195 5108 1456 5163 obnoxius
1508 5116 1623 5173 est,
1653 5117 1710 5162 ut
1753 5108 1943 5162 Paulus
1990 5112 2106 5167 ait:

530 5198 734 5255 Utinam
770 5199 1130 5254 abscinduntur
1147 5200 1229 5271 qui
1259 5215 1343 5253 vos
1369 5200 1663 5255 conturbant
1691 5200 1710 5273 (
1738 5200 1853 5254 Gal.
1888 5201 1941 5255 5.
1970 5202 2033 5255 l2
2062 5204 2106 5275 ).

528 5296 603 5348 Ac
624 5293 744 5365 jure
785 5294 1006 5359 merito;
1039 5308 1160 5347 nam
1190 5295 1278 5363 qui
1312 5293 1431 5348 talis
1456 5304 1558 5357 est,
1590 5294 1776 5347 eadem
1806 5294 2109 5364 aggreditur

528 5399 645 5453 qum
675 5382 953 5439 homicidre
972 5424 988 5451 ,
1016 5392 1070 5438 et
1096 5383 1161 5437 iis
1184 5384 1272 5453 qui
1303 5384 1393 5438 Dei
1423 5384 1747 5439 creationem
1778 5385 2106 5439 calumnian-

526 5484 613 5531 tnr
641 5472 728 5531 dat
749 5475 1085 5530 occasionem
1110 5514 1125 5539 ,
1157 5472 1680 5542 Maniehmorntnque
1707 5490 1799 5529 ora
1823 5477 2015 5541 aperit,
2045 5490 2109 5533 ac

524 5565 747 5635 perinde
778 5574 957 5634 peccat
984 5575 1143 5635 atque
1169 5564 1201 5619 ii
1224 5564 1361 5633 apud
1387 5565 1631 5633 gentiles,
1660 5566 1750 5635 qui
1779 5566 2104 5621 ntutilantur.

526 5657 758 5717 Membra
790 5658 928 5714 enim
955 5666 1228 5727 amputare
1256 5656 1532 5712 d’iabolic:c
1559 5664 1640 5713 est
1669 5660 1992 5727 operationis
2012 5701 2025 5721 ,
2055 5668 2110 5714 et

523 5752 877 5807 satantcarum
911 5749 1219 5803 insidiarum
1263 5763 1398 5817 opus
1446 5748 1541 5803 fult
1567 5750 1637 5803 ab
1685 5750 1873 5814 initio;
1918 5758 1973 5803 ut
2013 5749 2105 5803 Dei

523 5841 790 5913 opuieium
818 5842 1209 5901 calumnicutur
1237 5859 1250 5909 ;
1282 5851 1443 5912 utque
1483 5857 1511 5896 a
1545 5841 1651 5899 Deo
1681 5841 1876 5898 factum
1908 5841 2100 5898 animal

1187 429 1241 480 S.
1284 423 1559 482 JOANNIS
1596 417 2075 478 CHRYSOSTOMI
2116 414 2431 472 ARCIIIEP.
2475 415 3010 472 CONSTANTINOP.

3734 421 3841 478 600

2239 527 2557 582 labefactent
2584 543 2603 593 ξ
2629 536 2685 582 ιιι
2716 542 2819 583 non
2859 528 3133 600 proposito
3175 526 3461 589 voluntatis
3484 574 3500 598 ,
3529 533 3627 591 sed
3661 552 3843 591 mem-

2237 622 2455 677 brorum
2494 630 2697 675 naturm
2723 630 2888 688 totum
2931 624 3227 680 tribuentes
3254 667 3269 690 ,
3296 626 3376 681 sic
3414 628 3565 681 multi
3614 629 3741 683 sine
3775 631 3843 683 ti-

2239 730 2386 770 more
2408 722 2710 783 peccarent,
2736 716 2884 784 quasi
2914 718 3174 771 rationem
3199 733 3303 773 non
3324 728 3505 773 essent
3532 720 3843 775 reddituri:

2235 821 2300 862 ac
2325 806 2607 876 dupliciter
2636 804 2739 861 hoc
2760 800 2963 862 animal
2994 807 3246 862 la‘derent
3270 850 3283 873 ,
3316 819 3424 863 tum
3469 810 3613 879 quod
3664 827 3844 865 mem-

2236 900 2331 955 bra
2355 908 2708 969 amputarent,
2739 911 2846 954 tum
2870 900 3011 970 quod
3037 902 3324 957 voluntatis
3349 903 3585 958 studium
3611 921 3645 959 a
3680 904 3844 960 bonis

2234 992 2547 1047 exltibendis
2597 991 2934 1061 impedirent.
2976 994 3124 1049 Hane
3159 1010 3318 1065 porro
3355 995 3606 1052 diabolus
3656 997 3843 1068 legent

2232 1086 2548 1151 constituit;
2577 1094 2773 1155 prteter
2810 1084 2951 1139 dicta
2991 1094 3168 1140 autem
3215 1087 3356 1141 aliud
3394 1090 3697 1157 pessimum
3742 1091 3832 1142 tln-

2232 1190 2351 1245 gma
2380 1175 2657 1235 inducens,
2676 1191 2867 1245 nempe
2894 1176 2962 1230 de
2990 1177 3097 1231 fato
3122 1189 3173 1232 et
3201 1181 3542 1243 necessitate.
3568 1179 3675 1235 hac
3708 1197 3841 1236 vero

2232 1276 2412 1335 parata
2451 1265 2556 1329 via,
2596 1265 2894 1320 libertatem
2926 1265 3083 1335 nobis
3111 1282 3141 1321 a
3174 1268 3283 1323 Deo
3306 1269 3483 1324 datam
3514 1270 3840 1334 labefactat,

2230 1354 2460 1409 suadens
2488 1355 2611 1409 vitia
2642 1369 2761 1410 esse
2806 1356 3103 1421 naturalia;
3134 1358 3406 1429 multaque
3431 1361 3536 1416 alia
3571 1363 3703 1418 inde
3730 1364 3841 1417 do-

2229 1459 2405 1519 gmata
2436 1463 2593 1517 prava
2629 1448 2986 1505 disseminans
3008 1491 3022 1515 ,
3054 1452 3260 1507 etiamsi
3291 1452 3341 1507 id
3380 1469 3485 1509 non
3516 1467 3716 1526 aperte
3760 1457 3839 1509 fa.

2229 1540 2351 1594 ciat.
2404 1539 2547 1594 Talia
2603 1541 2800 1611 quippe
2851 1551 2975 1595 sunt
3022 1541 3217 1598 diaboli
3272 1546 3569 1613 perniciosa
3626 1547 3836 1602 tamira.

2229 1629 2562 1700 Quapropter
2590 1647 2740 1702 rogo,
2771 1632 2908 1688 hanc
2933 1633 3196 1705 fugiamus
3234 1637 3588 1708 iniquitatem.
3622 1640 3837 1697 Ρτωιρι·

2229 1736 2291 1775 ea
2318 1722 2459 1776 enim
2488 1738 2607 1792 qum
2632 1722 2864 1779 diximus
2885 1766 2900 1791 ,
2932 1740 3034 1779 non
3067 1726 3339 1796 mitigatur
3363 1730 3487 1784 inde
3516 1732 3793 1801 Cupiditas
3818 1776 3833 1794 ,

2229 1810 2337 1864 imo
2364 1814 2421 1865 tit
2447 1813 2724 1868 ardentior
2749 1830 2761 1867 :
2787 1828 2996 1885 sperata
3025 1831 3254 1887 namque
3282 1818 3495 1874 aliunde
3526 1822 3711 1876 fontes
3736 1822 3837 1877 Ιιι-

2230 1899 2338 1967 bet,
2362 1914 2414 1956 et
2451 1902 2664 1957 aliunde
2698 1904 2945 1959 ﬂuctibus
2983 1908 3230 1976 agitatur.
3258 1909 3356 1962 Alii
3384 1911 3527 1964 enim
3559 1927 3626 1966 ex
3672 1928 3835 1969 cere-

2229 1993 2346 2058 bro,
2376 1995 2466 2049 alii
2495 2012 2559 2050 cx
2588 1996 2780 2051 lumbis
2807 2010 3027 2053 (nstrum
3060 2001 3188 2055 oriri
3229 2001 3431 2058 dicunt.
3466 2007 3533 2058 At
3570 2021 3677 2074 ego
3726 2025 3833 2064 nun

2225 2084 2436 2141 aliunde
2462 2085 2687 2143 dixerim
2715 2103 2873 2158 quam
2901 2090 2967 2144 ab
2992 2092 3174 2144 animo
3196 2091 3394 2147 lascivo
3411 2135 3431 2157 ,.
3456 2103 3511 2149 et
3536 2099 3833 2165 rogitatio-

2225 2192 2350 2231 num
2382 2180 2624 2257 neglectu
2654 2199 2666 2236 :
2697 2182 2740 2235 si
2782 2182 2992 2237 animus
3022 2192 3329 2255 temperans
3366 2186 3469 2250 sit,
3495 2186 3714 2240 nullum
3766 2206 3831 2245 ex

2226 2272 2572 2327 naturalibus
2597 2272 2838 2326 motibus
2873 2273 3140 2324 damnum
3173 2278 3368 2323 nrttnr.
3396 2268 3471 2322 De
3513 2270 3628 2325 illis
3663 2271 3835 2339 igitur

2222 2363 2490 2419 eunuchis
2517 2364 2754 2429 locutus,
2784 2364 2877 2433 qui
2914 2361 3115 2417 frustra
3141 2360 3379 2417 eunuchi
3405 2368 3559 2424 sunt,
3589 2363 3700 2416 nisi
3731 2364 3765 2432 ιι
3786 2364 3832 2418 si

2226 2465 2406 2509 mente
2464 2464 2518 2510 et
2562 2455 2748 2510 animo
2799 2464 3162 2525 temperantes
3226 2452 3331 2507 sint
3361 2488 3374 2508 .
3406 2463 3460 2506 et
3498 2452 3568 2507 de
3627 2454 3701 2509 iis
3735 2456 3829 2523 qui

2224 2557 2445 2616 propter
2478 2560 2703 2615 regnum
2734 2546 2995 2601 caelorum
3027 2544 3405 2616 virginitatem
3438 2548 3827 2611 servant,jant

2224 2645 2441 2707 perorat
2472 2636 2559 2692 his
2586 2638 2767 2692 verbis
2795 2656 2808 2692 :
2837 2638 2943 2702 Qui
2970 2638 3161 2706 poterit
3178 2652 3387 2708 capere,
3408 2638 3591 2706 capiat
3615 2653 3634 2688 :
3665 2639 3832 2691 hinc-

2222 2743 2329 2799 que
2344 2729 2580 2785 validius
2607 2728 2933 2795 inllammat,
2956 2730 3103 2799 quod
3131 2745 3249 2784 rem
3277 2728 3555 2800 insignem
3581 2739 3636 2781 et
3654 2745 3828 2793 gran-

2219 2820 2343 2876 dem
2367 2835 2487 2876 esse
2510 2821 2871 2887 demonstret,
2908 2836 3007 2876 nec
3037 2837 3147 2876 rem
3176 2822 3319 2876 intra
3352 2822 3486 2892 legis
3506 2822 3825 2876 necessita~

2220 2923 2326 2968 tem
2365 2914 2616 2979 includit,
2645 2913 2715 2968 ob
2743 2912 3077 2968 ineﬂ‘abilem
3112 2916 3586 2970 mansuetudinem
3625 2929 3820 2969 Suam.

2218 3003 2284 3060 Et
2323 3006 2424 3061 hoc
2452 3006 2613 3071 dixit,
2665 3006 2903 3061 maxime
2944 3022 3063 3062 rem
3102 3022 3226 3063 esse
3261 3007 3579 3078 possibilem
3618 3018 3824 3061 ostem

2214 3096 2373 3160 deus,
2409 3105 2468 3151 ut
2496 3098 2671 3166 major
2698 3098 2824 3151 inde
2864 3100 3140 3166 cupiditas
3168 3100 3433 3153 voluntati
3463 3109 3774 3153 accrescat.

2290 3188 2342 3241 4.
2389 3183 2580 3258 Magna
2607 3189 2783 3258 gratia:
2819 3204 2915 3259 ope
2938 3199 3047 3260 eget
3079 3190 3359 3261 uirginitas.
3392 3221 3465 3231 --
3489 3191 3596 3247 Sed
3636 3192 3683 3247 si
3725 3210 3822 3251 res

2218 3294 2283 3335 ex
2309 3281 2581 3336 voluntate
2606 3290 2709 3347 est,
2731 3282 2961 3351 inquies.
2986 3281 3254 3353 quomodo
3276 3284 3328 3338 in
3352 3284 3613 3359 principio
3638 3285 3817 3342 dixit:

2222 3367 2342 3425 Non
2370 3388 2538 3426 omnes
2573 3373 2800 3440 capiunt,
2826 3372 2913 3425 sed
2948 3372 3129 3444 quibus
3155 3374 3331 3427 datum
3369 3375 3484 3430 est?
3522 3375 3590 3432 Ut
3632 3378 3822 3435 discas

2220 3478 2467 3532 magnum
2498 3479 2617 3518 esse
2647 3474 2941 3528 certamen,
2966 3479 3069 3519 non
3101 3475 3158 3520 ut
3182 3477 3379 3521 sortem
3402 3467 3691 3537 quamdam
3720 3487 3824 3527 ne-

2218 3557 2505 3610 cessariam
2530 3555 2859 3625 imaginaris.
2884 3554 2952 3609 lis
2977 3555 3118 3610 enim
3161 3555 3340 3610 datum
3380 3567 3461 3611 est
3490 3560 3580 3628 qui
3622 3561 3821 3617 voine-

2219 3647 2344 3699 rint.
2373 3645 2460 3700 Sic
2488 3660 2652 3715 porro
2688 3645 2856 3713 dixit,
2886 3654 2943 3700 ut
2971 3645 3281 3703 ostenderet
3327 3662 3520 3718 magno
3561 3666 3821 3720 superna:

2216 3734 2399 3806 gratia:
2424 3735 2621 3789 auxilio
2657 3748 2791 3805 opus
2822 3734 3021 3791 habere
3062 3751 3185 3791 eum
3224 3738 3315 3808 qui
3360 3737 3463 3793 hoc
3500 3739 3601 3794 init
3636 3754 3821 3797 certa-

2218 3844 2363 3892 men,
2394 3841 2501 3897 qno
2525 3828 2679 3897 plane
2709 3827 2913 3884 fruetur
2936 3829 3176 3899 quisquis
3202 3830 3450 3886 voluerit.
3481 3832 3632 3888 Solet
3653 3838 3821 3906 quip-

2220 3932 2285 3987 pe
2309 3917 2408 3972 hac
2436 3918 2507 3972 uti
2541 3933 2670 3973 voce
2698 3918 2922 3987 quando.
2938 3918 3005 3974 de
3035 3934 3224 3989 magna
3251 3921 3498 3990 quapiam
3526 3937 3587 3977 re
3611 3925 3817 3994 agitur,

2216 4018 2274 4061 ut
2297 4009 2508 4077 quando
2527 4008 2656 4064 dicit
2683 4026 2695 4061 :
2736 4007 2885 4063 Vobis
2913 4009 3088 4063 datum
3125 4021 3198 4065 est
3227 4028 3375 4066 nosse
3393 4014 3633 4083 mysteria
3660 4014 3819 4083 (Lar.

2216 4100 2267 4154 8.
2299 4100 2406 4169 l0).
2433 4100 2584 4167 Quod
2611 4107 2786 4154 autem
2819 4099 2922 4155 hoc
2948 4101 3017 4154 sit
3048 4116 3232 4155 verum
3258 4144 3274 4167 ,
3305 4118 3369 4158 ex
3412 4106 3666 4173 praesenti
3696 4108 3819 4161 loco

2218 4201 2382 4260 patet.
2429 4191 2561 4245 Nam
2605 4192 2647 4245 si
2697 4205 2986 4260 supernum
3028 4193 3365 4248 solummodo
3402 4204 3545 4249 esset
3584 4196 3815 4263 denunt,

2219 4280 2456 4350 nihilque
2485 4281 2552 4334 de
2578 4296 2675 4334 suo
2703 4281 2955 4336 aﬂ'crrent
2997 4282 3029 4335 ii
3071 4283 3161 4352 qui
3202 4285 3559 4355 virginitatem
3588 4288 3775 4343 colunt
3800 4332 3815 4352 ,

2216 4372 2483 4440 snpetllue
2510 4370 2639 4439 ipsis
2667 4386 2887 4441 regnum
2909 4372 3161 4427 mulorum
3189 4376 3541 4444 promitteret,
3567 4392 3670 4431 nec
3701 4396 3819 4434 me-

2214 4466 2319 4518 rito
2348 4466 2467 4518 illos
2508 4480 2537 4518 a
2586 4466 2794 4520 emteris
2838 4465 3097 4520 eunuchis
3148 4467 3520 4536 distingueret.
3553 4469 3635 4523 'l'u
3686 4486 3819 4525 vero

2214 4558 2343 4610 mihi
2372 4557 2675 4627 perpende,
2716 4558 2984 4627 quomodo
3026 4558 3168 4613 unde
3209 4558 3298 4613 alii
3329 4560 3563 4628 maligne
3610 4572 3813 4631 agunt.

2215 4650 2303 4703 alii
2333 4652 2619 4704 lucrentur.
2654 4650 2784 4704 Nam
2812 4650 3003 4716 Jud:ei,
3032 4666 3151 4704 cum
3183 4651 3313 4705 nihil
3341 4651 3685 4715 didicissent,
3714 4655 3813 4709 ab-

2216 4740 2391 4795 ierunt
2419 4759 2431 4794 :
2461 4758 2564 4795 non
2606 4742 2745 4795 enim
2773 4752 2831 4795 ut
2869 4742 3138 4796 discerent
3178 4736 3578 4811 interrogabant
3603 4762 3617 4808 ;
3647 4744 3811 4800 diari-

2214 4831 2322 4901 puli
2348 4848 2475 4886 vero
2503 4832 2623 4887 inde
2651 4833 2855 4886 lucrum
2885 4833 3204 4887 retulerunt.
3229 4814 3310 4889 1'3.
3342 4832 3486 4888 Tunc
3515 4836 3673 4890 oblati
3693 4849 3813 4893 sunt

2214 4926 2261 4978 ei
2291 4926 2507 4993 pueruli,
2537 4935 2590 4978 ut
2623 4942 2801 4978 manus
2839 4926 3111 4995 imponeret
3142 4927 3233 4991 eis,
3258 4937 3306 4979 et
3331 4916 3519 4980 oraret.
3550 4926 3815 4999 Discrputi

2213 5008 2379 5068 autem
2420 5016 2799 5085 increpot'crunt
2824 5032 2924 5069 eos.
2955 5016 3042 5069 M.
3076 5014 3175 5068 Ille
3197 5031 3310 5069 vero
3341 5017 3469 5071 dixit
3499 5018 3570 5071 eis
3598 5034 3618 5072 :
3646 5018 3815 5073 Sinite

2215 5110 2449 5177 parvulos
2486 5110 2652 5161 renire
2676 5110 2743 5161 ad
2786 5124 2903 5171 me;
2934 5110 3110 5161 talium
3136 5118 3209 5161 est
3248 5109 3379 5162 enim
3408 5126 3620 5179 regnum
3654 5114 3809 5165 ett-lo-

2212 5216 2346 5258 rum,
2376 5199 2462 5253 15.
2497 5197 2563 5251 Et
2586 5216 2701 5252 cum
2727 5200 3041 5268 imposuisset
3068 5200 3139 5253 eis
3162 5216 3362 5264 manus,
3389 5201 3512 5252 abiit
3533 5201 3670 5255 inde.
3698 5202 3809 5256 Cur

2212 5292 2455 5361 discipuli
2500 5307 2693 5360 pueros
2747 5291 3061 5361 abigebant?
3112 5291 3393 5360 Dignitatis
3433 5307 3618 5346 causa.
3669 5294 3808 5361 Quid

2209 5398 2340 5453 ergo
2382 5382 2505 5437 ille?
2534 5382 2599 5438 Ut
2625 5382 2816 5437 doceat
2847 5384 2963 5437 illos
2990 5382 3231 5437 modeste
3259 5397 3468 5453 sapere.
3504 5383 3812 5457 festumque

2213 5475 2537 5530 mundanum
2566 5466 2913 5542 conculcare,
2945 5486 2999 5529 et
3042 5476 3259 5544 suscipit
3301 5486 3353 5530 et
3399 5477 3542 5531 ulnis
3572 5480 3810 5546 comple-

2212 5566 2404 5631 ctitur,
2452 5566 2747 5634 talibusque
2794 5582 3017 5637 regnum
3072 5567 3325 5620 ea‘lorum
3378 5569 3702 5636 pollicetur;
3761 5573 3811 5625 id

2212 5657 2352 5728 quod
2383 5658 2543 5712 etiam
2576 5658 2702 5713 dixit
2735 5660 3001 5728 superius.
3034 5658 3099 5713 Et
3130 5673 3227 5713 nos
3257 5659 3455 5727 itaque,
3484 5661 3529 5713 si
3564 5663 3815 5717 volumus

2214 5750 2438 5804 heredes
2464 5765 2583 5805 esse
2612 5752 2861 5805 cmlortnn
2890 5794 2901 5812 ,
2936 5752 3070 5805 hanc
3104 5752 3347 5804 virtutem
3380 5768 3501 5805 cum
3533 5754 3813 5819 diligentia

2217 5856 2405 5916 magna
2433 5852 2720 5899 sectemur.
2753 5842 2863 5898 Hoc
2902 5852 2981 5898 est
3011 5844 3150 5897 enim
3189 5842 3540 5913 phiiosophiar
3570 5848 3790 5903 culmen
