4040 6422
154 405 256 462 σοι

153 523 458 595 simplicem
480 531 599 576 esse
622 529 743 571 cum
773 511 1081 584 prudentia:
1103 509 1216 563 lucc
1245 509 1350 562 vita
1381 513 1464 561 est
1492 501 1753 572 angelica.

155 619 355 673 Anima
394 616 536 671 enim
579 608 805 681 puerulo
850 605 1097 660 omnibus
1133 601 1296 655 animi
1345 595 1547 652 morbis
1592 605 1756 648 vacua

154 719 279 776 est;
314 723 418 764 non
448 703 761 761 memoriam
791 699 981 755 retinet
1012 695 1346 764 iujuriarum,
1379 688 1474 744 scd
1504 701 1597 742 cas
1624 683 1757 738 infe-

156 811 345 857 rentes
384 798 495 853 adit
541 804 600 850 ut
640 794 876 852 amicos,
909 806 972 843 ac
1001 790 1042 842 si
1075 787 1203 841 nihil
1250 785 1446 838 factum
1498 787 1662 835 esset.
1694 777 1758 830 Et

154 893 502 964 quantumvis
527 905 556 942 a
579 897 748 942 matre
775 883 1084 939 verberibus
1109 879 1364 940 cmdatur.
1397 890 1514 930 eam
1542 887 1757 941 semper

154 985 352 1056 qnaarit
376 1025 389 1048 ,
417 991 471 1038 et
500 979 746 1035 omnibus
772 975 1067 1045 anteponit.
1096 972 1152 1027 Si
1181 971 1419 1039 reginam
1446 966 1544 1036 ipsi
1572 973 1755 1056 ostcnf

155 1054 261 1133 das
316 1075 618 1131 diademate
671 1079 950 1129 ornatam,
980 1081 1086 1119 t.on
1137 1061 1385 1132 praeferet
1430 1073 1548 1113 eam
1596 1054 1756 1109 matri

154 1167 352 1238 pannis
396 1165 604 1220 detritis
645 1160 884 1225 vestitas,
908 1157 1172 1225 tualetque
1223 1152 1367 1206 illaut
1399 1150 1650 1205 incultam
1679 1149 1758 1238 vis

153 1237 296 1313 dere
320 1297 338 1324 ,
368 1270 527 1327 quam
554 1253 789 1321 reginam
823 1247 1102 1319 magniﬁce
1146 1246 1417 1298 atuictam.
1451 1240 1581 1295 Nam
1611 1237 1754 1309 quod

153 1367 342 1417 suum,
374 1324 515 1420 quod
544 1346 775 1400 alienum
807 1350 910 1406 est,
939 1355 1046 1396 non
1071 1354 1136 1393 ex
1169 1344 1479 1407 paupertate
1508 1334 1588 1389 vel
1615 1324 1765 1386 divi;

157 1447 270 1511 tils,
300 1442 393 1498 sed
419 1458 484 1496 ex
511 1453 695 1494 amore
741 1436 1010 1491 :estitnare
1054 1434 1191 1488 solet
1221 1450 1234 1484 :
1266 1441 1319 1485 et
1358 1429 1487 1483 nihil
1518 1428 1635 1496 plus
1665 1440 1754 1480 re-

154 1536 326 1604 quirit
349 1575 365 1598 ,
389 1546 547 1602 quam
580 1527 901 1590 necessaria,
936 1535 1096 1594 atque
1119 1533 1176 1576 ut
1203 1525 1337 1576 lacte
1376 1521 1612 1588 repletus
1637 1523 1752 1575 est.

156 1628 343 1682 statim
375 1621 614 1677 abscedit
639 1635 668 1673 a
706 1633 955 1673 mannna.
984 1615 1098 1670 Non
1131 1614 1318 1668 iisdem
1348 1652 1363 1677 ,
1392 1610 1583 1680 quibus
1625 1623 1752 1674 nos,

155 1718 415 1772 (erumnis
471 1713 731 1784 premitur
793 1709 1082 1780 parvulus,
1136 1721 1242 1760 non
1287 1702 1630 1774 pecuniarum
1674 1700 1756 1770 ja-

154 1820 310 1866 ctura
336 1852 350 1872 ,
385 1806 649 1876 rebusque
694 1801 995 1865 similibus;
1042 1813 1141 1853 nec
1184 1797 1252 1852 de
1301 1795 1487 1850 iisdem
1511 1834 1526 1857 .
1559 1792 1756 1862 quibus

157 1917 281 1965 nos,
313 1901 468 1956 ﬂuxis
494 1898 653 1953 rebus
680 1897 910 1960 Iretatur,
943 1907 1115 1963 neque
1142 1904 1431 1961 corporum
1462 1885 1759 1956 pulchritu-

155 1994 341 2049 dinem
396 1991 640 2044 miratur.
685 1987 810 2043 ldeo
855 1985 1106 2041 dicebat:
1136 1969 1344 2037 Ταιίωὶι
1391 1989 1464 2034 est
1508 1979 1637 2031 enim
1676 1991 1757 2030 re-

157 2104 317 2161 gnum
346 2086 588 2140 culorum
619 2101 638 2135 :
669 2090 726 2135 nt
767 2097 832 2135 ex
865 2079 1139 2150 proposito
1168 2074 1458 2129 voluntatis
1494 2072 1582 2125 illa
1624 2085 1755 2140 Ope-

158 2197 380 2244 remttr,
425 2193 543 2249 quae
599 2185 786 2230 natura
831 2189 925 2227 sua
976 2171 1125 2243 pueri
1175 2168 1395 2224 faciunt.
1427 2165 1560 2232 Quia
1611 2163 1754 2218 enim

157 2271 415 2330 Pharisazi
456 2284 561 2324 non
591 2265 827 2332 aliunde,
856 2279 1016 2334 quam
1043 2278 1072 2315 a
1102 2259 1335 2330 nequitia
1367 2267 1419 2313 et
1453 2254 1766 2325 arrogantia.

156 2363 224 2418 ad
254 2361 518 2432 agendum
545 2357 857 2413 ferebantur
881 2397 895 2419 ,
929 2354 1050 2407 ideo
1081 2352 1276 2420 ubique
1305 2347 1597 2417 discipulos
1629 2360 1757 2398 suos

156 2453 434 2522 simplices
476 2463 596 2504 esse
632 2446 825 2517 jubet,
861 2446 1084 2514 illosque
1111 2441 1414 2497 subindieat
1439 2481 1452 2502 ,
1485 2439 1611 2491 dum
1657 2435 1757 2490 hos

159 2543 408 2600 instituit.
431 2540 572 2596 Nihil
597 2539 740 2593 enim
768 2539 839 2590 ita
864 2535 1166 2605 superbiam
1197 2533 1331 2602 parit
1359 2574 1372 2596 ,
1407 2540 1464 2585 ut
1493 2529 1758 2599 principa—

159 2649 248 2693 tus
286 2647 340 2691 et
369 2633 522 2704 primi
566 2645 873 2686 consessus.
905 2627 1166 2694 Quoniam
1204 2626 1361 2695 igitur
1389 2621 1632 2692 discipuli
1661 2635 1758 2690 per

159 2738 330 2786 totum
358 2737 616 2782 terrarum
647 2724 830 2778 orbem
859 2721 1084 2776 multum
1115 2719 1334 2773 honoris
1375 2715 1754 2786 conscquuturi

159 2829 335 2886 erant,
365 2819 602 2890 ipsorum
624 2815 832 2869 animos
857 2811 1136 2883 prtevenit,
1169 2824 1269 2865 nec
1290 2810 1419 2864 sinit
1441 2822 1536 2863 eos
1564 2806 1755 2861 huma-

162 2926 296 2967 num
311 2911 439 2982 quid
459 2910 592 2980 pati,
611 2922 712 2962 nec
726 2907 989 2962 honorem
1006 2921 1036 2959 a
1054 2908 1216 2974 vulgo
1227 2910 1502 2972 expetere,
1521 2900 1606 2954 vel
1624 2906 1753 2952 ante

162 3003 290 3058 illos
307 3017 428 3056 sese
439 2997 806 3057 eﬂ‘erre-Nam
821 2997 1039 3054 etiamsi
1055 2997 1169 3050 haec
1186 3009 1351 3064 parva
1365 2993 1653 3047 videantur
1671 3007 1760 3047 cs-

166 3109 240 3160 se,
269 3094 495 3149 atmalis
525 3092 838 3162 ingentibus
855 3105 1077 3144 causam
1100 3089 1361 3158 praebent.
1387 3083 1480 3139 Sic
1504 3086 1649 3138 enim
1669 3085 1754 3138 in-

163 3185 340 3240 stituti
357 3183 616 3239 Pharisaei
637 3185 688 3237 in
726 3183 999 3237 malorum
1025 3181 1243 3235 culmen
1262 3178 1650 3241 ascenderunt,
1667 3190 1757 3228 sa-

166 3273 484 3338 Iutatioues,
514 3273 724 3342 primos
762 3286 1058 3326 consessus
1076 3278 1130 3323 et
1167 3270 1418 3322 incessus
1439 3265 1652 3320 medios
1669 3278 1759 3317 re-

161 3369 438 3439 quirentes
461 3384 474 3417 :
501 3364 625 3419 hinc
656 3364 708 3416 in
737 3361 1016 3416 ardentem
1038 3359 1220 3429 glorize
1244 3357 1611 3427 cupiditatem,
1631 3357 1758 3412 inde

162 3476 292 3516 vero
337 3460 387 3514 in
431 3459 754 3524 impietatem
787 3455 919 3524 lapsi
963 3461 1106 3506 sunt.
1135 3451 1339 3506 idcirco
1369 3451 1443 3504 illi
1473 3459 1754 3520 postquam

163 3551 418 3609 lentando
466 3548 804 3604 maledictum
835 3546 934 3601 sibi
962 3552 1322 3609 attraxerant,
1369 3554 1710 3599 recesserunt
1740 3563 1752 3597 :

164 3644 315 3714 pueri
344 3658 472 3697 vero
503 3639 929 3696 benedictionem
956 3633 1209 3702 habuere,
1244 3646 1431 3706 utpote
1455 3637 1559 3692 illis
1582 3638 1757 3691 ontui-

162 3736 262 3790 bus
293 3737 575 3790 immunes.
610 3732 790 3787 Simus
829 3745 958 3802 ergo
1001 3745 1100 3785 nos
1145 3739 1200 3783 ut
1248 3730 1429 3798 pueri,
1459 3737 1511 3784 et
1553 3728 1755 3782 malitia

161 3827 409 3883 infantes.
441 3824 625 3895 Neque
654 3824 794 3878 enint
827 3836 1131 3890 possumus,
1161 3837 1266 3873 non
1299 3835 1584 3888 possumus
1611 3829 1757 3874 certe

159 3922 266 3975 alio
293 3918 452 3973 modo
479 3917 671 3972 emittm
694 3915 875 3970 videre
909 3933 921 3966 :
955 3912 1050 3967 sed
1085 3927 1305 3966 necesse
1339 3926 1556 3979 prorsus
1587 3913 1638 3965 in
1665 3926 1758 3981 ge-

162 4013 394 4068 hennam
426 4009 664 4065 incidere
694 4023 814 4063 cum
854 4006 943 4076 qui
976 4006 1044 4059 sit
1071 4003 1439 4058 fraudulentus
1479 4013 1531 4058 et
1556 4003 1759 4072 impro-

159 4104 278 4159 bus.
313 4103 422 4156 Imo
446 4110 569 4156 ante
598 4099 897 4171 gehennam
935 4097 1020 4152 hic
1047 4111 1259 4166 quoque
1302 4105 1541 4150 extrema
1584 4096 1755 4164 patie-

161 4211 300 4248 mur.
325 4192 456 4247 Nam
487 4192 546 4246 Si
568 4192 730 4244 malus
759 4190 934 4259 (ueris,
969 4189 1159 4257 inquit,
1192 4189 1328 4240 solus
1359 4188 1560 4240 Iumries
1585 4186 1756 4252 mala;

159 4291 204 4343 si
230 4298 395 4340 autem
423 4287 579 4340 bonus
597 4327 611 4351 ,
641 4294 686 4338 el
729 4285 818 4337 tibi
849 4293 894 4336 et
928 4283 1161 4351 proximo.
1189 4283 1347 4335 bonus
1368 4283 1464 4335 eris
1493 4279 1674 4348 (Prov.
1701 4281 1754 4332 9.

160 4378 287 4449 12).
325 4376 729 4432 Animadvertas
775 4376 953 4435 enim,
989 4375 1056 4426 ita
1100 4387 1313 4442 qu0que
1359 4373 1534 4440 prisce
1577 4379 1754 4426 actum

155 4486 297 4526 esse.
332 4468 471 4524 Nihil
513 4467 658 4521 enim
687 4466 959 4521 scelestius
1003 4464 1163 4520 Saitle
1190 4463 1314 4528 fuit,
1350 4478 1524 4530 neque
1548 4463 1758 4532 simpli-

155 4563 274 4615 cius
307 4558 528 4613 Davide.
560 4559 688 4624 Quis
717 4572 844 4624 ergo
871 4555 1059 4609 fortior
1098 4554 1236 4608 luit?
1264 4554 1458 4608 Annon
1489 4555 1571 4609 bis
1603 4555 1754 4609 illum

159 4668 269 4724 prae
300 4651 543 4706 manibus
574 4649 756 4703 habuit
798 4648 960 4702 David
986 4690 1000 4710 ,
1032 4658 1086 4702 et
1117 4662 1237 4700 cum
1267 4655 1448 4715 posset
1475 4646 1720 4702 occidere
1739 4688 1753 4712 ,

155 4742 455 4798 abstinuit?
481 4757 657 4796 annon
701 4741 847 4795 illum
876 4740 1028 4810 quasi
1068 4755 1263 4809 sagena
1299 4747 1354 4794 et
1381 4753 1597 4793 carcere
1626 4753 1749 4793 con-

156 4835 364 4890 clusum
396 4833 622 4899 habuit,
653 4841 709 4888 et
738 4833 975 4902 pepercit
1003 4833 1095 4888 ei?
1134 4832 1354 4886 Etiamsi
1391 4832 1480 4886 alii
1519 4833 1757 4887 concita-

157 4935 278 4982 rent
304 4926 476 4996 ipsnm
495 4967 508 4990 ,
538 4925 747 4980 etiamsi
781 4925 869 4979 ille
918 4924 1226 4979 innumeras
1250 4924 1600 4994 querimonia:
1629 4939 1756 4978 cau-

156 5033 244 5073 sas
272 5017 518 5083 haberet,
539 5024 774 5071 attamen
802 5017 1010 5072 salvum
1031 5017 1252 5074 dimisit.
1272 5016 1604 5086 Quamquam
1627 5016 1756 5072 Saitl

156 5111 330 5180 ipsum
358 5125 479 5164 cum
508 5119 620 5164 toto
640 5110 879 5164 exercitu
903 5110 1303 5178 insequebatur,
1337 5109 1606 5180 Davidque
1631 5125 1752 5165 cum

155 5201 340 5274 paucis
369 5201 602 5272 fugitivis
625 5204 770 5257 omni
813 5217 908 5272 spe
954 5201 1223 5256 destitutis
1261 5201 1478 5257 errabat
1524 5202 1756 5257 interce-

156 5306 309 5366 ptus,
342 5309 373 5349 a
400 5293 522 5349 loco
559 5294 612 5349 in
651 5294 828 5350 locum
883 5295 1151 5350 transiens
1181 5312 1192 5348 :
1226 5303 1463 5350 attamen
1504 5294 1756 5366 fugitivus

156 5400 336 5457 regem
391 5387 664 5455 superavit
695 5405 708 5441 :
741 5387 863 5455 quia
910 5387 1002 5441 ille
1045 5402 1165 5441 cum
1207 5388 1552 5458 simplicitate
1580 5429 1597 5455 ,
1627 5388 1752 5442 Saitl

156 5493 276 5534 cum
301 5477 499 5532 malitia
522 5478 1020 5533 castramctabatur.
1035 5478 1172 5545 Quid
1193 5480 1336 5533 enim
1360 5479 1641 5535 scelestius
1663 5479 1759 5533 illo

154 5571 349 5637 fuerit,
376 5570 467 5640 qui
498 5570 690 5626 ducem
719 5573 988 5627 exercitus
1017 5572 1131 5636 sui,
1164 5573 1253 5643 qui
1285 5574 1462 5628 omnia
1491 5574 1629 5628 bella
1662 5590 1750 5628 re-

156 5672 241 5718 cte
267 5661 507 5732 gerebat,
537 5678 660 5718 cum
694 5665 939 5720 victoriis
966 5673 1022 5720 et
1051 5666 1287 5736 tropaeis,
1315 5667 1404 5736 qui
1434 5666 1644 5722 labores
1671 5666 1751 5722 fe-

159 5753 327 5820 rebat,
355 5763 411 5810 et
439 5771 669 5813 coronas
709 5757 819 5828 regi
851 5758 1092 5828 parabat,
1123 5759 1359 5814 tentabat
1389 5758 1681 5816 occidere?

1191 394 1254 449 IN
1292 386 1700 446 MA'I‘TIIAZU.“
1745 382 1973 439 IIOMlL.
2022 387 2174 446 LXII.
2211 390 2280 444 aI.
2326 392 2507 449 LXIII.

3363 407 3466 462 ὓοὲ

1945 502 1998 556 ὅ.
2043 501 2245 558 Invidia
2289 506 2431 560 bonis
2472 525 2671 579 quoque
2726 512 2830 566 suis
2894 513 3184 572 insidiatur.
3222 548 3294 560 —
3327 521 3470 576 Talis

1865 594 2062 664 quippe
2089 606 2170 651 est
2210 597 2405 653 invidia
2439 617 2452 652 :
2486 601 2641 657 bouis
2668 603 2780 673 ipsa
2826 608 3057 680 propriis
3095 626 3312 684 semper
3340 614 3465 669 insi-

1865 685 2073 755 diatur,
2104 687 2449 762 invidumque
2480 694 2732 752 tabefacit
2753 739 2767 764 ,
2813 708 2870 753 et
2900 701 3047 756 mille
3071 704 3468 762 calamitatibus

1866 781 2103 836 involvit.
2138 784 2300 840 Miser
2324 803 2453 858 ergo
2485 789 2588 854 ille.
2616 790 2788 846 donec
2818 793 2983 849 David
3011 795 3080 851 ab
3110 798 3201 854 illo
3220 804 3464 857 recessit.

1872 877 2234 934 miserabilem
2259 880 2404 936 illam
2431 896 2616 937 vocent
2639 886 2830 956 lugens
2851 902 2959 942 non
2983 890 3161 945 emisit
3195 911 3207 946 :
3235 893 3467 948 Nimium

1863 976 2116 1034 πορνεῖον,
2148 968 2448 1042 alienigena:
2474 973 2660 1028 bellant
2690 978 2817 1031 nti/ti
2840 978 3068 1048 inferunt
3086 1024 3102 1048 ,
3139 992 3187 1036 et
3214 983 3470 1042 Dominus

1863 1063 2066 1113 recessit
2085 1078 2117 1114 a
2140 1078 2218 1115 me
2247 1062 2266 1132 (
2296 1062 2346 1119 1.
2385 1064 2511 1136 Reg.
2543 1065 2632 1121 28.
2666 1068 2734 1124 15
2753 1068 2800 1141 ).
2828 1071 3132 1142 Antequam
3161 1073 3328 1132 David
3355 1077 3436 1132 dis

1864 1153 2117 1219 cederet,
2152 1171 2259 1210 non
2302 1157 2488 1213 incidit
2538 1160 2588 1214 in
2618 1161 2850 1231 bellum,
2878 1164 2976 1221 sed
3019 1168 3070 1221 in
3102 1170 3388 1227 securitate
3418 1184 3466 1225 ll

1867 1244 1916 1298 in
1945 1245 2108 1314 gloria
2134 1246 2395 1318 degebat:
2425 1250 2592 1320 gloria
2619 1254 2816 1325 quippe
2842 1255 2995 1312 ducis
3020 1260 3073 1312 in
3095 1275 3276 1330 regem
3297 1271 3472 1319 trans-

1864 1336 1992 1390 ibat.
2024 1336 2207 1408 Neque
2232 1340 2375 1395 enim
2410 1352 2666 1413 tyrannus
2687 1356 2804 1401 erat
2825 1347 3019 1417 David,
3043 1366 3218 1420 neque
3241 1354 3412 1424 ipsum
3438 1373 3465 1409 a

1863 1429 2002 1482 solio
2041 1430 2277 1500 dejicere
2319 1434 2556 1490 tentabat
2600 1452 2615 1501 ;
2650 1437 2744 1492 sed
2786 1453 2884 1508 pro
2925 1440 3018 1496 illo
3061 1446 3320 1512 prmclare
3355 1463 3469 1502 rem

1862 1522 2082 1591 gerebat
2107 1565 2120 1588 ,
2159 1525 2300 1580 bene
2325 1541 2448 1598 erga
2488 1528 2639 1583 illum
2668 1530 2890 1587 aﬂ'ectus
2916 1549 2930 1588 :
2963 1532 3016 1588 id
3045 1536 3185 1606 quod
3216 1539 3378 1593 etiam
3402 1555 3468 1595 ex

1863 1619 2214 1686 sequentibus
2247 1619 2590 1677 manifestum
2620 1623 2739 1679 fuit.
2772 1625 2907 1680 Nam
2940 1629 3195 1698 quamdiu
3243 1632 3345 1686 sub
3375 1633 3468 1688 illo

1868 1709 2132 1764 militabat
2157 1752 2172 1774 ,
2201 1710 2304 1785 legi
2332 1711 2563 1770 fortasse
2591 1716 2945 1787 subiectionis
2971 1719 3102 1775 illud
3139 1723 3435 1778 attribuent
3455 1766 3468 1789 ,

1865 1802 1953 1870 qtti
1984 1816 2088 1856 non
2116 1812 2364 1859 accurate
2389 1820 2501 1860 rem
2530 1807 2813 1877 explorant
2845 1826 2858 1864 :
2887 1811 2982 1884 sed
3013 1823 3296 1884 postquam
3321 1815 3472 1870 illum

1863 1911 1894 1949 e
1921 1912 2086 1964 regno
2109 1913 2210 1952 suo
2229 1899 2470 1968 expulit,
2494 1902 2621 1971 quid
2655 1902 2804 1957 illum
2835 1904 3194 1975 impediebat,
3221 1909 3347 1978 quid
3397 1909 3472 1964 illi

1866 1988 2125 2044 suadebat
2169 2001 2285 2044 uta
2335 1991 2479 2046 bello
2523 1993 2624 2062 ipsi
2669 1994 2952 2051 inferendo
2997 1999 3336 2055 abstineret?
3366 2001 3474 2056 imo

1865 2099 2013 2149 vero,
2046 2084 2173 2155 quid
2197 2101 2301 2140 non
2330 2087 2586 2144 incitabat
2608 2097 2665 2144 ut
2687 2104 2873 2145 necem
2900 2091 2974 2146 illi
2998 2092 3254 2150 inferret?
3277 2096 3472 2150 Annon

1863 2176 2054 2240 semel,
2112 2177 2194 2231 bis
2245 2186 2299 2232 et
2345 2179 2547 2248 pluries
2592 2181 2692 2251 ipsi
2725 2182 3004 2238 insidiatus
3032 2196 3148 2238 erat
3198 2186 3473 2256 improbus

1866 2269 1994 2324 ille?
2036 2286 2215 2324 annon
2248 2271 2522 2326 beneﬁciis
2546 2273 2811 2330 affectus?
2849 2291 3025 2331 annon
3057 2294 3184 2344 erga
3207 2281 3471 2335 insontem

1865 2362 1918 2417 id
1951 2365 2174 2433 egerat?
2199 2381 2376 2420 annon
2410 2382 2534 2420 cum
2565 2367 2804 2436 periculo
2832 2383 2930 2423 suo
2955 2369 3082 2426 Sani
3117 2374 3395 2444 regnabat,
3420 2386 3474 2427 et

1869 2455 2049 2510 salvus
2089 2457 2246 2510 erat?
2278 2472 2457 2513 annon
2489 2458 2584 2513 illo
2613 2459 2827 2516 vivente
2853 2471 2909 2517 et
2955 2463 3256 2533 imperante
3285 2481 3472 2520 errau-

1866 2550 1990 2604 dnm
2033 2565 2246 2620 semper
2287 2553 2383 2621 ipsi
2413 2563 2529 2607 erat
2569 2562 2622 2608 et
2653 2553 2961 2624 fugiendum
2987 2597 3004 2624 ,
3032 2573 3096 2613 ac
3123 2557 3191 2612 de
3216 2560 3474 2614 extremis

1868 2644 2320 2714 periclitandum?
2358 2646 2495 2700 Nihil
2536 2656 2713 2702 tamen
2761 2663 2947 2703 eorum
3001 2651 3174 2720 ipsum
3221 2651 3475 2708 inducere

1865 2737 2037 2806 potuit
2055 2747 2111 2791 ut
2127 2737 2360 2808 gladium
2382 2749 2689 2795 cruentaret
2712 2758 2726 2794 :
2751 2741 2858 2796 into
2878 2741 3239 2798 dormientem
3261 2742 3475 2810 videns,

1865 2838 2080 2898 captum
2109 2839 2165 2885 et
2192 2831 2366 2886 solum
2396 2832 2448 2886 in
2475 2832 2655 2888 medio
2698 2849 2921 2889 suorum
2955 2878 2970 2901 ,
3004 2850 3127 2890 cum
3159 2847 3322 2905 caput
3349 2836 3472 2905 ejus

1865 2923 2236 2994 contingeret,
2280 2923 2543 2995 multique
2571 2935 2756 2981 essent
2795 2927 2883 2997 qui
2919 2928 3066 2983 illum
3093 2929 3472 2994 concitabant,

1864 3014 2222 3085 dicebantque
2267 3016 2358 3073 Dei
2391 3027 2519 3073 nutu
2565 3019 2723 3076 talem
2769 3021 2868 3076 sibi
2899 3023 3352 3093 opportunitatem
3393 3023 3474 3078 of-

1868 3105 2014 3174 ferri,
2049 3110 2138 3168 Ule
2164 3119 2217 3164 et
2245 3111 2532 3168 incitantes
2559 3128 2618 3168 se
2650 3114 2967 3186 increpavit,
3000 3127 3052 3170 et
3079 3133 3108 3170 a
3132 3118 3279 3173 ett-de
3306 3119 3472 3174 absti-

1866 3203 2016 3268 nuit,
2049 3204 2364 3274 salvumque
2404 3214 2459 3261 et
2498 3221 2690 3262 sanum
2728 3207 2900 3278 ipsum
2947 3209 3202 3280 reliquit:
3235 3226 3299 3266 ac
3324 3213 3475 3282 quasi

1867 3296 2109 3364 corporis
2135 3294 2250 3363 cjus
2275 3305 2475 3362 custos,
2509 3312 2574 3354 ac
2604 3308 2880 3368 protector
2900 3341 2916 3366 ,
2945 3317 3052 3355 non
3083 3301 3253 3356 hostis
3283 3303 3440 3357 fuerit
3460 3347 3474 3366 ,

1867 3387 1944 3442 sic
1970 3388 2264 3442 exercitum
2294 3390 2566 3444 accusavit
2593 3391 2734 3458 quod
2766 3408 2946 3463 regem
2972 3395 3316 3463 prodidisset.
3339 3398 3476 3466 Quid

1868 3482 1992 3537 huic
2012 3484 2194 3539 animo
2222 3500 2316 3554 par
2337 3484 2533 3540 fuerit?
2552 3501 2670 3554 qua!
2692 3489 3048 3543 mansuetudo
3072 3489 3195 3545 huic
3221 3492 3478 3562 aequalis?

1869 3573 1921 3628 Id
1942 3576 2082 3628 enim
2107 3591 2170 3629 ex
2194 3574 2370 3642 dictis,
2393 3577 2666 3647 multoque
2687 3579 2855 3648 magis
2876 3595 2940 3634 ex
2969 3580 3031 3635 iis
3069 3596 3192 3649 qua:
3208 3580 3369 3638 modo
3393 3582 3470 3636 fa.-

1865 3673 1954 3720 cta
1977 3677 2124 3734 sunt,
2141 3667 2619 3738 conspicerelicet.
2639 3668 2694 3723 Si
2710 3670 2855 3725 enim
2891 3673 3211 3742 pravitatem
3238 3685 3476 3729 nostram

1868 3760 2294 3824 consideremus,
2319 3768 2442 3814 tunc
2466 3762 2658 3816 melius
2677 3773 2985 3820 sanctorum
3010 3766 3259 3822 virtutem
3282 3783 3482 3838 cogno-

1869 3867 2101 3908 scemus.
2135 3853 2477 3924 Quapropter
2523 3854 2749 3909 obsecro
2782 3867 2837 3910 ut
2867 3858 2931 3912 ad
2963 3858 3174 3913 illorum
3225 3860 3478 3914 imitatio-

1871 3959 1993 3999 nem
2026 3959 2329 3999 curramus.
2363 3945 2493 4000 Nam
2534 3948 2576 4001 si
2615 3947 2842 4016 gloriam
2874 3965 3024 4004 antas
3049 3991 3064 4015 ,
3104 3960 3159 4005 et
3191 3951 3312 4006 ideo
3343 3968 3482 4023 pro-

1868 4036 2015 4091 ximo
2045 4045 2136 4091 tuo
2185 4037 2454 4092 insidiaris
2481 4081 2495 4103 ,
2537 4048 2664 4093 tunc
2711 4041 2947 4096 maxime
2995 4041 3083 4098 illa
3132 4043 3328 4099 frueris
3358 4060 3480 4100 cum

1868 4127 2090 4198 gloriam
2129 4144 2390 4198 respuens
2411 4170 2426 4194 ,
2455 4130 2524 4184 ab
2553 4129 2761 4184 insidiis
2791 4131 3135 4189 abstinueris.
3162 4134 3312 4191 Sicut
3336 4138 3479 4191 enim

1869 4220 2218 4289 pecuniarum
2267 4229 2607 4291 contemptus
2637 4224 2880 4278 avaritiae
2909 4227 3214 4281 Contrarias
3245 4239 3324 4282 est
3359 4246 3372 4282 :
3405 4228 3482 4281 sie

1869 4313 2093 4383 gloriam
2145 4315 2400 4382 consequi
2446 4324 2500 4369 et
2542 4316 2766 4385 gloriam
2819 4333 3003 4372 amare
3030 4329 3154 4373 sunt
3185 4321 3480 4375 contraria.

1871 4406 1938 4460 Et
1986 4410 2030 4461 si
2061 4406 2276 4476 placet,
2310 4407 2520 4477 singula
2563 4418 2888 4465 scrutemur.
2931 4410 3063 4479 Quia
3104 4414 3252 4467 enim
3304 4413 3482 4468 nule

1869 4501 2023 4556 nobis
2051 4500 2189 4556 inest
2211 4499 2469 4571 gehennae
2492 4501 2669 4566 timor,
2704 4516 2878 4571 neque
2899 4504 3048 4573 regni
3077 4503 3330 4558 caelorum
3354 4521 3480 4558 cura

1871 4595 2000 4662 ulla,
2037 4610 2165 4665 age,
2184 4611 2250 4649 ex
2280 4594 2631 4664 przesentibus
2649 4594 2716 4649 ad
2735 4595 2823 4649 illa
2843 4611 2941 4651 vos
2986 4596 3323 4652 inducamus.
3348 4599 3475 4666 Qui-

1870 4703 2014 4752 nam,
2040 4702 2246 4757 quaeso,
2271 4685 2476 4740 ridiculi
2497 4686 2654 4740 sunt?
2675 4701 2852 4741 nonne
2871 4687 2904 4741 ii
2936 4687 3024 4757 qui
3052 4697 3274 4757 pr0ptcr
3305 4690 3480 4743 multi-

1873 4779 2073 4834 tudinis
2095 4791 2280 4831 auram
2309 4777 2509 4846 agunt?
2533 4776 2762 4842 Quinam
2782 4791 2910 4831 vero
2938 4775 3226 4833 laudandi?
3245 4795 3423 4834 nonne
3446 4780 3481 4834 ii

1867 4876 1956 4946 qtti
1977 4873 2249 4944 vulgarem
2271 4869 2480 4926 laudem
2497 4870 2885 4926 contemnunt?
2903 4870 3042 4942 Ergo
3058 4871 3102 4926 si
3127 4887 3276 4927 vanae
3296 4872 3480 4944 gloriae

1868 4983 2020 5022 amor
2069 4965 2458 5036 vituperandus
2497 4972 2582 5019 est
2609 5004 2625 5030 ,
2658 4973 2713 5018 et
2761 4965 2807 5018 si
2853 4955 3004 5019 vana:
3045 4966 3230 5035 gloria:
3255 4967 3480 5037 cupidus

1870 5074 1976 5114 non
2007 5065 2183 5127 potest
2209 5073 2270 5111 ea
2301 5057 2353 5110 in
2382 5071 2441 5109 re
2482 5055 2653 5109 latere
2679 5097 2693 5121 ,
2730 5054 2888 5123 plane
2931 5056 3318 5126 vituperandus
3346 5057 3473 5120 erit,

1867 5168 2126 5222 amorque
2169 5150 2359 5222 gloria}
2397 5150 2500 5204 erit
2530 5148 2604 5202 illi
2635 5163 2794 5203 causa
2828 5148 3132 5204 dedecoris.
3163 5149 3349 5220 Neque
3378 5150 3477 5204 hac

1867 5248 2040 5302 solum
2073 5245 2141 5300 de
2167 5259 2326 5300 eausa
2355 5243 2773 5310 deltonestatur,
2819 5243 2913 5298 sed
2942 5245 3104 5298 etiam
3141 5244 3283 5314 quod
3312 5246 3475 5299 multa

1868 5341 2042 5410 turpia
2075 5348 2128 5394 et
2168 5338 2384 5395 servilia
2426 5337 2607 5391 facere
2655 5345 2898 5405 cogatur.
2927 5335 3019 5391 Sic
3047 5338 3210 5392 etiam
3241 5352 3430 5392 omnes
3456 5379 3472 5401 ,

1868 5435 1959 5504 qui
1992 5435 2141 5490 lucro
2183 5447 2284 5488 ceu
2317 5430 2561 5485 furentes
2588 5429 2829 5496 student,
2858 5428 2927 5482 ub
2953 5445 3142 5484 amore
3169 5430 3303 5485 lucri
3332 5443 3475 5499 saepe

1870 5527 1991 5582 ἰωόὶ
2038 5525 2214 5581 solent
2255 5543 2268 5579 :
2313 5523 2509 5578 multas
2568 5523 2766 5592 quippe
2817 5520 3032 5576 fraudes
3080 5521 3370 5586 adhibent,
3420 5531 3474 5575 et

1867 5635 2026 5691 quam
2061 5617 2280 5673 minima
2314 5616 2461 5671 lucra
2492 5629 2681 5684 magna
2716 5615 2930 5684 pariunt
2954 5614 3296 5670 detrimenta.
3329 5612 3472 5682 Qua-

1868 5725 2089 5784 prOpter
2120 5712 2224 5768 hoc
2251 5714 2422 5780 ipsum
2457 5713 2508 5764 itt
2551 5711 2896 5780 proverbitntt
2936 5710 3164 5764 transiit.
3199 5707 3287 5763 Sic
3307 5707 3470 5762 etiam

1869 5807 2066 5863 lascivo
2095 5850 2107 5873 ,
2140 5804 2525 5876 impedimento
2551 5805 2614 5859 ad
2651 5804 2976 5875 voluptatem
3028 5814 3106 5858 est
3138 5803 3248 5873 ipsc
3275 5801 3470 5856 nimius
