4040 6426
639 395 742 450 603

634 505 854 561 allectus
886 525 898 562 :
933 522 1053 562 nam
1081 509 1211 562 viles
1237 508 1354 580 illos
1375 509 1711 564 effeminatos
1751 509 1901 580 quasi
1947 508 2204 578 mancipia

635 597 884 653 mulieres
917 599 1189 653 traducunt
1219 616 1232 663 ;
1263 615 1431 669 neque
1453 600 1735 670 dignantur
1757 599 1861 653 illis
1889 608 1944 654 ut
1965 599 2091 652 viris
2112 599 2205 662 uti,

633 690 871 758 colaphis
898 703 953 744 ct
981 693 1149 760 sputis
1174 677 1619 756 dehonestantes,
1650 695 2067 762 circumagentes
2087 733 2100 754 ,
2131 692 2207 744 ri-

631 782 818 832 dentes
845 780 961 834 illos
982 822 995 844 ,
1028 791 1186 850 atque
1209 785 1382 837 omnia
1412 784 1538 854 ipsis
1584 784 1920 854 imperantes.
1950 785 2037 838 Sic
2076 778 2205 836 nihii

632 871 807 925 vilius.
831 872 959 925 nihil
979 873 1232 942 ahjectius
1247 884 1523 945 arrogante
1549 891 1608 930 ac
1630 892 1776 929 vana:
1792 876 1971 944 gloria:
1992 875 2203 945 cupido,

633 962 719 1029 qui
748 960 846 1014 sibi
879 964 1121 1018 sublimis
1158 975 1212 1020 et
1241 966 1379 1021 altus
1408 967 1630 1021 videtur.
1662 967 1791 1020 Nam
1819 969 2204 1020 contentiosnin

627 1061 706 1104 est
745 1051 1032 1108 humanum
1058 1072 1222 1125 genus
1243 1100 1258 1124 ,
1285 1067 1340 1112 et
1369 1058 1494 1112 nulli
1523 1059 1591 1111 ita
1622 1058 1934 1112 adversatur
1961 1066 2016 1110 ut
2051 1072 2202 1110 arro—

624 1141 766 1207 gauli
793 1184 806 1204 ,
838 1145 1102 1212 superbo,
1135 1155 1188 1201 et
1231 1148 1410 1216 gloriae
1451 1163 1624 1202 servo.
1660 1147 1774 1218 Ipse
1804 1164 1928 1201 vero
1958 1189 1970 1208 ,
2023 1157 2076 1199 ut
2105 1145 2202 1198 sibi

625 1230 770 1282 illum
798 1233 1111 1302 arrogantia:
1135 1236 1346 1291 modum
1368 1247 1564 1310 servet,
1593 1240 1742 1308 quasi
1764 1237 2012 1306 mancipii
2031 1237 2202 1290 oltieia

623 1320 759 1386 apud
787 1320 980 1376 inultos
1007 1323 1221 1380 exhibet
1245 1366 1260 1392 ,
1305 1325 1553 1402 adulatur
1578 1367 1593 1392 ,
1624 1337 1920 1382 assentatur
1943 1368 1957 1392 ,
1998 1335 2052 1380 et
2087 1326 2202 1392 plus

1353 399 1406 452 S.
1449 399 1722 454 10.“le
1761 393 2235 452 CllllYSOSTOMl
2275 393 2588 449 ARCllllil’.
2631 393 3156 450 CONS'I'ANTINUI’.
3818 400 3911 452 (ith

2316 522 2470 573 quam
2501 506 2534 559 ii
2560 507 2648 575 qui
2681 521 2785 560 aere
2817 508 2980 574 empti
3011 517 3169 572 sunt,
3200 521 3257 561 se
3298 507 3633 575 gravissima:
3664 516 3909 564 servuuti

2314 597 2550 666 subjicit.
2583 598 2704 652 llicc
2729 613 2853 666 ergo
2882 600 3054 651 omnia
3081 614 3198 652 cum
3230 599 3489 662 sciamus,
3544 599 3715 653 hosce
3748 600 3914 668 depo-

2314 701 2502 740 namus
2542 687 2792 753 allectus,
2834 704 2898 740 ne
2927 697 2980 741 et
3018 688 3102 741 hic
3143 704 3323 756 paruas
3351 688 3576 754 demus,
3606 699 3666 745 et
3698 692 3816 744 illic
3864 695 3911 746 in

2315 788 2569 832 a:ternum
2610 780 2925 832 cruciemur.
2977 779 3194 832 Virtutis
3232 795 3358 848 ergo
3397 790 3676 835 amatores
3719 783 3909 836 simus.

2311 869 2398 923 Sic
2427 871 2567 923 enim
2609 871 2768 924 etiam
2797 878 2919 924 ante
2950 886 3168 939 regnum
3191 912 3204 933 ,
3235 872 3521 924 maximum
3553 874 3641 926 hic
3673 871 3909 928 fructum

2311 959 2658 1028 decerpemus
2678 1002 2691 1022 ,
2720 971 2774 1014 et
2799 961 2922 1013 illuc
2950 962 3236 1029 migrantes
3262 962 3476 1016 aeternis
3507 965 3792 1032 potiemur
3814 964 3907 1017 bo-

2311 1051 2391 1102 nis
2422 1068 2435 1103 :
2462 1067 2580 1120 quae
2607 1054 2804 1105 utinam
2835 1067 3018 1105 omnes
3045 1065 3463 1121 consequamur,
3512 1055 3695 1122 gratia
3727 1063 3785 1107 et
3813 1052 3908 1107 iui-

2310 1143 2595 1196 sericordia
2620 1144 2828 1197 Domini
2854 1145 2978 1198 Jesu
2999 1144 3221 1208 Christi,
3243 1145 3324 1198 cui
3347 1145 3509 1214 gloria
3535 1156 3590 1200 et
3613 1147 3905 1216 imperium

2311 1235 2362 1288 in
2388 1237 2579 1290 saecula
2605 1236 2938 1291 sicculorum.
2967 1238 3155 1290 Amen.

1763 1530 2107 1592 HOMILIA
2149 1526 2374 1588 LXIII.
2417 1527 2501 1588 al.
2547 1529 2772 1588 LXIV.

621 1673 747 1728 Car.
792 1675 878 1730 19.
921 1693 972 1730 v.
1019 1677 1107 1732 16.
1148 1676 1215 1732 Et
1256 1665 1368 1732 ecce
1407 1697 1534 1732 unus
1580 1679 1821 1750 accedens
1886 1679 2012 1731 dixit
2079 1675 2195 1728 illi:

696 1763 941 1834 Magister
988 1767 1144 1835 bane,
1195 1769 1316 1839 quid
1341 1770 1570 1839 faciendo
1602 1770 1761 1822 vitam
1789 1780 2026 1824 aeternam
2057 1769 2197 1823 here-

693 1859 860 1912 ditabo
874 1859 897 1911 .’

693 1995 745 2047 1.
771 1993 1114 2048 Pecuniarunt
1130 2012 1270 2050 amor
1295 1998 1539 2051 malorum
1561 1998 1780 2052 omnium
1806 1999 1971 2051 radix.
1991 1998 2195 2065 —Qui-

620 2085 739 2137 dam
784 2087 926 2147 hunc
965 2087 1216 2156 juvenem
1272 2097 1330 2140 ut
1372 2088 1756 2142 fraudulentum
1802 2099 1855 2144 et
1899 2090 2192 2157 improbum

620 2174 1004 2242 criminantur,
1038 2186 1094 2230 ut
1137 2178 1224 2247 qui
1260 2178 1494 2232 tentandi
1542 2193 1698 2232 causa
1742 2178 1920 2233 Jesum
1964 2180 2192 2232 adierit:

622 2283 721 2335 ego
759 2281 885 2321 vero
912 2268 1058 2322 illum
1087 2283 1302 2325 avarum
1343 2280 1396 2324 et
1424 2271 1759 2338 pecuniarum
1797 2281 2059 2324 amantem
2111 2270 2195 2323 di-

622 2371 744 2410 cere
791 2373 899 2410 non
949 2357 1185 2413 dubitem
1213 2401 1229 2426 ,
1277 2360 1492 2430 quando
1536 2359 1777 2415 Christus
1835 2363 1992 2416 talem
2043 2361 2188 2415 illum

623 2462 744 2502 esse
787 2448 1173 2504 demonstravit
1201 2467 1214 2509 ι
1242 2451 1632 2507 fraudulentum
1674 2469 1800 2508 vero
1829 2469 2158 2524 nequaquam
2178 2495 2194 2518 ,

618 2537 1046 2608 quandoquidem
1097 2556 1201 2595 non
1248 2549 1414 2595 tntum
1444 2553 1524 2596 e5t
1569 2542 1635 2597 de
1677 2545 1898 2598 occultis
1947 2546 2198 2599 audacter

621 2628 880 2694 judicare,
910 2646 1031 2686 eum
1058 2633 1286 2702 maxime
1315 2633 1380 2686 de
1401 2634 1644 2701 quapiam
1675 2635 1972 2689 accusando
1989 2636 2195 2705 agitur:

625 2728 784 2788 atque
829 2721 988 2774 etiam
1029 2723 1166 2791 quod
1200 2722 1403 2777 Marcus
1447 2723 1590 2776 illam
1629 2725 1982 2793 suspicionem
2023 2741 2196 2780 remo-

623 2813 758 2865 vcrit
783 2829 795 2863 :
823 2829 942 2865 nam
974 2814 1048 2866 ait
1079 2831 1090 2866 :
1115 2815 1393 2868 Accurrcus
1419 2823 1464 2867 et
1485 2817 1815 2884 genuﬂectens
1837 2817 2040 2886 rogabat
2061 2834 2196 2882 eum;

620 2913 705 2964 et,
740 2903 1029 2971 Respiciens
1058 2903 1204 2958 Jews
1232 2905 1404 2958 dilexit
1430 2923 1539 2959 eum
1570 2908 1588 2976 (
1616 2907 1775 2960 Marc.
1814 2907 1896 2961 10.
1933 2909 2018 2960 17.
2059 2909 2121 2962 21
2155 2909 2193 2978 ).

621 2993 727 3047 Sed
775 2995 936 3047 multa
977 3004 1060 3050 est
1101 2998 1440 3065 pecuniartnn
1490 2999 1726 3067 tyrannis
1749 3038 1762 3060 ,
1795 2998 1931 3066 quod
1961 2998 2042 3052 vel
2073 2998 2197 3053 hinc

619 3082 790 3149 palam
817 3093 899 3136 est
930 3101 942 3137 :
975 3083 1099 3138 licet
1144 3087 1284 3139 enim
1332 3088 1547 3140 virtutes
1595 3087 1723 3140 alias
1761 3087 1995 3141 colamus
2019 3129 2036 3154 ,
2083 3089 2194 3142 haec

621 3173 797 3225 omnia
820 3175 956 3228 bona
976 3174 1276 3230 iabet'actat.
1299 3175 1424 3230 .lurc
1444 3192 1569 3244 ergo
1588 3177 1777 3230 Paulus
1799 3178 1938 3232 illam
1959 3180 2193 3233 omnium

618 3264 876 3317 malorum
905 3265 1134 3320 radicem
1162 3283 1280 3320 esse
1302 3267 1431 3320 dixit
1461 3283 1473 3319 :
1509 3268 1676 3320 Radix
1695 3270 1822 3320 enim
1843 3273 2062 3322 omnium
2089 3288 2170 3324 ma

619 3347 780 3398 tantm
805 3357 879 3399 est
907 3351 1156 3418 auaritia(
1184 3352 1233 3403 1.
1269 3350 1396 3402 Tim.
1430 3352 1481 3402 ti.
1515 3351 1579 3405 10
1609 3353 1644 3419 ).
1665 3352 1850 3430 ρειαί-ο
1879 3369 2006 3422 ergo
2045 3352 2198 3408 Citri-

617 3445 731 3487 stus
754 3435 821 3488 ita
846 3439 1116 3507 respondit
1144 3440 1216 3493 illi
1237 3440 1420 3494 dicens
1445 3453 1456 3487 :
1485 3439 1644 3493 Nemo
1666 3442 1866 3496 bonus?
1890 3444 2021 3509 Quia
2047 3445 2193 3499 illum

621 3533 676 3575 ut
703 3525 998 3592 simplicem
1034 3528 1300 3582 hominem
1331 3528 1556 3582 habebat
1577 3539 1630 3584 et
1656 3530 1829 3600 vulgo,
1858 3542 1911 3586 et
1941 3543 1994 3586 ut
2013 3532 2197 3588 docto-

621 3629 732 3666 rem
764 3614 1042 3671 Iudaicum
1071 3636 1082 3670 :
1113 3617 1336 3687 ideoque
1382 3629 1438 3672 ut
1468 3619 1626 3674 homo
1676 3621 1846 3690 ipsum
1889 3623 2190 3693 alloquitur.

618 3704 746 3758 Nam
767 3721 906 3773 sa-pc
923 3708 1209 3763 secundum
1219 3709 1519 3779 rogantium
1535 3713 2129 3785 OpinionetnrcspOndet
2153 3719 2191 3781 ⁸,

619 3803 805 3847 utcum
829 3795 952 3850 dicit
978 3817 990 3850 :
1018 3796 1126 3852 Nos
1147 3799 1412 3852 adoramus
1435 3802 1565 3868 quod
1591 3802 1771 3854 scimus
1793 3802 1968 3875 (Joan.
2001 3806 2054 3858 4.
2077 3805 2189 3874 ‘29.):

616 3894 667 3935 et
687 3924 701 3948 ,
725 3884 785 3937 Si
810 3901 900 3956 ego
923 3888 1254 3942 testimonium
1285 3890 1515 3958 perhibco
1541 3892 1603 3942 de
1623 3893 1830 3960 meipso,
1861 3895 2193 3949 testimonimn

617 3993 778 4028 meum
800 3989 987 4032 nonest
1008 3996 1173 4032 rerum
1199 3981 1371 4051 (Joan.
1392 3982 1442 4037 5.
1469 3981 1578 4052 51).
1597 3981 1724 4037 Cum
1745 3985 1900 4053 igitur
1915 3988 2008 4053 ait,
2031 3986 2193 4041 Nemo

617 4069 794 4132 bonus,
829 4085 930 4123 non
959 4069 1059 4126 hoc
1087 4071 1210 4126 dicit
1241 4081 1296 4127 ut
1324 4088 1380 4126 se
1409 4072 1602 4128 bonum
1634 4090 1734 4126 non
1767 4091 1885 4129 esse
1908 4077 2187 4144 signiticet,

623 4157 761 4212 absit
787 4178 799 4213 :
827 4176 931 4216 non
953 4163 1093 4217 enim
1116 4163 1266 4226 dixit,
1296 4164 1428 4230 Quid
1453 4181 1528 4217 me
1549 4165 1673 4218 dicis
1700 4164 1920 4217 bonum?
1949 4183 2050 4219 non
2077 4184 2191 4221 sum

615 4250 787 4304 bonus
820 4269 832 4304 :
863 4254 953 4307 sed
975 4294 990 4319 ,
1020 4253 1184 4308 Nemo
1233 4256 1388 4310 bonus
1420 4255 1621 4325 (Marc.
1662 4257 1743 4312 10.
1777 4257 1882 4327 18)
1909 4276 1922 4323 ;
1980 4260 2028 4313 id
2071 4272 2146 4315 est
2174 4303 2188 4327 ,

621 4341 798 4394 nullus
829 4334 1136 4398 hominum.
1157 4345 1274 4415 Ipse
1305 4361 1429 4400 vero
1463 4363 1582 4400 eum
1629 4348 1727 4401 hoc
1756 4349 1915 4414 dicit,
1950 4350 2052 4404 n'on
2094 4353 2190 4404 ho-

617 4433 786 4485 mines
828 4447 856 4486 a
900 4434 1136 4492 bonitate
1178 4437 1571 4506 excludit;sed
1615 4441 2006 4506 comparatione
2055 4440 2188 4496 facta

613 4538 733 4576 cum
765 4523 856 4576 Dei
880 4524 1127 4581 bonitate.
1153 4527 1481 4596 Quapropter
1505 4528 1706 4595 adjicit,
1735 4527 1854 4583 Nisi
1871 4531 2003 4583 solus
2029 4530 2187 4584 Deus.

617 4612 796 4682 Neque
823 4615 952 4669 dixit
976 4658 988 4679 ,
1022 4617 1128 4670 Nisi
1163 4617 1316 4672 Pater
1346 4633 1495 4672 meus
1518 4658 1533 4682 ,
1566 4629 1621 4672 ut
1649 4619 1820 4674 discas
1845 4661 1858 4681 ,
1885 4620 2052 4688 ipsum
2087 4637 2189 4674 non

621 4719 680 4756 se
722 4705 902 4772 juveni
946 4707 1021 4760 illi
1049 4707 1491 4763 manifestavisse.
1533 4708 1619 4764 Sic
1647 4710 1804 4763 etiam
1835 4726 1994 4780 supra
2024 4711 2193 4765 malos

614 4793 824 4848 diccbat
858 4794 1099 4851 homines
1125 4798 1207 4852 his
1241 4799 1417 4853 verbis
1455 4821 1466 4854 :
1499 4801 1558 4854 Si
1583 4810 1751 4853 autem
1782 4816 1866 4854 vos
1887 4841 1902 4866 ,
1931 4817 2045 4853 cum
2083 4801 2190 4855 sitis

623 4885 765 4949 mali,
798 4887 950 4940 nostis
971 4889 1098 4940 bona
1120 4889 1236 4940 data
1261 4890 1380 4942 dare
1400 4891 1518 4957 [iiiis
1547 4893 1716 4944 vestris
1734 4891 1751 4960 (
1771 4891 1953 4944 Matth.
1988 4893 2035 4945 7.
2070 4894 2186 4963 11).

609 4973 739 5028 Nam
773 4973 878 5029 illic
918 4979 1083 5032 malos
1116 4981 1318 5033 vocavit
1343 5021 1355 5044 ,
1383 4985 1485 5034 non
1515 4982 1652 5049 quod
1685 4981 1776 5036 toti
1808 4993 2007 5037 natura:
2038 4985 2190 5039 mali-

610 5066 736 5122 tiam
763 5066 1092 5122 adscribcret
1118 5087 1128 5131 ;
1159 5086 1278 5122 nam
1319 5069 1467 5136 illud,
1507 5069 1606 5124 Vos
1625 5112 1637 5135 ,
1667 5087 1770 5125 non
1799 5088 1982 5125 omnes
2015 5074 2187 5129 homi-

618 5169 711 5207 nes
742 5156 997 5224 siguilieat
1020 5200 1034 5223 ,
1065 5159 1156 5214 sed
1190 5159 1460 5214 hominum
1498 5161 1785 5216 bonitatem
1813 5178 1931 5216 cum
1965 5164 2055 5217 Dei
2088 5167 2181 5219 bo-

611 5245 771 5297 nitate
795 5261 1129 5314 comparans,
1152 5250 1493 5323 siciquuutus
1516 5260 1629 5314 est;
1655 5251 1876 5322 ideoque
1898 5254 2182 5323 subjunxit.

613 5333 813 5397 Quanto
851 5336 1011 5406 magis
1045 5334 1199 5392 Pater
1230 5322 1391 5392 uester
1440 5341 1576 5394 dabit
1617 5322 2048 5412 bona'petentibus
2084 5361 2135 5398 se
2160 5347 2186 5399 .’

607 5422 809 5492 Ecquid
836 5425 982 5482 illum
1013 5428 1268 5498 urgebat,
1301 5429 1503 5499 inquies
1523 5471 1540 5496 ,
1565 5441 1656 5485 aut
1680 5432 1803 5502 quid
1832 5434 2095 5488 commodi
2120 5452 2183 5490 ex

609 5514 912 5583 hujusmodl
938 5520 1230 5587 responso?
1256 5520 1508 5575 Paulatim
1537 5523 1680 5575 illum
1707 5523 1773 5577 ad
1801 5525 1986 5578 altiora
2014 5525 2180 5580 addu-

609 5607 679 5658 cit
706 5644 721 5670 ,
766 5617 926 5677 atque
952 5603 1174 5666 instituit
1200 5619 1254 5666 ut
1277 5613 1423 5668 omni
1452 5614 1520 5668 sit
1543 5613 1847 5672 adulatione
1876 5632 2069 5672 vacuus
2093 5657 2109 5685 ,
2151 5635 2180 5673 a

670 5763 685 5793 ¹
713 5762 859 5827 Editi,
886 5767 1145 5818 secundum
1169 5766 1432 5832 agnitionem
1465 5770 1720 5820 multorum
1746 5765 2013 5830 respondet.

2305 1673 2633 1742 terrenisque
2655 1675 2922 1729 abducens
2947 1675 3053 1729 Deo
3079 1675 3368 1744 coniungit,
3396 1675 3707 1745 suadetque
3731 1675 3899 1728 lutan

2299 1777 2557 1831 quaerere,
2587 1763 2920 1834 discereque,
2949 1767 3066 1834 quis
3105 1767 3172 1819 sit
3200 1781 3327 1820 vere
3356 1766 3528 1819 bonus
3549 1807 3566 1832 ,
3596 1768 3725 1836 quis
3755 1767 3896 1820 radix

2301 1863 2352 1906 et
2369 1853 2486 1908 l'ous
2503 1856 2762 1918 onmium,
2787 1857 2986 1925 ipsique
3007 1857 3263 1910 honorem
3283 1856 3499 1910 referre.
3522 1856 3662 1909 Nam
3687 1858 3902 1926 quando

2300 1943 2426 1997 dicit
2450 1986 2465 2010 ,
2498 1944 2670 1998 Nolite
2709 1947 3002 2016 magistrum
3031 1963 3207 1998 vocare
3251 1963 3398 2014 super
3423 1957 3619 1998 terram
3662 1950 3679 2013 (
3707 1946 3897 1999 Matth.

2299 2034 2389 2088 25.
2420 2033 2522 2104 9),
2551 2044 2658 2088 tum
2685 2037 2736 2088 in
2760 2036 3207 2103 comparationem
3230 2038 3306 2090 sui
3330 2038 3396 2089 ita
3421 2035 3574 2102 dicit,
3597 2049 3717 2091 tum
3742 2040 3898 2093 etiam

2300 2134 2356 2178 ut
2385 2125 2592 2180 discant
2625 2128 2765 2196 quod
2793 2130 2862 2180 sit
2903 2127 3128 2195 prinutm
3172 2142 3345 2182 rerum
3386 2129 3631 2180 omnium
3663 2129 3898 2182 initiutn.

2298 2215 2479 2283 Neque
2515 2218 2656 2271 enim
2688 2217 2949 2271 modicum
2979 2217 3189 2284 juvenis
3232 2216 3319 2270 ille
3361 2217 3629 2271 hactenus
3661 2219 3898 2273 studium

2298 2307 2606 2363 ostenderat
2678 2320 2732 2363 et
2769 2324 3046 2373 amorem,
3081 2311 3150 2363 ita
3180 2318 3274 2376 ut,
3323 2325 3442 2366 cum
3489 2310 3583 2363 alii
3627 2321 3900 2365 tentarent

2300 2401 2592 2467 Christum,
2626 2403 2715 2458 alii
2749 2418 2843 2472 pro
2872 2403 3071 2457 morbis
3098 2412 3188 2456 aut
3218 2403 3329 2457 suis
3355 2411 3444 2456 aut
3472 2396 3712 2457 aliorum
3747 2419 3899 2458 acce-

2299 2492 2521 2560 derent,
2554 2495 2666 2563 ipse
2696 2510 2793 2562 pro
2823 2492 2926 2548 vita
2962 2504 3161 2547 interna
3209 2493 3413 2548 veniret
3451 2503 3620 2563 atque
3662 2494 3896 2549 intem-

2298 2594 2467 2653 garet.
2513 2584 2730 2654 Pinguis
2768 2594 2912 2639 certe
2940 2593 3080 2638 terra
3110 2593 3162 2648 et
3202 2583 3388 2638 fertilis
3432 2599 3561 2654 ager
3587 2596 3749 2649 erat,
3807 2587 3896 2641 sed

2299 2676 2574 2743 spinarum
2607 2675 2901 2728 multitudo
2942 2689 3123 2728 semen
3153 2673 3450 2727 suﬂ’ocavit.
3501 2675 3898 2732 Animadverte

2300 2764 2441 2818 enim
2486 2779 2643 2833 quam
2692 2765 2759 2818 sit
2801 2773 3012 2832 paratus
3057 2763 3120 2816 ad
3163 2763 3518 2817 obediendum
3571 2766 3896 2820 mandatis:

2305 2857 2439 2921 Quid
2465 2857 2696 2926 faciendo
2715 2898 2729 2922 ,
2772 2856 2971 2926 inquit,
3003 2858 3156 2908 vitam
3183 2865 3424 2909 internum
3462 2858 3739 2925 possidebo
3759 2859 3786 2911 .’
3811 2859 3898 2912 Sic

2301 2956 2575 3014 promptus
2620 2961 2740 3002 esse
2770 2945 2834 2999 ad
2861 2945 3153 3016 parendum
3182 2945 3473 2999 videbatur.
3508 2945 3667 3012 Quod
3697 2949 3744 3001 si
3779 2957 3898 3002 ten-

2299 3043 2414 3089 tans
2441 3037 2754 3090 accessisset
2778 3075 2792 3098 ,
2825 3035 2953 3089 illud
2995 3045 3140 3090 certe
3169 3024 3692 3091 nobis‘deelarasset
3733 3053 3898 3091 evan-

2297 3127 2502 3196 gelista,
2530 3127 2973 3197 quemadmodum
3003 3135 3057 3181 et
3081 3127 3130 3179 in
3159 3126 3276 3180 aliis
3307 3125 3553 3191 faciebat,
3585 3137 3642 3181 ut
3674 3128 3727 3180 in
3765 3128 3896 3198 legis

2297 3216 2535 3272 doctore.
2565 3215 2620 3271 Si
2648 3232 2778 3270 vero
2819 3216 2931 3284 ipse
2956 3215 3210 3280 siluisset,
3244 3229 3348 3268 non
3380 3216 3591 3269 sivisset
3640 3215 3896 3272 Christus

2299 3309 2468 3378 ipsum
2498 3309 2694 3372 latere,
2725 3307 2819 3364 sed
2849 3309 2931 3363 vel
2957 3316 3140 3376 aperte
3166 3308 3335 3374 ipsum
3369 3307 3733 3375 redarguisset
3754 3349 3772 3373 ,
3809 3309 3895 3362 vel

2298 3401 2504 3453 occulte
2529 3401 2823 3470 tetigisset,
2871 3415 2937 3454 ne
2966 3400 3233 3454 videretur
3258 3399 3532 3466 decepisse
3571 3408 3626 3453 et
3672 3399 3888 3462 latere,

2300 3490 2483 3560 sicque
2512 3489 2668 3543 ltesus
2699 3489 2878 3543 fuisse.
2915 3489 2969 3543 Si
2991 3489 3131 3543 enim
3163 3498 3371 3543 tentans
3400 3491 3743 3553 accessisset,
3782 3507 3895 3546 non

2298 3595 2530 3635 intercus
2555 3580 2624 3634 ob
2650 3580 2736 3633 illa
2768 3595 2884 3649 qua:
2929 3579 3164 3633 audierat
3207 3580 3535 3634 recessisset.
3577 3577 3694 3635 Hoc
3739 3583 3889 3636 enim

2298 3687 2580 3739 numquam
2610 3686 2673 3724 et
2704 3670 2983 3725 Pharisaeis
3011 3671 3200 3740 aliquis
3227 3679 3307 3724 est
3331 3685 3541 3740 passus,
3571 3671 3668 3726 sed
3691 3675 3892 3727 confu-

2298 3763 2389 3815 tati
2415 3763 2581 3831 magis
2603 3761 3026 3831 indignabantur.
3057 3761 3152 3815 llic
3172 3775 3298 3815 vero
3327 3776 3429 3815 non
3457 3763 3552 3826 sic,
3585 3763 3683 3816 sed
3719 3767 3892 3819 tristis

2294 3851 2441 3916 abit;
2486 3851 2624 3921 quod
2658 3852 2864 3921 signum
2899 3863 3002 3905 non
3035 3866 3252 3919 parvum
3279 3859 3387 3912 est,
3418 3851 3592 3920 ipsum
3619 3867 3729 3906 non
3761 3869 3888 3908 eum

2298 3943 2435 3995 mala
2487 3942 2756 3996 voluntate
2803 3942 3127 4008 accessisse,
3172 3942 3266 3996 sed
3312 3957 3432 3996 cum
3484 3941 3885 4004 imbecilliore,

2295 4044 2349 4088 et
2392 4049 2516 4088 vere
2563 4033 2723 4086 vitam
2773 4033 3172 4100 eoncupivisse;
3222 4031 3321 4095 sed
3349 4032 3665 4099 gravissimo
3715 4032 3887 4086 fuisse

2297 4126 2483 4178 morbo
2547 4123 2836 4177 detentum.
2892 4122 3026 4178 Cum
3075 4122 3299 4176 dixisset
3349 4135 3478 4190 ergo
3529 4120 3743 4177 Jesns:
3794 4124 3883 4177 17.

2297 4217 2356 4270 Si
2398 4218 2468 4269 vis
2509 4217 2575 4268 ad
2617 4217 2770 4269 citam
2804 4220 3022 4280 intrare,
3065 4231 3209 4268 serva
3242 4215 3479 4267 martdata
3513 4227 3532 4266 :
3574 4215 3708 4269 dicit
3750 4217 3885 4282 ille,

2298 4309 2580 4372 Quantam?
2628 4323 2733 4360 non
2801 4317 3008 4360 tentans
3050 4349 3065 4371 ,
3132 4305 3308 4370 absit;
3370 4304 3467 4358 sed
3507 4304 3649 4374 quod
3692 4308 3884 4360 existi-

2293 4408 2464 4452 maret
2505 4398 2606 4450 alia
2654 4396 2895 4468 qutedam
2945 4412 3064 4452 esse
3115 4395 3359 4449 mandata
3408 4403 3605 4464 praeter
3649 4395 3883 4464 legalis,

2293 4505 2410 4558 quae
2449 4490 2609 4543 vitam
2640 4489 2740 4542 sibi
2775 4497 2990 4557 possent
3032 4488 3252 4550 atl'erre;
3281 4487 3420 4556 quod
3466 4486 3743 4542 desiderio
3784 4489 3883 4542 ﬂa-

2291 4581 2490 4648 grantis
2517 4588 2647 4634 erat.
2684 4578 2915 4643 Deinde,
2947 4593 3067 4631 cum
3104 4577 3330 4632 dixisset
3351 4575 3512 4631 Jcsus
3557 4577 3694 4645 legis
3725 4595 3882 4632 man-

2291 4668 2408 4722 data
2435 4709 2448 4733 ,
2501 4668 2773 4739 respondit
2799 4668 2888 4723 ille
2919 4683 2934 4721 :
2962 4668 3050 4722 2t).
3089 4665 3213 4720 Han:
3239 4668 3406 4720 omnia
3435 4669 3628 4720 servavi
3661 4669 3726 4720 ab
3757 4669 3883 4722 ado-

2292 4758 2526 4812 lescentia
2552 4776 2683 4813 mea.
2714 4757 2895 4826 Neque
2925 4756 3008 4811 hic
3037 4758 3195 4811 linem
3224 4755 3368 4820 fecit,
3399 4757 3495 4812 sed
3521 4773 3711 4813 rursus
3735 4775 3881 4830 qu:-

2292 4851 2434 4915 sivit,
2475 4851 2612 4918 Quid
2638 4851 2806 4903 adhuc
2827 4849 2948 4902 mihi
2972 4849 3152 4902 deest?
3176 4849 3316 4919 quod
3347 4859 3402 4904 et
3435 4842 3608 4920 ipsum
3657 4852 3877 4921 signum

2291 4952 2404 4996 erat
2450 4943 2593 4996 illum
2657 4939 2923 4996 desiderio
2965 4941 3217 5010 ﬂagrasse
3260 4955 3274 4992 :
3321 4955 3419 4995 nec
3475 4943 3880 5010 parvnm'iliud

2291 5042 2424 5096 erat,
2452 5032 2594 5101 quod
2623 5031 2721 5086 sibi
2754 5039 2961 5099 putaret
2987 5028 3182 5099 aliquid
3211 5029 3417 5095 deesse,
3450 5045 3624 5100 neque
3658 5041 3880 5101 putaret

2289 5123 2416 5175 satis
2441 5137 2560 5176 esse
2591 5137 2674 5188 ea,
2703 5137 2819 5188 quae
2849 5121 2986 5173 dicta
3016 5119 3241 5184 inerant,
3267 5131 3323 5173 ut
3350 5131 3588 5188 optatum
3617 5137 3878 5192 asseque-

2289 5223 2452 5266 rctnr.
2482 5213 2619 5280 Quid
2664 5228 2791 5281 ergo
2819 5211 3060 5265 Christus
3085 5210 3114 5262 τ
3138 5211 3266 5278 Quia
3307 5227 3556 5282 magnum
3601 5215 3878 5283 quidpiam

2290 5313 2650 5372 prteccpturus
2675 5313 2787 5356 erat
2813 5343 2834 5374 ,κ
2858 5303 3070 5372 praemia
3106 5304 3250 5371 prius
3294 5303 3588 5370 proponit,
3617 5316 3672 5359 et
3701 5307 3835 5360 dicit
3867 5325 3879 5359 :

2287 5395 2376 5449 ‘Il.
2408 5395 2466 5448 Si
2489 5397 2559 5448 vis
2581 5399 2828 5464 perfectus
2855 5411 2980 5457 esse,
3008 5394 3154 5455 vade,
3187 5394 3341 5446 vende
3357 5396 3528 5447 omnia
3559 5408 3678 5464 quia
3700 5399 3876 5460 habes,

2287 5498 2333 5542 et
2382 5488 2446 5539 da
2476 5488 2827 5557 pauperibus:
2861 5497 2914 5540 et
2938 5485 3139 5540 habebis
3180 5487 3474 5540 thesaurum
3516 5488 3569 5540 in
3611 5490 3791 5543 catis:
3836 5501 3878 5542 et

2287 5581 2393 5633 cani
2413 5622 2427 5645 ,
2459 5595 2662 5648 sequere
2687 5595 2780 5631 me.

2356 5672 2408 5723 9..
2453 5671 2633 5725 \‘iden'
2664 5679 2794 5739 quot
2834 5669 3034 5734 brevia,
3080 5680 3210 5740 quot
3257 5682 3482 5724 coronas
3532 5671 3656 5725 huic
3698 5673 3876 5724 stadio

2288 5765 2501 5820 tribuit?
2531 5764 2586 5821 Si
2619 5781 2741 5820 vero
2772 5772 3045 5831 tentasset,
3077 5778 3180 5818 non
3210 5763 3324 5819 hine
3355 5764 3427 5819 illi
3455 5763 3703 5821 dixisset.
3727 5763 3874 5819 Nunc
