4040 6430
231 380 339 436 605

233 505 410 554 autum
454 505 507 548 et
550 492 698 557 dicit,
737 497 792 543 et
838 495 894 540 ut
933 485 1079 539 illum
1118 476 1370 540 attrahat,
1420 485 1665 539 magnam
1717 470 1819 536 IpSI

238 587 539 645 mercedem
555 582 809 643 ostendit,
833 587 1106 644 totumque
1128 571 1243 641 ejus
1261 566 1517 622 voluntati
1546 560 1819 629 relinquit,

236 681 341 736 sub
361 678 544 732 umbra
577 675 803 745 quadam
845 670 1150 736 relinquens
1189 677 1251 717 ea
1277 675 1396 730 quae
1428 658 1478 710 iu
1507 655 1605 709 hac
1635 651 1822 705 admo-

240 775 442 827 nitione
480 770 657 839 gravia
688 781 806 821 esse
836 763 1150 816 videbantur
1188 774 1201 810 :
1247 753 1492 821 ideoque,
1537 756 1823 839 antequam

235 835 510 917 certamen
555 869 608 914 et
658 859 892 912 laborem
921 853 1145 911 diceret,
1188 845 1428 901 bravium
1455 837 1713 918 ostendit,
1739 835 1824 888 di-

235 967 364 1006 cens
395 970 408 1004 :
438 950 497 1004 Si
548 951 620 1002 vis
668 949 914 1018 perfectus
960 957 1086 1006 esse,
1135 948 1189 992 et
1242 947 1366 990 tunc
1417 931 1619 1000 adjicit,
1661 926 1827 981 Vende

235 1044 408 1096 omnia
432 1057 542 1112 qua:
563 1039 733 1104 hebes,
763 1047 808 1090 et
839 1037 906 1089 da
936 1030 1277 1104 pauperibus;
1299 1025 1586 1092 statimque
1608 1019 1821 1090 praemia

235 1136 388 1199 dicit,
437 1133 754 1202 [Iubebisque
782 1131 1072 1184 thesaurum
1111 1125 1164 1178 in
1207 1121 1351 1185 caelo,
1383 1129 1428 1173 et
1461 1117 1592 1181 ueni,
1621 1129 1826 1183 sequere

237 1243 336 1280 me.
363 1226 493 1280 Nam
517 1226 596 1280 vel
627 1224 774 1294 sequi
805 1222 971 1283 illum,
1005 1233 1193 1288 magna
1223 1229 1430 1269 merces
1454 1221 1557 1265 est.
1585 1209 1647 1263 Et
1673 1208 1826 1260 liabe-

236 1318 313 1373 bis
343 1318 631 1371 thesaurum
670 1315 723 1367 in
761 1313 914 1368 caelis.
952 1311 1085 1379 Quia
1109 1309 1252 1364 enim
1278 1305 1347 1360 de
1372 1301 1608 1373 pecuniis
1645 1313 1824 1354 sermo

234 1409 375 1464 erat,
401 1400 662 1468 illumque
686 1400 1026 1463 hortabatur,
1042 1408 1101 1454 ut
1121 1415 1181 1454 se
1198 1399 1454 1453 omnibus
1471 1398 1827 1467 exspoliaret,

234 1493 530 1546 ostendens
543 1506 648 1545 non
664 1507 762 1547 sua
781 1492 881 1546 sibi
905 1491 1128 1557 auferri,
1151 1491 1244 1546 sed
1261 1481 1470 1561 augeri,
1489 1492 1653 1544 etiam
1672 1489 1824 1561 plura

233 1581 311 1638 illi
350 1583 462 1647 dat,
487 1597 652 1652 quam
681 1582 796 1652 ipse
822 1582 1403 1651 praeberejuberetur;
1450 1596 1626 1650 neque
1667 1580 1823 1650 plura

241 1668 421 1735 modo,
448 1669 540 1723 sed
569 1679 715 1723 tanto
747 1669 969 1738 majora,
999 1678 1200 1738 quanto
1240 1665 1410 1736 majus
1444 1665 1634 1720 caelum
1665 1679 1824 1735 quam

241 1770 380 1816 terra
421 1769 523 1826 est,
570 1761 679 1815 imo
706 1759 832 1828 quid
875 1758 1117 1814 ulterius.
1148 1757 1479 1813 Thesaorum
1518 1767 1695 1810 autem
1727 1770 1826 1824 ap-

239 1855 422 1925 pellat,
470 1855 673 1926 pmmii
714 1853 1098 1924 prmstantiam,
1147 1850 1515 1914 stabilitatem,
1562 1847 1824 1902 securita-

238 1955 451 2016 temque
475 1946 591 2015 ejus
620 1946 917 2011 declarans,
948 1955 1202 2015 quantum
1243 1959 1338 2013 per
1367 1941 1596 1996 humana
1637 1940 1823 1995 subiu-

231 2039 417 2094 dicare
447 2047 651 2110 poterat
679 2039 935 2092 audienti.
967 2037 1082 2092 Non
1110 2051 1237 2106 ergo
1266 2036 1395 2089 satis
1434 2043 1516 2090 est
1545 2033 1823 2104 pecuniam

235 2142 611 2194 contemnere;
657 2129 748 2185 sed
796 2138 1006 2201 oportet
1049 2143 1311 2198 pauperes
1369 2127 1548 2187 alere;
1596 2135 1650 2180 et
1700 2136 1824 2181 ante

236 2222 412 2275 omnia
441 2220 708 2276 Christum
738 2223 910 2291 sequi,
946 2221 996 2274 id
1023 2231 1125 2279 est.
1153 2220 1329 2274 omnia
1362 2218 1508 2287 jnssa
1535 2218 1652 2286 ejus
1675 2232 1825 2271 com»

234 2314 403 2383 plere,
432 2328 552 2369 esse
577 2312 814 2384 quotidie
844 2322 1082 2381 paratum
1111 2311 1176 2365 ad
1206 2311 1401 2375 caedes,
1426 2319 1478 2364 et
1497 2309 1564 2364 ad
1595 2319 1821 2364 mortem

217 2404 615 2477 quotidianam.
667 2405 756 2457 Ait
784 2404 923 2458 enim
959 2421 972 2458 :
1009 2401 1068 2458 Si
1112 2403 1223 2473 quis
1253 2403 1358 2454 uult
1385 2411 1497 2471 post
1532 2419 1610 2454 me
1634 2402 1819 2468 uenire,

231 2497 441 2567 abneget
467 2500 807 2567 semetipsum,
838 2506 883 2551 et
906 2497 1051 2550 tollat
1080 2512 1276 2550 crucem
1309 2511 1473 2561 suam,
1514 2505 1559 2548 et
1583 2505 1823 2564 sequatur

230 2588 482 2659 me.(an.
512 2590 566 2646 9.
599 2589 716 2658 23);
749 2589 890 2659 quod
928 2589 1166 2656 profecto
1197 2589 1501 2642 mandatum
1549 2591 1820 2658 preprium

231 2682 494 2741 fundeudi
529 2683 841 2752 sanguinem
890 2687 1059 2751 majus
1087 2691 1186 2744 est,
1218 2697 1376 2751 quam
1408 2682 1647 2751 pecuniae
1687 2696 1821 2736 con-

229 2782 461 2844 temptus
490 2793 502 2829 :
535 2775 624 2845 qui
649 2784 823 2830 tamen
849 2790 951 2828 non
982 2791 1165 2844 parum
1195 2774 1403 2829 confert
1431 2774 1496 2828 ad
1527 2774 1652 2829 illud
1674 2789 1823 2830 asse-

226 2866 520 2938 quendum.
568 2867 660 2924 ‘22.
703 2865 829 2922 Cum
878 2867 1100 2922 audisset
1149 2877 1317 2920 autem
1348 2865 1663 2931 adolescens,
1697 2867 1820 2919 abiit

227 2943 406 3011 tristis.
435 2957 589 3024 Quod
639 2974 744 3011 non
775 2959 890 3012 sine
930 2972 1089 3013 causa
1114 2958 1372 3012 accidisse
1402 2958 1474 3012 illi
1503 2958 1821 3028 significavit

225 3049 547 3118 evangelista
571 3049 752 3104 dicens
792 3065 806 3101 :
836 3047 1060 3102 Habebat
1081 3050 1214 3102 enim
1251 3050 1586 3117 possessiones
1609 3050 1816 3104 multas.

297 3139 488 3194 Divites
515 3140 801 3211 cupidiores
827 3150 942 3194 sunt
965 3157 1115 3204 quam
1135 3141 1217 3211 qui
1243 3141 1441 3193 modica
1464 3140 1690 3211 gaudent
1713 3141 1820 3210 for-

224 3240 366 3286 tuna.
399 3232 638 3288 Avaritia:
656 3233 728 3287 vis
756 3243 964 3300 quanta.
995 3263 1065 3274 —
1091 3233 1206 3288 Non
1233 3235 1310 3288 sic
1335 3234 1478 3288 enim
1510 3233 1819 3289 detinentur

223 3324 284 3390 ii,
316 3325 507 3395 quibus
536 3341 715 3396 pauca:
744 3326 1046 3393 facultates,
1076 3336 1134 3381 ut
1163 3328 1194 3380 ii
1223 3327 1310 3396 qui
1333 3327 1496 3380 multa
1524 3342 1702 3382 rerum
1725 3342 1818 3379 co-

223 3417 313 3487 pia
343 3416 590 3470 fruuntur
620 3430 634 3472 :
664 3426 787 3472 tunc
811 3420 953 3472 enim
974 3419 1254 3473 violentior
1277 3418 1570 3487 cupiditas:
1597 3418 1646 3472 id
1674 3416 1814 3488 quod

222 3506 434 3561 dicendi
476 3505 637 3562 ﬁnem
667 3523 772 3563 non
820 3507 1029 3574 faciam,
1077 3523 1269 3579 nempe
1306 3510 1615 3564 accessione
1652 3524 1814 3578 opum

221 3598 480 3668 majorem
500 3601 718 3656 accendi
733 3600 1022 3663 ﬂammam,
1046 3611 1446 3671 etpossessores
1470 3603 1816 3672 pauperiores

224 3690 384 3756 efﬁci,
419 3694 538 3763 quia
569 3694 810 3762 pluribus
838 3695 1196 3764 corripiuntur
1219 3696 1617 3762 cupiditatibus,
1649 3706 1705 3751 et
1734 3699 1816 3750 in-

221 3785 510 3855 digentiam
553 3787 722 3856 magis
765 3788 1020 3842 sentiunt.
1068 3787 1162 3842 llic
1202 3788 1597 3843 animadvertas
1627 3789 1809 3853 velim,

221 3886 474 3947 quantam
505 3878 721 3933 morbus
748 3880 852 3931 vim
884 3879 1204 3935 exhibuerit.
1235 3879 1386 3935 Illum
1418 3881 1559 3936 enim
1582 3881 1811 3951 quicum

220 3968 416 4039 gaudio
453 3978 507 4024 et
550 3971 824 4026 alacritate
871 3983 1192 4035 acccsserat,
1245 3972 1332 4026 ubi
1376 3973 1619 4028 Christus
1655 3974 1815 4042 jussit

222 4061 476 4131 pecunias
505 4061 759 4125 abjicere,
789 4064 857 4116 ita
886 4063 1062 4118 obruit
1087 4074 1139 4117 et
1170 4063 1379 4129 afllixit,
1412 4073 1467 4119 ut
1497 4081 1564 4120 ne
1582 4071 1810 4133 rcsponi

221 4151 429 4204 sionem
471 4152 684 4221 quidem
718 4153 890 4220 duret,
936 4154 1030 4209 sed
1058 4155 1242 4219 silens,
1276 4156 1464 4220 tristis,
1509 4167 1564 4212 et
1593 4169 1814 4212 moestus

221 4241 410 4294 abiret.
444 4242 578 4308 Quid
613 4244 770 4313 igitur
795 4243 1076 4300 Christus?
1103 4246 1192 4300 23.
1231 4246 1396 4314 Quam
1420 4248 1621 4319 difﬁcile
1639 4249 1815 4303 divites

221 4336 481 4390 intrabunt
519 4338 570 4389 in
615 4353 824 4407 regnum
878 4339 1113 4392 calorum
1128 4339 1150 4392 .'
1178 4356 1282 4394 non
1323 4343 1575 4412 pecunias
1605 4343 1815 4412 vitupe-

222 4439 372 4490 rans,
404 4425 497 4481 sed
524 4440 618 4480 eos
644 4427 731 4496 qui
757 4427 1063 4483 detinentur
1083 4430 1151 4483 ab
1176 4429 1324 4498 ipsis;
1348 4431 1402 4488 Si
1425 4431 1644 4487 difﬁcile
1673 4424 1812 4488 divi—

224 4528 326 4580 tes.
352 4519 508 4590 longe
536 4519 805 4576 difﬁcilius
847 4522 1014 4575 avari.
1066 4521 1197 4576 Nam
1243 4525 1286 4576 si
1327 4539 1421 4578 sua
1470 4541 1575 4578 non
1610 4525 1811 4596 largiri,

223 4612 665 4681 impedimentum
710 4622 794 4669 est
831 4613 897 4668 ad
947 4629 1169 4685 regnum
1196 4617 1608 4686 assequendum,
1640 4619 1814 4674 aliena

224 4718 435 4773 rapere,
464 4704 635 4775 cogita
659 4713 913 4775 quantum
943 4706 1117 4775 ignem
1157 4709 1480 4763 accnmulet.
1506 4710 1614 4764 Cur
1635 4717 1814 4764 autem

221 4792 498 4863 discipulis
542 4794 694 4857 dicit,
734 4794 954 4850 difﬁcile
992 4795 1211 4851 divitem
1254 4798 1305 4851 in
1334 4813 1552 4867 regnum
1595 4801 1810 4865 intrare,

222 4883 314 4954 qui
344 4899 601 4953 pauperes
628 4895 801 4949 erant,
836 4885 1073 4957 nihilque
1095 4887 1474 4956 possidebant?
1504 4889 1669 4945 Docet
1698 4891 1818 4946 illos

224 4991 293 5030 ne
313 4975 380 5032 de
407 4986 716 5045 paupertate
740 4977 1080 5044 erubescnnt,
1110 4989 1165 5034 et
1204 4983 1462 5036 rationem
1495 4982 1687 5051 reddit,
1719 4999 1821 5040 cur

227 5068 358 5123 nihil
385 5082 478 5123 eos
511 5068 708 5123 habere
749 5071 1075 5140 permiserit.
1113 5071 1401 5142 Postquam
1441 5084 1618 5129 autem
1661 5075 1814 5142 dixit,

223 5173 338 5214 rem
364 5173 483 5214 esse
509 5158 804 5226 difficilem,
824 5177 937 5216 rem
960 5177 1065 5215 non
1088 5178 1246 5232 posse
1269 5163 1406 5231 ﬁeri,
1427 5176 1608 5235 postea
1638 5176 1819 5222 osten-

219 5249 321 5315 dit,
354 5265 452 5304 nec
479 5249 640 5306 modo
685 5249 800 5306 ﬁeri
830 5268 938 5307 non
978 5268 1155 5322 posse,
1201 5255 1296 5310 sed
1325 5272 1389 5312 ex
1420 5260 1819 5328 comparatione

223 5339 360 5396 facta
389 5343 577 5396 cameli
602 5354 762 5411 atque
790 5360 936 5409 acus,
967 5346 1164 5415 aliquid
1187 5347 1322 5402 ultra
1345 5349 1543 5406 addere
1569 5352 1816 5408 videtur:

224 5445 348 5487 nam
377 5433 586 5499 uiuit.
632 5434 862 5490 Facilius
889 5449 962 5492 est
1005 5441 1251 5494 cometam
1297 5460 1386 5511 per
1423 5444 1653 5514 foramen
1696 5464 1818 5501 acus

225 5525 441 5578 transire
459 5567 473 5590 ,
513 5544 663 5596 quam
710 5527 913 5582 diuitem
962 5532 1151 5586 intrare
1201 5535 1254 5588 in
1298 5552 1508 5608 regnum
1554 5520 1818 5610 calori/nt.

225 5613 382 5672 Unde
425 5618 725 5672 ostenditur
753 5635 859 5674 non
905 5637 1091 5690 parum
1119 5625 1386 5680 mercedis
1415 5631 1589 5696 parari
1634 5627 1818 5698 diviti-

221 5709 364 5771 bus,
409 5711 498 5775 qui
546 5711 906 5782 philosophari
953 5718 1179 5783 possint.
1211 5716 1349 5774 Ideo
1375 5720 1467 5776 Dei
1503 5737 1645 5793 opus
1688 5709 1820 5781 illud

225 5817 344 5857 esse
363 5803 614 5871 asseruit,
641 5814 695 5859 ut
716 5804 815 5860 dec
835 5819 1032 5876 araret,
1058 5825 1245 5883 magna
1265 5828 1398 5884 opus
1413 5830 1533 5872 esse
1547 5817 1713 5888 gratia
1742 5819 1814 5887 ei,

1242 364 1305 417 IN
1344 354 1755 416 MATTIUEUM
1797 349 2029 407 iiObIIL.
2071 349 2256 404 LXIII.
2297 349 2369 404 al.
2413 347 2594 402 LXIV.

3435 343 3537 396 606

1933 461 2023 533 qui
2055 460 2106 515 id
2138 471 2484 527 suscepturus
2525 468 2687 513 esset.
2732 457 3063 512 Pcrturbatis
3104 470 3235 526 ergo
3263 449 3539 525 discipulis

1930 552 2107 608 dixit:
2138 551 2230 606 26.
2283 548 2394 605 Hoc
2437 550 2578 616 apud
2625 550 2853 604 homines
2908 547 3223 614 impossibile
3265 558 3359 612 est,
3399 553 3538 618 apud

1931 645 2099 700 Deum
2122 654 2293 698 autem
2321 643 2491 698 omnia
2509 643 2767 714 possibilia
2790 650 2928 696 sunt.
2958 641 3069 696 Cur
3088 651 3266 696 autent
3288 641 3536 709 discipuli

1935 739 2248 803 turbantur,
2297 737 2386 807 qui
2437 751 2734 805 pauperes,
2778 737 2886 788 imo
2929 734 3218 788 admodum
3272 750 3538 805 pauperes

1933 832 2094 887 sunt?
2117 848 2214 888 cur
2241 846 2370 900 ergo
2399 829 2712 884 turbantur"
2744 829 2818 884 De
2833 829 3121 883 multorum
3141 827 3335 882 amissa
3363 827 3536 885 salute

1931 923 2199 989 dolentes,
2225 923 2314 992 qui
2347 936 2535 990 magna
2574 935 2700 990 erga
2731 934 2921 975 omnes
2945 921 3168 973 caritate
3195 918 3534 988 tenebantur,

1932 1023 1986 1069 et
2007 1015 2117 1084 jam
2142 1015 2516 1083 magistrorum
2535 1013 2739 1066 viscera
2768 1011 3045 1081 gerebant.
3070 1010 3357 1065 Timebnnt
3378 1012 3535 1083 igitur

1933 1105 2337 1174 tremebantque
2363 1119 2460 1174 pro
2487 1112 2600 1158 toto
2627 1103 2779 1168 orbe,
2812 1101 2901 1156 tali
2947 1102 3215 1157 sententia
3256 1104 3532 1168 commoti,

1932 1196 2002 1250 ita
2034 1205 2090 1249 ut
2117 1196 2278 1250 multa
2311 1203 2529 1265 egerent
2554 1193 2942 1249 consolatione.
2971 1192 3084 1260 Qua
3113 1192 3182 1246 de
3208 1207 3368 1248 causa
3391 1203 3534 1260 post-

1930 1302 2088 1357 quam
2140 1287 2288 1356 prius
2328 1287 2634 1355 inspexerat
2685 1299 2797 1348 cos,
2831 1283 2966 1338 dixit
2994 1300 3009 1338 :
3044 1283 3172 1350 Quae
3201 1282 3534 1353 impossibilia

1928 1390 2044 1434 sunt
2072 1379 2212 1450 apud
2254 1379 2502 1441 homines,
2544 1377 2807 1448 possibilia
2834 1386 2954 1430 sunt
2993 1376 3139 1446 apud
3170 1374 3336 1430 Deum
3365 1374 3385 1449 (
3403 1375 3532 1432 Luc.

1932 1473 2020 1526 18.
2046 1471 2159 1541 27).
2186 1469 2432 1525 .lucundo
2457 1471 2600 1525 enim
2630 1484 2694 1524 ac
2713 1478 2994 1524 mansueto
3015 1479 3236 1540 aspectu
3263 1469 3383 1524 illos
3411 1470 3526 1524 hor-

1929 1578 2054 1618 rore
2098 1562 2262 1617 animi
2310 1571 2497 1632 captos
2547 1561 2694 1632 prius
2731 1562 3060 1625 consolatus,
3090 1570 3146 1616 et
3172 1561 3417 1632 angustia
3446 1562 3532 1617 illa

1930 1653 2104 1708 soluta
2157 1653 2309 1725 (hoc
2365 1652 2511 1707 enim
2558 1653 2877 1722 signiﬁcavit
2937 1653 3265 1723 evangelista
3322 1653 3533 1718 dicens,

1931 1741 2224 1814 Respiciens
2242 1742 2282 1815 ).
2338 1753 2462 1797 tunc
2505 1743 2683 1797 verbis
2723 1743 2846 1798 illos
2892 1744 3065 1822 erigit,
3114 1743 3208 1798 Dei
3239 1745 3533 1812 potentiam

1930 1836 1983 1890 in
2014 1836 2248 1891 medium
2277 1835 2572 1903 adducens,
2602 1845 2658 1891 et
2676 1836 2754 1892 sic
2782 1835 3030 1890 ﬁduciam
3061 1836 3273 1896 indidit.
3314 1836 3370 1892 Si
3406 1838 3534 1892 velis

1928 1937 2107 1982 autem
2139 1928 2357 1983 modum
2387 1943 2602 1999 quoque
2625 1927 2888 1994 ediscere,
2919 1937 2974 1982 et
2993 1943 3100 1999 quo
3119 1937 3274 1998 pacto
3300 1928 3373 1995 id,
3393 1930 3533 1998 quod

1931 2019 2260 2090 impossibile
2299 2029 2400 2084 est,
2435 2020 2688 2088 possibile
2722 2019 2832 2084 ﬁat,
2881 2019 3028 2074 andi.
3091 2019 3208 2074 Non
3237 2027 3381 2077 enim
3414 2022 3535 2076 ideo

1928 2111 2084 2177 dixit,
2135 2127 2253 2183 quae
2299 2112 2646 2183 impossibilia
2690 2121 2815 2168 sunt
2863 2112 3211 2182 hominibus,
3260 2116 3533 2186 possibilia

1929 2217 2048 2257 esse
2082 2205 2210 2269 Deo,
2243 2215 2300 2258 ut
2331 2205 2513 2259 animo
2537 2204 2811 2270 concidas,
2841 2214 2892 2259 et
2919 2205 2987 2258 ab
3018 2205 3082 2259 iis
3107 2207 3256 2275 quasi
3285 2209 3534 2279 impossi-

1928 2293 2124 2350 bilibus
2162 2296 2412 2364 absistas,
2457 2296 2550 2352 sed
2591 2305 2650 2351 ut
2678 2297 2945 2352 intellecta
2982 2296 3236 2353 facinoris
3265 2302 3534 2371 magnitu-

1927 2385 2073 2450 dine,
2117 2385 2326 2442 facilius
2369 2403 2482 2443 rem
2530 2387 2892 2458 aggrediaris,
2938 2397 2993 2443 et
3035 2389 3285 2445 invocato
3336 2392 3445 2446 Deo
3474 2403 3534 2448 ut

1927 2476 2086 2546 Opem
2120 2477 2220 2531 tibi
2251 2477 2304 2530 in
2336 2476 2423 2531 Itis
2453 2476 2702 2545 pulchris
2745 2478 3148 2536 certaminibus
3177 2491 3422 2552 praestet,
3452 2482 3541 2538 vi-

1925 2576 2038 2623 tam
2069 2570 2461 2638 consequaris.

1998 2657 2054 2712 3.
2094 2657 2376 2725 Quomodo
2405 2658 2563 2728 igitur
2593 2657 2642 2712 id
2676 2659 2790 2715 ﬁeri
2817 2661 3024 2729 possit?
3051 2661 3106 2717 Si
3134 2678 3265 2732 opes
3287 2665 3530 2736 abjicias,

1926 2748 1970 2803 si
1997 2751 2252 2818 pecunias
2276 2765 2521 2814 evacnes,
2566 2751 2610 2805 si
2638 2768 2666 2803 a
2693 2754 2833 2807 mala
2873 2756 3306 2825 concupiscentia
3337 2759 3530 2816 absce-

1925 2840 2040 2895 das.
2081 2840 2233 2906 Quod
2277 2843 2418 2897 enim
2468 2843 2516 2896 id
2558 2859 2662 2898 non
2706 2847 2806 2900 soli
2837 2846 2946 2902 Deo
2993 2823 3274 2915 tribuattir,
3305 2853 3398 2908 sed
3427 2853 3530 2911 hoc

1924 2933 2049 2989 ideo
2068 2933 2281 2999 dixerit,
2310 2944 2369 2991 ut
2403 2936 2480 2992 rei
2523 2937 2898 2996 difﬁcultatem
2940 2944 3284 3012 exprimeret,
3315 2947 3438 3002 audi
3464 2962 3527 3004 ea

1924 3041 2044 3094 qua:
2069 3037 2383 3096 sequuntur.
2413 3027 2575 3083 Petro
2619 3045 2852 3102 namque
2879 3031 3111 3096 dicente.
3153 3035 3245 3090 27.
3274 3035 3406 3093 Ecce
3436 3055 3530 3095 nos

1924 3118 2222 3187 reliquimus
2248 3121 2441 3186 omnia,
2490 3130 2537 3174 et
2560 3123 2759 3192 sequuti
2772 3135 3030 3189 sumuste,
3059 3135 3114 3182 et
3138 3129 3528 3201 interrogante,

1928 3211 2064 3278 Quid
2088 3228 2209 3283 ergo
2238 3215 2332 3267 erit
2357 3215 2498 3269 nobis
2515 3215 2542 3268 .’
2567 3217 2873 3272 mercedem
2905 3218 3007 3274 illis
3029 3230 3290 3284 statuens.
3313 3224 3529 3295 subjun-

1923 3307 1997 3359 xit
2027 3325 2040 3358 :
2071 3305 2162 3360 29.
2206 3305 2271 3360 Et
2299 3309 2603 3380 quicumque
2635 3311 2894 3380 reliquerit
2923 3313 3130 3367 domum
3152 3315 3232 3370 vel
3255 3333 3427 3386 agros,
3451 3321 3529 3374 uel

1921 3401 2124 3467 fratres,
2156 3399 2234 3453 uel
2260 3415 2475 3465 sorores,
2509 3400 2588 3454 uel
2615 3412 2829 3472 patrem,
2862 3404 2940 3458 uel
2963 3417 3194 3473 matrem,
3234 3411 3526 3480 centuplum

1919 3490 2134 3560 accipiet
2159 3492 2212 3544 in
2238 3491 2478 3562 prtesenti
2503 3492 2716 3559 swculo,
2745 3503 2793 3549 et
2821 3495 2976 3550 vitam
3015 3508 3262 3552 (sternam
3293 3502 3525 3566 posside-

1920 3580 2012 3633 bit.
2042 3581 2132 3637 Sic
2176 3583 2318 3652 quod
2346 3583 2678 3653 impossibile
2704 3593 2808 3650 est,
2841 3585 2902 3640 ﬁt
2941 3589 3216 3657 possibile.
3245 3590 3351 3645 Sed
3388 3608 3527 3664 quo-

1919 3674 2103 3738 modo,
2124 3675 2356 3746 inquies,
2375 3677 2491 3733 lucc
2518 3678 2825 3748 relinquere
2848 3682 3102 3750 possibile
3117 3686 3235 3738 est?
3256 3688 3527 3755 quomodo

1920 3775 2096 3834 potest
2121 3767 2185 3831 is,
2214 3769 2303 3839 qui
2327 3776 2470 3822 tanta
2495 3771 2841 3842 pecuniarum
2857 3772 3152 3842 cupiditate
3173 3776 3395 3831 obrutus
3418 3787 3524 3846 est,

1921 3861 2100 3916 statim
2129 3863 2450 3932 emergere?
2473 3862 2527 3918 Si
2555 3865 2773 3935 incipiat
2802 3880 2935 3934 opes
2965 3881 3248 3934 evacuare,
3273 3879 3328 3925 et
3347 3885 3528 3940 supcr-

1919 3952 2022 4006 ﬁua
2052 3954 2356 4022 praecidere.
2395 3955 2468 4010 Ita
2497 3957 2641 4011 enim
2673 3967 2725 4011 et
2757 3957 2979 4014 ulterius
3006 3961 3280 4030 procedet,
3307 3972 3361 4018 et
3391 3962 3526 4020 faci-

1918 4044 2022 4100 lius
2055 4055 2235 4114 postea
2259 4056 2462 4103 curret.

1991 4138 2186 4192 Avarus
2230 4139 2486 4194 sitibundo
2532 4149 2579 4202 et
2619 4139 2925 4213 febricitanti
2953 4144 3156 4212 similis,
3198 4149 3355 4203 simili
3375 4153 3528 4207 modo

1919 4232 2178 4285 curandus
2209 4241 2300 4287 est.
2325 4232 2498 4289 -—Ne
2538 4234 2717 4305 itaque
2760 4236 2916 4290 simul
2965 4231 3134 4293 totum
3175 4242 3525 4311 aggrediaris,

1920 4323 2016 4379 sed
2065 4325 2264 4379 sensim
2309 4334 2364 4378 et
2409 4325 2662 4395 paulatim
2703 4341 2801 4397 per
2845 4327 2981 4384 hanc
3028 4332 3224 4386 senium
3265 4336 3524 4404 ascende,

1918 4431 2038 4486 quae
2053 4416 2119 4470 ad
2141 4417 2329 4471 crs-lum
2355 4424 2408 4471 te
2435 4416 2671 4481 adducit,
2691 4417 2736 4472 si
2759 4417 2976 4474 difﬁcile
3004 4421 3096 4475 tibi
3121 4421 3334 4478 videtur
3356 4435 3525 4481 totum

1920 4509 2079 4564 simul
2108 4507 2342 4578 assequi.
2375 4507 2837 4576 Quemadmodum
2867 4511 3012 4565 enim
3054 4511 3441 4574 febricitantes.
3473 4530 3527 4573 et

1921 4602 2010 4672 qui
2037 4617 2214 4657 acrem
2251 4601 2413 4658 bilem
2442 4602 2583 4657 intus
2625 4603 2828 4659 habent
2856 4607 3262 4674 cxoberantem,
3295 4627 3418 4666 cum
3447 4613 3526 4666 ci-

1921 4691 2048 4748 bum
2073 4702 2129 4749 et
2157 4700 2340 4764 potum
2385 4694 2627 4760 sorbent,
2659 4711 2767 4750 non
2799 4697 2960 4751 modo
3005 4714 3112 4753 non
3143 4701 3286 4755 sitim
3319 4703 3527 4758 exstin-

1920 4794 2109 4856 guunt,
2132 4785 2226 4840 sed
2257 4786 2419 4840 etiam
2443 4785 2714 4841 ﬂammam
2746 4789 3080 4844 succendunt
3111 4808 3126 4844 :
3158 4793 3239 4847 sic
3275 4803 3330 4850 et
3357 4797 3526 4864 avari,

1921 4902 2043 4943 cum
2073 4887 2196 4944 huic
2220 4904 2401 4960 pravas
2428 4887 2724 4959 cupiditati,
2749 4888 2855 4945 bile
2875 4891 3090 4954 acriori,
3123 4895 3380 4962 pecunias
3395 4894 3527 4950 affe-

1922 4989 2069 5048 runt,
2115 4980 2258 5034 illam
2290 4963 2459 5050 magis
2504 4979 2856 5036 inflammant.
2901 4981 3042 5036 Nihil
3087 4985 3230 5038 enim
3276 4987 3356 5042 sic
3383 4986 3526 5040 illam

1923 5072 2096 5135 sedat,
2132 5083 2191 5126 ut
2219 5073 2263 5127 si
2289 5073 2489 5128 interea
2507 5088 2535 5128 a
2559 5073 2692 5128 lucri
2715 5074 3010 5144 cupiditate
3034 5075 3361 5144 discedatur,
3391 5079 3531 5134 sicut

1923 5166 2084 5221 etiam
2108 5182 2287 5222 acrem
2315 5166 2477 5221 bilem
2501 5167 2654 5222 sedat
2687 5167 2839 5222 cibus
2873 5169 3115 5223 modicus
3143 5179 3197 5224 et
3224 5171 3522 5226 evacuatio.

1923 5259 2029 5316 Sed
2057 5251 2206 5327 illud,
2237 5259 2465 5329 inquies,
2491 5258 2761 5329 quomodo
2784 5259 2916 5314 ﬁet?
2940 5260 2996 5316 Si
3023 5262 3225 5332 cogites
3247 5270 3318 5325 te,
3337 5278 3530 5334 quam-

1924 5351 2013 5405 diu
2045 5351 2244 5406 divitiis
2262 5351 2472 5417 afflues,
2502 5366 2793 5422 numquam
2821 5351 2963 5406 sitim
2990 5355 3332 5422 exstinguere
3348 5369 3531 5424 posse,

1926 5444 2017 5499 sed
2049 5445 2171 5516 plus
2201 5443 2434 5499 habendi
2466 5443 2718 5513 cupidine
2755 5445 2807 5498 in
2841 5444 3017 5501 tabem
3051 5445 3326 5514 lapsurum
3368 5462 3529 5504 esse:

1927 5537 1972 5592 si
2023 5546 2200 5592 autem
2249 5549 2382 5608 epes
2427 5535 2764 5606 deposueris,
2807 5535 2947 5592 hanc
2970 5536 3344 5609 aegritudinem
3373 5553 3530 5610 posse

1927 5631 2216 5701 deponere.
2267 5629 2387 5685 Noli
2430 5644 2559 5699 ergo
2608 5629 2759 5700 plura
2808 5630 3011 5686 circum
3047 5647 3325 5703 aggerere,
3365 5648 3433 5688 ne
3463 5648 3527 5688 ea

1929 5724 2268 5794 persequaris
2293 5738 2416 5794 qua:
2441 5738 2550 5778 non
2583 5732 2810 5792 possunt
2844 5724 3196 5795 apprehendi,
3237 5735 3292 5781 et
3305 5725 3532 5781 incura-

1931 5815 2027 5873 bili
2056 5816 2248 5872 morbo
2275 5813 2510 5884 labores,
2558 5815 2758 5886 talique
2799 5815 2948 5872 rabie
2976 5828 3260 5889 correptus
3289 5818 3531 5876 omnium
