  <div class='ocr_page' id='page_1' title='image "/cluster/home/n/w/nwhite01/storage/ocr_20150623/58/ien.35556001660851/151.png"; bbox 0 0 4040 6432; ppageno 0'>
   <div class='ocr_carea' id='block_1_1' title="bbox 546 355 651 411">
    <p class='ocr_par' dir='ltr' id='par_1_1' title="bbox 546 355 651 411">
     <span class='ocr_line' id='line_1_1' title="bbox 546 355 651 411; baseline 0 -1"><span class='ocrx_word' id='word_1_1' title='bbox 546 355 651 411; x_wconf 78' lang='lat'><strong>601</strong></span> 
     </span>
    </p>
   </div>
   <div class='ocr_carea' id='block_1_2' title="bbox 548 459 2125 533">
    <p class='ocr_par' dir='ltr' id='par_1_2' title="bbox 548 459 2125 533">
     <span class='ocr_line' id='line_1_2' title="bbox 548 459 2125 533; baseline -0.006 -10"><span class='ocrx_word' id='word_1_2' title='bbox 548 466 880 523; x_wconf 81' lang='lat' dir='ltr'><strong>miserrimus</strong></span> <span class='ocrx_word' id='word_1_3' title='bbox 900 465 993 525; x_wconf 76' lang='lat' dir='ltr'><strong>sis.</strong></span> <span class='ocrx_word' id='word_1_4' title='bbox 1025 461 1309 533; x_wconf 53' lang='lat' dir='ltr'><strong>Responde</strong></span> <span class='ocrx_word' id='word_1_5' title='bbox 1331 461 1461 517; x_wconf 88' lang='lat' dir='ltr'><strong>mibi</strong></span> <span class='ocrx_word' id='word_1_6' title='bbox 1494 479 1511 517; x_wconf 89' lang='lat'><strong>:</strong></span> <span class='ocrx_word' id='word_1_7' title='bbox 1539 476 1695 531; x_wconf 82' lang='lat' dir='ltr'><strong>quem</strong></span> <span class='ocrx_word' id='word_1_8' title='bbox 1731 459 1973 516; x_wconf 85' lang='lat' dir='ltr'><strong>dicamus</strong></span> <span class='ocrx_word' id='word_1_9' title='bbox 2013 469 2125 514; x_wconf 91' lang='lat' dir='ltr'><strong>tor-</strong></span> 
     </span>
    </p>
   </div>
   <div class='ocr_carea' id='block_1_3' title="bbox 548 553 2123 627">
    <p class='ocr_par' dir='ltr' id='par_1_3' title="bbox 548 553 2123 627">
     <span class='ocr_line' id='line_1_3' title="bbox 548 553 2123 627; baseline -0.002 -16"><span class='ocrx_word' id='word_1_10' title='bbox 548 560 696 627; x_wconf 89' lang='lat' dir='ltr'><strong>queri</strong></span> <span class='ocrx_word' id='word_1_11' title='bbox 726 568 779 625; x_wconf 71' lang='lat' dir='ltr'><strong>et</strong></span> <span class='ocrx_word' id='word_1_12' title='bbox 815 556 1063 621; x_wconf 82' lang='lat' dir='ltr'><strong>cruciari,</strong></span> <span class='ocrx_word' id='word_1_13' title='bbox 1094 564 1287 612; x_wconf 83' lang='lat' dir='ltr'><strong>eumne</strong></span> <span class='ocrx_word' id='word_1_14' title='bbox 1308 555 1395 623; x_wconf 92' lang='lat' dir='ltr'><strong>qui</strong></span> <span class='ocrx_word' id='word_1_15' title='bbox 1422 554 1619 608; x_wconf 89' lang='lat' dir='ltr'><strong>lautum</strong></span> <span class='ocrx_word' id='word_1_16' title='bbox 1642 553 1817 610; x_wconf 86' lang='lat' dir='ltr'><strong>cibum</strong></span> <span class='ocrx_word' id='word_1_17' title='bbox 1860 562 1917 607; x_wconf 91' lang='lat' dir='ltr'><strong>et</strong></span> <span class='ocrx_word' id='word_1_18' title='bbox 1944 563 2123 623; x_wconf 90' lang='lat' dir='ltr'><strong>potum</strong></span> 
     </span>
    </p>
   </div>
   <div class='ocr_carea' id='block_1_4' title="bbox 548 642 2125 716">
    <p class='ocr_par' dir='ltr' id='par_1_4' title="bbox 548 642 2125 716">
     <span class='ocr_line' id='line_1_4' title="bbox 548 642 2125 716; baseline -0.003 -16"><span class='ocrx_word' id='word_1_19' title='bbox 548 649 743 716; x_wconf 69' lang='grc' dir='ltr'><strong>οιψίεη,</strong></span> <span class='ocrx_word' id='word_1_20' title='bbox 767 662 865 701; x_wconf 82' lang='lat' dir='ltr'><strong>nec</strong></span> <span class='ocrx_word' id='word_1_21' title='bbox 894 646 1060 714; x_wconf 82' lang='lat' dir='ltr'><strong>possit</strong></span> <span class='ocrx_word' id='word_1_22' title='bbox 1082 646 1276 713; x_wconf 87' lang='lat' dir='ltr'><strong>optatis</strong></span> <span class='ocrx_word' id='word_1_23' title='bbox 1298 645 1403 699; x_wconf 88' lang='lat' dir='ltr'><strong>frui</strong></span> <span class='ocrx_word' id='word_1_24' title='bbox 1430 663 1443 700; x_wconf 85' lang='lat'><strong>:</strong></span> <span class='ocrx_word' id='word_1_25' title='bbox 1471 660 1539 698; x_wconf 86' lang='lat' dir='ltr'><strong>au</strong></span> <span class='ocrx_word' id='word_1_26' title='bbox 1561 658 1683 699; x_wconf 88' lang='lat' dir='ltr'><strong>eum</strong></span> <span class='ocrx_word' id='word_1_27' title='bbox 1710 643 1801 713; x_wconf 88' lang='lat' dir='ltr'><strong>qui</strong></span> <span class='ocrx_word' id='word_1_28' title='bbox 1822 642 2125 713; x_wconf 87' lang='lat' dir='ltr'><strong>bujusntodi</strong></span> 
     </span>
    </p>
   </div>
   <div class='ocr_carea' id='block_1_5' title="bbox 549 733 2128 805">
    <p class='ocr_par' dir='ltr' id='par_1_5' title="bbox 549 733 2128 805">
     <span class='ocr_line' id='line_1_5' title="bbox 549 733 2128 805; baseline -0.003 -13"><span class='ocrx_word' id='word_1_29' title='bbox 549 736 1029 805; x_wconf 72' lang='lat' dir='ltr'><strong>concupiscentiam</strong></span> <span class='ocrx_word' id='word_1_30' title='bbox 1072 751 1179 790; x_wconf 82' lang='lat' dir='ltr'><strong>non</strong></span> <span class='ocrx_word' id='word_1_31' title='bbox 1214 735 1410 790; x_wconf 78' lang='lat' dir='ltr'><strong>habet?</strong></span> <span class='ocrx_word' id='word_1_32' title='bbox 1448 734 1637 789; x_wconf 86' lang='lat' dir='ltr'><strong>Procul</strong></span> <span class='ocrx_word' id='word_1_33' title='bbox 1676 733 1836 789; x_wconf 90' lang='lat' dir='ltr'><strong>dubio</strong></span> <span class='ocrx_word' id='word_1_34' title='bbox 1873 736 2128 803; x_wconf 73' lang='lat' dir='ltr'><strong>concupi-</strong></span> 
     </span>
    </p>
   </div>
   <div class='ocr_carea' id='block_1_6' title="bbox 547 830 2122 905">
    <p class='ocr_par' dir='ltr' id='par_1_6' title="bbox 547 830 2122 905">
     <span class='ocr_line' id='line_1_6' title="bbox 547 830 2122 905; baseline -0.003 -18"><span class='ocrx_word' id='word_1_35' title='bbox 547 844 806 896; x_wconf 77' lang='lat' dir='ltr'><strong>scentem,</strong></span> <span class='ocrx_word' id='word_1_36' title='bbox 837 832 1062 905; x_wconf 57' lang='lat' dir='ltr'><strong>qui‘non</strong></span> <span class='ocrx_word' id='word_1_37' title='bbox 1091 831 1259 902; x_wconf 86' lang='lat' dir='ltr'><strong>possit</strong></span> <span class='ocrx_word' id='word_1_38' title='bbox 1282 846 1343 887; x_wconf 88' lang='lat' dir='ltr'><strong>ea</strong></span> <span class='ocrx_word' id='word_1_39' title='bbox 1371 845 1490 900; x_wconf 67' lang='lat' dir='ltr'><strong>quae</strong></span> <span class='ocrx_word' id='word_1_40' title='bbox 1527 830 1859 898; x_wconf 91' lang='lat' dir='ltr'><strong>concupiscit</strong></span> <span class='ocrx_word' id='word_1_41' title='bbox 1892 830 2122 898; x_wconf 79' lang='lat' dir='ltr'><strong>assequi.</strong></span> 
     </span>
    </p>
   </div>
   <div class='ocr_carea' id='block_1_7' title="bbox 547 921 2125 993">
    <p class='ocr_par' dir='ltr' id='par_1_7' title="bbox 547 921 2125 993">
     <span class='ocr_line' id='line_1_7' title="bbox 547 921 2125 993; baseline -0.003 -15"><span class='ocrx_word' id='word_1_42' title='bbox 547 924 677 981; x_wconf 83' lang='lat' dir='ltr'><strong>Nam</strong></span> <span class='ocrx_word' id='word_1_43' title='bbox 723 925 793 978; x_wconf 89' lang='lat' dir='ltr'><strong>ita</strong></span> <span class='ocrx_word' id='word_1_44' title='bbox 840 926 1091 979; x_wconf 66' lang='lat' dir='ltr'><strong>miserum</strong></span> <span class='ocrx_word' id='word_1_45' title='bbox 1139 932 1242 990; x_wconf 85' lang='lat' dir='ltr'><strong>est,</strong></span> <span class='ocrx_word' id='word_1_46' title='bbox 1286 923 1757 993; x_wconf 75' lang='lat' dir='ltr'><strong>concupiscentem</strong></span> <span class='ocrx_word' id='word_1_47' title='bbox 1801 931 1983 993; x_wconf 89' lang='lat' dir='ltr'><strong>optato</strong></span> <span class='ocrx_word' id='word_1_48' title='bbox 2026 921 2125 979; x_wconf 92' lang='lat' dir='ltr'><strong>frui</strong></span> 
     </span>
    </p>
   </div>
   <div class='ocr_carea' id='block_1_8' title="bbox 547 1012 2127 1084">
    <p class='ocr_par' dir='ltr' id='par_1_8' title="bbox 547 1012 2127 1084">
     <span class='ocr_line' id='line_1_8' title="bbox 547 1012 2127 1084; baseline -0.002 -15"><span class='ocrx_word' id='word_1_49' title='bbox 547 1032 653 1069; x_wconf 84' lang='lat' dir='ltr'><strong>non</strong></span> <span class='ocrx_word' id='word_1_50' title='bbox 672 1030 849 1084; x_wconf 83' lang='lat' dir='ltr'><strong>posse.</strong></span> <span class='ocrx_word' id='word_1_51' title='bbox 882 1030 985 1070; x_wconf 82' lang='lat' dir='ltr'><strong>nec</strong></span> <span class='ocrx_word' id='word_1_52' title='bbox 999 1016 1267 1071; x_wconf 77' lang='lat' dir='ltr'><strong>sitientem</strong></span> <span class='ocrx_word' id='word_1_53' title='bbox 1296 1015 1497 1079; x_wconf 90' lang='lat' dir='ltr'><strong>bibere,</strong></span> <span class='ocrx_word' id='word_1_54' title='bbox 1522 1023 1579 1068; x_wconf 84' lang='grc' dir='ltr'><strong>ιιι</strong></span> <span class='ocrx_word' id='word_1_55' title='bbox 1596 1012 1896 1084; x_wconf 79' lang='lat' dir='ltr'><strong>gehennam</strong></span> <span class='ocrx_word' id='word_1_56' title='bbox 1925 1014 2127 1069; x_wconf 86' lang='lat' dir='ltr'><strong>descri-</strong></span> 
     </span>
    </p>
   </div>
   <div class='ocr_carea' id='block_1_9' title="bbox 547 1104 2127 1178">
    <p class='ocr_par' dir='ltr' id='par_1_9' title="bbox 547 1104 2127 1178">
     <span class='ocr_line' id='line_1_9' title="bbox 547 1104 2127 1178; baseline -0.001 -18"><span class='ocrx_word' id='word_1_57' title='bbox 547 1108 694 1162; x_wconf 80' lang='lat' dir='ltr'><strong>bere&quot;</strong></span> <span class='ocrx_word' id='word_1_58' title='bbox 722 1108 905 1162; x_wconf 82' lang='lat' dir='ltr'><strong>volens</strong></span> <span class='ocrx_word' id='word_1_59' title='bbox 943 1106 1205 1178; x_wconf 76' lang='lat' dir='ltr'><strong>Christus,</strong></span> <span class='ocrx_word' id='word_1_60' title='bbox 1242 1106 1349 1165; x_wconf 82' lang='lat' dir='ltr'><strong>hoc</strong></span> <span class='ocrx_word' id='word_1_61' title='bbox 1385 1107 1529 1161; x_wconf 82' lang='lat' dir='ltr'><strong>illam</strong></span> <span class='ocrx_word' id='word_1_62' title='bbox 1569 1104 1729 1161; x_wconf 89' lang='lat' dir='ltr'><strong>modo</strong></span> <span class='ocrx_word' id='word_1_63' title='bbox 1768 1105 2035 1176; x_wconf 72' lang='lat' dir='ltr'><strong>depingat.</strong></span> <span class='ocrx_word' id='word_1_64' title='bbox 2073 1114 2127 1159; x_wconf 88' lang='lat' dir='ltr'><strong>et</strong></span> 
     </span>
    </p>
   </div>
   <div class='ocr_carea' id='block_1_10' title="bbox 549 1198 2125 1267">
    <p class='ocr_par' dir='ltr' id='par_1_10' title="bbox 549 1198 2125 1267">
     <span class='ocr_line' id='line_1_10' title="bbox 549 1198 2125 1267; baseline -0.001 -16"><span class='ocrx_word' id='word_1_65' title='bbox 549 1199 767 1254; x_wconf 78' lang='lat' dir='ltr'><strong>divitem</strong></span> <span class='ocrx_word' id='word_1_66' title='bbox 800 1198 1011 1252; x_wconf 79' lang='lat' dir='ltr'><strong>inducat</strong></span> <span class='ocrx_word' id='word_1_67' title='bbox 1052 1198 1245 1253; x_wconf 84' lang='lat' dir='ltr'><strong>ardore</strong></span> <span class='ocrx_word' id='word_1_68' title='bbox 1284 1199 1597 1262; x_wconf 88' lang='lat' dir='ltr'><strong>cruciatum,</strong></span> <span class='ocrx_word' id='word_1_69' title='bbox 1646 1198 1735 1267; x_wconf 89' lang='lat' dir='ltr'><strong>qui</strong></span> <span class='ocrx_word' id='word_1_70' title='bbox 1778 1213 1898 1251; x_wconf 91' lang='lat' dir='ltr'><strong>cum</strong></span> <span class='ocrx_word' id='word_1_71' title='bbox 1924 1204 2125 1266; x_wconf 73' lang='lat' dir='ltr'><strong>guttam</strong></span> 
     </span>
    </p>
   </div>
   <div class='ocr_carea' id='block_1_11' title="bbox 546 1286 2128 1357">
    <p class='ocr_par' dir='ltr' id='par_1_11' title="bbox 546 1286 2128 1357">
     <span class='ocr_line' id='line_1_11' title="bbox 546 1286 2128 1357; baseline -0.001 -16"><span class='ocrx_word' id='word_1_72' title='bbox 546 1303 698 1355; x_wconf 75' lang='lat' dir='ltr'><strong>aqua:</strong></span> <span class='ocrx_word' id='word_1_73' title='bbox 746 1294 1004 1357; x_wconf 89' lang='lat' dir='ltr'><strong>posceret.</strong></span> <span class='ocrx_word' id='word_1_74' title='bbox 1051 1302 1150 1355; x_wconf 82' lang='lat' dir='ltr'><strong>nec</strong></span> <span class='ocrx_word' id='word_1_75' title='bbox 1186 1286 1274 1343; x_wconf 86' lang='lat' dir='ltr'><strong>illa</strong></span> <span class='ocrx_word' id='word_1_76' title='bbox 1327 1287 1426 1341; x_wconf 92' lang='lat' dir='ltr'><strong>frui</strong></span> <span class='ocrx_word' id='word_1_77' title='bbox 1473 1295 1672 1356; x_wconf 80' lang='lat' dir='ltr'><strong>posset,</strong></span> <span class='ocrx_word' id='word_1_78' title='bbox 1702 1288 1771 1340; x_wconf 91' lang='lat' dir='ltr'><strong>ita</strong></span> <span class='ocrx_word' id='word_1_79' title='bbox 1813 1287 2128 1357; x_wconf 87' lang='lat' dir='ltr'><strong>puniebatnr</strong></span> 
     </span>
    </p>
   </div>
   <div class='ocr_carea' id='block_1_12' title="bbox 546 1376 2126 1448">
    <p class='ocr_par' dir='ltr' id='par_1_12' title="bbox 546 1376 2126 1448">
     <span class='ocr_line' id='line_1_12' title="bbox 546 1376 2126 1448; baseline -0.001 -17"><span class='ocrx_word' id='word_1_80' title='bbox 546 1376 711 1447; x_wconf 81' lang='lat' dir='ltr'><strong>(Luc.</strong></span> <span class='ocrx_word' id='word_1_81' title='bbox 744 1377 856 1446; x_wconf 74' lang='grc'><strong>16).</strong></span> <span class='ocrx_word' id='word_1_82' title='bbox 884 1378 1066 1448; x_wconf 80' lang='lat' dir='ltr'><strong>Itaque</strong></span> <span class='ocrx_word' id='word_1_83' title='bbox 1098 1378 1160 1443; x_wconf 86' lang='lat' dir='ltr'><strong>is,</strong></span> <span class='ocrx_word' id='word_1_84' title='bbox 1191 1378 1278 1447; x_wconf 87' lang='lat' dir='ltr'><strong>qui</strong></span> <span class='ocrx_word' id='word_1_85' title='bbox 1308 1378 1559 1447; x_wconf 86' lang='lat' dir='ltr'><strong>pecunias</strong></span> <span class='ocrx_word' id='word_1_86' title='bbox 1588 1377 1835 1446; x_wconf 80' lang='lat' dir='ltr'><strong>despicit,</strong></span> <span class='ocrx_word' id='word_1_87' title='bbox 1866 1377 2126 1446; x_wconf 84' lang='lat' dir='ltr'><strong>cupidita-</strong></span> 
     </span>
    </p>
   </div>
   <div class='ocr_carea' id='block_1_13' title="bbox 551 1456 2126 1539">
    <p class='ocr_par' dir='ltr' id='par_1_13' title="bbox 551 1456 2126 1539">
     <span class='ocr_line' id='line_1_13' title="bbox 551 1456 2126 1539; baseline 0 -18"><span class='ocrx_word' id='word_1_88' title='bbox 551 1478 659 1523; x_wconf 87' lang='lat' dir='ltr'><strong>tem</strong></span> <span class='ocrx_word' id='word_1_89' title='bbox 685 1468 922 1534; x_wconf 78' lang='lat' dir='ltr'><strong>sedavit;</strong></span> <span class='ocrx_word' id='word_1_90' title='bbox 949 1456 1036 1537; x_wconf 86' lang='lat' dir='ltr'><strong>qui</strong></span> <span class='ocrx_word' id='word_1_91' title='bbox 1054 1477 1228 1523; x_wconf 88' lang='lat' dir='ltr'><strong>autem</strong></span> <span class='ocrx_word' id='word_1_92' title='bbox 1257 1466 1519 1523; x_wconf 87' lang='lat' dir='ltr'><strong>ditescere</strong></span> <span class='ocrx_word' id='word_1_93' title='bbox 1540 1469 1713 1539; x_wconf 82' lang='lat' dir='ltr'><strong>cupit,</strong></span> <span class='ocrx_word' id='word_1_94' title='bbox 1738 1477 1793 1522; x_wconf 90' lang='lat' dir='ltr'><strong>et</strong></span> <span class='ocrx_word' id='word_1_95' title='bbox 1818 1468 1968 1537; x_wconf 89' lang='lat' dir='ltr'><strong>plura</strong></span> <span class='ocrx_word' id='word_1_96' title='bbox 1995 1482 2126 1521; x_wconf 89' lang='lat' dir='ltr'><strong>con-</strong></span> 
     </span>
    </p>
   </div>
   <div class='ocr_carea' id='block_1_14' title="bbox 547 1558 2128 1630">
    <p class='ocr_par' dir='ltr' id='par_1_14' title="bbox 547 1558 2128 1630">
     <span class='ocr_line' id='line_1_14' title="bbox 547 1558 2128 1630; baseline 0 -16"><span class='ocrx_word' id='word_1_97' title='bbox 547 1574 763 1628; x_wconf 77' lang='lat' dir='ltr'><strong>gerere,</strong></span> <span class='ocrx_word' id='word_1_98' title='bbox 789 1560 930 1614; x_wconf 86' lang='lat' dir='ltr'><strong>illam</strong></span> <span class='ocrx_word' id='word_1_99' title='bbox 953 1560 1121 1630; x_wconf 78' lang='lat' dir='ltr'><strong>magis</strong></span> <span class='ocrx_word' id='word_1_100' title='bbox 1143 1561 1306 1623; x_wconf 77' lang='lat' dir='ltr'><strong>auxit,</strong></span> <span class='ocrx_word' id='word_1_101' title='bbox 1340 1570 1391 1614; x_wconf 89' lang='lat' dir='ltr'><strong>et</strong></span> <span class='ocrx_word' id='word_1_102' title='bbox 1420 1574 1707 1628; x_wconf 81' lang='lat' dir='ltr'><strong>numquam</strong></span> <span class='ocrx_word' id='word_1_103' title='bbox 1726 1558 1885 1614; x_wconf 74' lang='lat' dir='ltr'><strong>linem</strong></span> <span class='ocrx_word' id='word_1_104' title='bbox 1914 1559 2128 1626; x_wconf 83' lang='lat' dir='ltr'><strong>assequi</strong></span> 
     </span>
    </p>
   </div>
   <div class='ocr_carea' id='block_1_15' title="bbox 548 1648 2127 1719">
    <p class='ocr_par' dir='ltr' id='par_1_15' title="bbox 548 1648 2127 1719">
     <span class='ocr_line' id='line_1_15' title="bbox 548 1648 2127 1719; baseline 0.002 -19"><span class='ocrx_word' id='word_1_105' title='bbox 548 1648 758 1709; x_wconf 51' lang='lat' dir='ltr'><strong>valeti;</strong></span> <span class='ocrx_word' id='word_1_106' title='bbox 786 1649 993 1705; x_wconf 85' lang='lat' dir='ltr'><strong>etiamsi</strong></span> <span class='ocrx_word' id='word_1_107' title='bbox 1021 1649 1163 1705; x_wconf 87' lang='lat' dir='ltr'><strong>enim</strong></span> <span class='ocrx_word' id='word_1_108' title='bbox 1195 1649 1467 1706; x_wconf 87' lang='lat' dir='ltr'><strong>innumera</strong></span> <span class='ocrx_word' id='word_1_109' title='bbox 1495 1650 1692 1704; x_wconf 86' lang='lat' dir='ltr'><strong>talenta</strong></span> <span class='ocrx_word' id='word_1_110' title='bbox 1712 1650 1997 1719; x_wconf 84' lang='lat' dir='ltr'><strong>acceperit,</strong></span> <span class='ocrx_word' id='word_1_111' title='bbox 2025 1649 2127 1703; x_wconf 86' lang='lat' dir='ltr'><strong>alia</strong></span> 
     </span>
    </p>
   </div>
   <div class='ocr_carea' id='block_1_16' title="bbox 548 1741 2130 1811">
    <p class='ocr_par' dir='ltr' id='par_1_16' title="bbox 548 1741 2130 1811">
     <span class='ocr_line' id='line_1_16' title="bbox 548 1741 2130 1811; baseline 0.003 -18"><span class='ocrx_word' id='word_1_112' title='bbox 548 1742 659 1810; x_wconf 84' lang='lat' dir='ltr'><strong>pari</strong></span> <span class='ocrx_word' id='word_1_113' title='bbox 687 1755 907 1797; x_wconf 84' lang='lat' dir='ltr'><strong>numero</strong></span> <span class='ocrx_word' id='word_1_114' title='bbox 933 1742 1303 1811; x_wconf 75' lang='lat' dir='ltr'><strong>concupiscit;</strong></span> <span class='ocrx_word' id='word_1_115' title='bbox 1340 1742 1382 1795; x_wconf 91' lang='lat' dir='ltr'><strong>si</strong></span> <span class='ocrx_word' id='word_1_116' title='bbox 1406 1741 1521 1795; x_wconf 65' lang='lat' dir='ltr'><strong>bazc</strong></span> <span class='ocrx_word' id='word_1_117' title='bbox 1544 1744 1919 1810; x_wconf 81' lang='lat' dir='ltr'><strong>consequatur.</strong></span> <span class='ocrx_word' id='word_1_118' title='bbox 1944 1755 2130 1797; x_wconf 77' lang='lat' dir='ltr'><strong>rursus</strong></span> 
     </span>
    </p>
   </div>
   <div class='ocr_carea' id='block_1_17' title="bbox 546 1832 2126 1902">
    <p class='ocr_par' dir='ltr' id='par_1_17' title="bbox 546 1832 2126 1902">
     <span class='ocr_line' id='line_1_17' title="bbox 546 1832 2126 1902; baseline 0.001 -16"><span class='ocrx_word' id='word_1_119' title='bbox 546 1832 709 1902; x_wconf 84' lang='lat' dir='ltr'><strong>duplo</strong></span> <span class='ocrx_word' id='word_1_120' title='bbox 742 1833 888 1902; x_wconf 86' lang='lat' dir='ltr'><strong>plura</strong></span> <span class='ocrx_word' id='word_1_121' title='bbox 914 1832 1206 1895; x_wconf 75' lang='lat' dir='ltr'><strong>desiderat,</strong></span> <span class='ocrx_word' id='word_1_122' title='bbox 1244 1832 1487 1902; x_wconf 86' lang='lat' dir='ltr'><strong>ultraque</strong></span> <span class='ocrx_word' id='word_1_123' title='bbox 1518 1847 1853 1902; x_wconf 73' lang='lat' dir='ltr'><strong>progressus,</strong></span> <span class='ocrx_word' id='word_1_124' title='bbox 1897 1845 2126 1899; x_wconf 83' lang='lat' dir='ltr'><strong>montes,</strong></span> 
     </span>
    </p>
   </div>
   <div class='ocr_carea' id='block_1_18' title="bbox 549 1922 2130 1993">
    <p class='ocr_par' dir='ltr' id='par_1_18' title="bbox 549 1922 2130 1993">
     <span class='ocr_line' id='line_1_18' title="bbox 549 1922 2130 1993; baseline 0 -15"><span class='ocrx_word' id='word_1_125' title='bbox 549 1934 765 1988; x_wconf 87' lang='lat' dir='ltr'><strong>terram,</strong></span> <span class='ocrx_word' id='word_1_126' title='bbox 794 1939 941 1979; x_wconf 89' lang='lat' dir='ltr'><strong>mare</strong></span> <span class='ocrx_word' id='word_1_127' title='bbox 970 1932 1025 1979; x_wconf 90' lang='lat' dir='ltr'><strong>et</strong></span> <span class='ocrx_word' id='word_1_128' title='bbox 1052 1924 1241 1980; x_wconf 73' lang='lat' dir='ltr'><strong>omnia</strong></span> <span class='ocrx_word' id='word_1_129' title='bbox 1258 1924 1356 1977; x_wconf 91' lang='lat' dir='ltr'><strong>sibi</strong></span> <span class='ocrx_word' id='word_1_130' title='bbox 1387 1938 1575 1977; x_wconf 88' lang='lat' dir='ltr'><strong>aurum</strong></span> <span class='ocrx_word' id='word_1_131' title='bbox 1605 1922 1752 1983; x_wconf 83' lang='lat' dir='ltr'><strong>effici</strong></span> <span class='ocrx_word' id='word_1_132' title='bbox 1793 1932 1962 1993; x_wconf 89' lang='lat' dir='ltr'><strong>optat,</strong></span> <span class='ocrx_word' id='word_1_133' title='bbox 1990 1939 2130 1979; x_wconf 80' lang='lat' dir='ltr'><strong>novo</strong></span> 
     </span>
    </p>
   </div>
   <div class='ocr_carea' id='block_1_19' title="bbox 545 2015 2124 2087">
    <p class='ocr_par' dir='ltr' id='par_1_19' title="bbox 545 2015 2124 2087">
     <span class='ocr_line' id='line_1_19' title="bbox 545 2015 2124 2087; baseline -0.001 -17"><span class='ocrx_word' id='word_1_134' title='bbox 545 2027 600 2071; x_wconf 92' lang='lat' dir='ltr'><strong>et</strong></span> <span class='ocrx_word' id='word_1_135' title='bbox 622 2015 839 2070; x_wconf 86' lang='lat' dir='ltr'><strong>terribili</strong></span> <span class='ocrx_word' id='word_1_136' title='bbox 891 2016 1083 2071; x_wconf 87' lang='lat' dir='ltr'><strong>furoris</strong></span> <span class='ocrx_word' id='word_1_137' title='bbox 1120 2030 1315 2086; x_wconf 77' lang='lat' dir='ltr'><strong>genere</strong></span> <span class='ocrx_word' id='word_1_138' title='bbox 1359 2016 1667 2079; x_wconf 80' lang='lat' dir='ltr'><strong>insaniens,</strong></span> <span class='ocrx_word' id='word_1_139' title='bbox 1716 2017 2124 2087; x_wconf 80' lang='lat' dir='ltr'><strong>quinumquam</strong></span> 
     </span>
    </p>
   </div>
   <div class='ocr_carea' id='block_1_20' title="bbox 549 2108 2124 2178">
    <p class='ocr_par' dir='ltr' id='par_1_20' title="bbox 549 2108 2124 2178">
     <span class='ocr_line' id='line_1_20' title="bbox 549 2108 2124 2178; baseline 0.005 -19"><span class='ocrx_word' id='word_1_140' title='bbox 549 2109 715 2175; x_wconf 84' lang='lat' dir='ltr'><strong>possit</strong></span> <span class='ocrx_word' id='word_1_141' title='bbox 734 2108 1019 2177; x_wconf 74' lang='lat' dir='ltr'><strong>exstingui.</strong></span> <span class='ocrx_word' id='word_1_142' title='bbox 1046 2111 1216 2178; x_wconf 79' lang='lat' dir='ltr'><strong>Atque</strong></span> <span class='ocrx_word' id='word_1_143' title='bbox 1238 2119 1295 2163; x_wconf 90' lang='lat' dir='ltr'><strong>ut</strong></span> <span class='ocrx_word' id='word_1_144' title='bbox 1324 2108 1521 2173; x_wconf 83' lang='lat' dir='ltr'><strong>discas,</strong></span> <span class='ocrx_word' id='word_1_145' title='bbox 1547 2124 1653 2165; x_wconf 92' lang='lat' dir='ltr'><strong>non</strong></span> <span class='ocrx_word' id='word_1_146' title='bbox 1678 2111 2001 2175; x_wconf 74' lang='lat' dir='ltr'><strong>accessione,</strong></span> <span class='ocrx_word' id='word_1_147' title='bbox 2030 2111 2124 2167; x_wconf 83' lang='lat' dir='ltr'><strong>sed</strong></span> 
     </span>
    </p>
   </div>
   <div class='ocr_carea' id='block_1_21' title="bbox 548 2200 2128 2273">
    <p class='ocr_par' dir='ltr' id='par_1_21' title="bbox 548 2200 2128 2273">
     <span class='ocr_line' id='line_1_21' title="bbox 548 2200 2128 2273; baseline 0.004 -22"><span class='ocrx_word' id='word_1_148' title='bbox 548 2200 901 2260; x_wconf 83' lang='lat' dir='ltr'><strong>abstractione</strong></span> <span class='ocrx_word' id='word_1_149' title='bbox 941 2200 1043 2261; x_wconf 83' lang='lat' dir='ltr'><strong>hoc</strong></span> <span class='ocrx_word' id='word_1_150' title='bbox 1068 2200 1262 2255; x_wconf 87' lang='lat' dir='ltr'><strong>malum</strong></span> <span class='ocrx_word' id='word_1_151' title='bbox 1292 2200 1406 2256; x_wconf 87' lang='lat' dir='ltr'><strong>sisti</strong></span> <span class='ocrx_word' id='word_1_152' title='bbox 1449 2216 1603 2271; x_wconf 85' lang='lat' dir='ltr'><strong>posse</strong></span> <span class='ocrx_word' id='word_1_153' title='bbox 1638 2219 1652 2255; x_wconf 89' lang='lat'><strong>:</strong></span> <span class='ocrx_word' id='word_1_154' title='bbox 1684 2201 1730 2256; x_wconf 86' lang='lat' dir='ltr'><strong>si</strong></span> <span class='ocrx_word' id='word_1_155' title='bbox 1762 2211 1813 2257; x_wconf 92' lang='lat' dir='ltr'><strong>te</strong></span> <span class='ocrx_word' id='word_1_156' title='bbox 1843 2203 2128 2273; x_wconf 80' lang='lat' dir='ltr'><strong>aliquando</strong></span> 
     </span>
    </p>
   </div>
   <div class='ocr_carea' id='block_1_22' title="bbox 548 2290 2125 2364">
    <p class='ocr_par' dir='ltr' id='par_1_22' title="bbox 548 2290 2125 2364">
     <span class='ocr_line' id='line_1_22' title="bbox 548 2290 2125 2364; baseline 0.004 -21"><span class='ocrx_word' id='word_1_157' title='bbox 548 2290 779 2346; x_wconf 87' lang='lat' dir='ltr'><strong>absurda</strong></span> <span class='ocrx_word' id='word_1_158' title='bbox 825 2291 1036 2360; x_wconf 80' lang='lat' dir='ltr'><strong>volandi</strong></span> <span class='ocrx_word' id='word_1_159' title='bbox 1076 2292 1280 2362; x_wconf 87' lang='lat' dir='ltr'><strong>cupido</strong></span> <span class='ocrx_word' id='word_1_160' title='bbox 1321 2293 1632 2358; x_wconf 82' lang='lat' dir='ltr'><strong>incesseret,</strong></span> <span class='ocrx_word' id='word_1_161' title='bbox 1681 2296 1947 2364; x_wconf 89' lang='lat' dir='ltr'><strong>quomodo</strong></span> <span class='ocrx_word' id='word_1_162' title='bbox 1986 2297 2125 2351; x_wconf 86' lang='lat' dir='ltr'><strong>illaut</strong></span> 
     </span>
    </p>
   </div>
   <div class='ocr_carea' id='block_1_23' title="bbox 548 2384 2126 2456">
    <p class='ocr_par' dir='ltr' id='par_1_23' title="bbox 548 2384 2126 2456">
     <span class='ocr_line' id='line_1_23' title="bbox 548 2384 2126 2456; baseline 0.004 -19"><span class='ocrx_word' id='word_1_163' title='bbox 548 2384 949 2454; x_wconf 74' lang='lat' dir='ltr'><strong>restingueres?</strong></span> <span class='ocrx_word' id='word_1_164' title='bbox 985 2399 1053 2439; x_wconf 89' lang='lat' dir='ltr'><strong>an</strong></span> <span class='ocrx_word' id='word_1_165' title='bbox 1100 2400 1221 2439; x_wconf 91' lang='lat' dir='ltr'><strong>eum</strong></span> <span class='ocrx_word' id='word_1_166' title='bbox 1262 2385 1362 2439; x_wconf 88' lang='lat' dir='ltr'><strong>alis</strong></span> <span class='ocrx_word' id='word_1_167' title='bbox 1400 2386 1626 2456; x_wconf 86' lang='lat' dir='ltr'><strong>aliisque</strong></span> <span class='ocrx_word' id='word_1_168' title='bbox 1669 2388 2032 2443; x_wconf 86' lang='lat' dir='ltr'><strong>instrumentis</strong></span> <span class='ocrx_word' id='word_1_169' title='bbox 2062 2389 2126 2444; x_wconf 88' lang='lat' dir='ltr'><strong>ad</strong></span> 
     </span>
    </p>
   </div>
   <div class='ocr_carea' id='block_1_24' title="bbox 549 2475 2128 2549">
    <p class='ocr_par' dir='ltr' id='par_1_24' title="bbox 549 2475 2128 2549">
     <span class='ocr_line' id='line_1_24' title="bbox 549 2475 2128 2549; baseline 0.003 -19"><span class='ocrx_word' id='word_1_170' title='bbox 549 2478 651 2531; x_wconf 84' lang='lat' dir='ltr'><strong>hoc</strong></span> <span class='ocrx_word' id='word_1_171' title='bbox 679 2475 1050 2530; x_wconf 84' lang='lat' dir='ltr'><strong>concinnatis?</strong></span> <span class='ocrx_word' id='word_1_172' title='bbox 1070 2490 1147 2531; x_wconf 19' lang='lat' dir='ltr'><strong>an,</strong></span> <span class='ocrx_word' id='word_1_173' title='bbox 1165 2477 1259 2532; x_wconf 90' lang='lat' dir='ltr'><strong>tibi</strong></span> <span class='ocrx_word' id='word_1_174' title='bbox 1276 2477 1679 2547; x_wconf 83' lang='lat' dir='ltr'><strong>persuadendo,</strong></span> <span class='ocrx_word' id='word_1_175' title='bbox 1706 2494 1819 2533; x_wconf 89' lang='lat' dir='ltr'><strong>rem</strong></span> <span class='ocrx_word' id='word_1_176' title='bbox 1845 2495 1949 2533; x_wconf 93' lang='lat' dir='ltr'><strong>non</strong></span> <span class='ocrx_word' id='word_1_177' title='bbox 1975 2495 2128 2549; x_wconf 75' lang='lat' dir='ltr'><strong>posse</strong></span> 
     </span>
    </p>
   </div>
   <div class='ocr_carea' id='block_1_25' title="bbox 549 2566 2130 2630">
    <p class='ocr_par' dir='ltr' id='par_1_25' title="bbox 549 2566 2130 2630">
     <span class='ocr_line' id='line_1_25' title="bbox 549 2566 2130 2630; baseline 0.003 -10"><span class='ocrx_word' id='word_1_178' title='bbox 549 2568 685 2630; x_wconf 78' lang='lat' dir='ltr'><strong>fieri,</strong></span> <span class='ocrx_word' id='word_1_179' title='bbox 734 2582 832 2621; x_wconf 91' lang='lat' dir='ltr'><strong>nec</strong></span> <span class='ocrx_word' id='word_1_180' title='bbox 880 2568 1019 2621; x_wconf 86' lang='lat' dir='ltr'><strong>ultra</strong></span> <span class='ocrx_word' id='word_1_181' title='bbox 1048 2566 1098 2621; x_wconf 90' lang='lat' dir='ltr'><strong>id</strong></span> <span class='ocrx_word' id='word_1_182' title='bbox 1142 2566 1447 2622; x_wconf 85' lang='lat' dir='ltr'><strong>tentandum</strong></span> <span class='ocrx_word' id='word_1_183' title='bbox 1496 2569 1655 2623; x_wconf 78' lang='lat' dir='ltr'><strong>esse?</strong></span> <span class='ocrx_word' id='word_1_184' title='bbox 1682 2567 1793 2625; x_wconf 81' lang='lat' dir='ltr'><strong>Hac</strong></span> <span class='ocrx_word' id='word_1_185' title='bbox 1824 2570 1939 2625; x_wconf 82' lang='lat' dir='ltr'><strong>sine</strong></span> <span class='ocrx_word' id='word_1_186' title='bbox 1966 2570 2130 2625; x_wconf 87' lang='lat' dir='ltr'><strong>dubio</strong></span> 
     </span>
    </p>
   </div>
   <div class='ocr_carea' id='block_1_26' title="bbox 547 2658 2129 2729">
    <p class='ocr_par' dir='ltr' id='par_1_26' title="bbox 547 2658 2129 2729">
     <span class='ocr_line' id='line_1_26' title="bbox 547 2658 2129 2729; baseline 0.003 -18"><span class='ocrx_word' id='word_1_187' title='bbox 547 2660 815 2716; x_wconf 82' lang='lat' dir='ltr'><strong>suasione.</strong></span> <span class='ocrx_word' id='word_1_188' title='bbox 854 2658 1074 2721; x_wconf 83' lang='lat' dir='ltr'><strong>Verum,</strong></span> <span class='ocrx_word' id='word_1_189' title='bbox 1119 2658 1348 2729; x_wconf 86' lang='lat' dir='ltr'><strong>inquies,</strong></span> <span class='ocrx_word' id='word_1_190' title='bbox 1397 2658 1525 2713; x_wconf 92' lang='lat' dir='ltr'><strong>illud</strong></span> <span class='ocrx_word' id='word_1_191' title='bbox 1572 2659 1897 2728; x_wconf 76' lang='lat' dir='ltr'><strong>impossibile</strong></span> <span class='ocrx_word' id='word_1_192' title='bbox 1927 2670 2028 2715; x_wconf 64' lang='lat' dir='ltr'><strong>est.</strong></span> <span class='ocrx_word' id='word_1_193' title='bbox 2062 2664 2129 2715; x_wconf 82' lang='lat' dir='ltr'><strong>At</strong></span> 
     </span>
    </p>
   </div>
   <div class='ocr_carea' id='block_1_27' title="bbox 546 2748 2128 2819">
    <p class='ocr_par' dir='ltr' id='par_1_27' title="bbox 546 2748 2128 2819">
     <span class='ocr_line' id='line_1_27' title="bbox 546 2748 2128 2819; baseline 0.001 -16"><span class='ocrx_word' id='word_1_194' title='bbox 546 2748 703 2819; x_wconf 79' lang='lat' dir='ltr'><strong>longe</strong></span> <span class='ocrx_word' id='word_1_195' title='bbox 728 2748 1105 2818; x_wconf 85' lang='lat' dir='ltr'><strong>impossibilius</strong></span> <span class='ocrx_word' id='word_1_196' title='bbox 1139 2758 1223 2804; x_wconf 86' lang='lat' dir='ltr'><strong>est</strong></span> <span class='ocrx_word' id='word_1_197' title='bbox 1260 2748 1384 2804; x_wconf 83' lang='lat' dir='ltr'><strong>huic</strong></span> <span class='ocrx_word' id='word_1_198' title='bbox 1417 2748 1694 2817; x_wconf 79' lang='lat' dir='ltr'><strong>cupiditati</strong></span> <span class='ocrx_word' id='word_1_199' title='bbox 1736 2751 2017 2805; x_wconf 86' lang='lat' dir='ltr'><strong>terminum</strong></span> <span class='ocrx_word' id='word_1_200' title='bbox 2045 2753 2128 2805; x_wconf 78' lang='lat' dir='ltr'><strong>in-</strong></span> 
     </span>
    </p>
   </div>
   <div class='ocr_carea' id='block_1_28' title="bbox 548 2837 2126 2909">
    <p class='ocr_par' dir='ltr' id='par_1_28' title="bbox 548 2837 2126 2909">
     <span class='ocr_line' id='line_1_28' title="bbox 548 2837 2126 2909; baseline 0.003 -18"><span class='ocrx_word' id='word_1_201' title='bbox 548 2838 751 2893; x_wconf 86' lang='lat' dir='ltr'><strong>venire.</strong></span> <span class='ocrx_word' id='word_1_202' title='bbox 792 2837 1020 2893; x_wconf 80' lang='lat' dir='ltr'><strong>Facilius</strong></span> <span class='ocrx_word' id='word_1_203' title='bbox 1059 2838 1254 2907; x_wconf 85' lang='lat' dir='ltr'><strong>quippe</strong></span> <span class='ocrx_word' id='word_1_204' title='bbox 1295 2846 1398 2903; x_wconf 81' lang='lat' dir='ltr'><strong>est,</strong></span> <span class='ocrx_word' id='word_1_205' title='bbox 1441 2838 1685 2894; x_wconf 82' lang='lat' dir='ltr'><strong>homines</strong></span> <span class='ocrx_word' id='word_1_206' title='bbox 1729 2839 1926 2903; x_wconf 86' lang='lat' dir='ltr'><strong>volare,</strong></span> <span class='ocrx_word' id='word_1_207' title='bbox 1968 2856 2126 2909; x_wconf 87' lang='lat' dir='ltr'><strong>quam</strong></span> 
     </span>
    </p>
   </div>
   <div class='ocr_carea' id='block_1_29' title="bbox 548 2927 2129 3000">
    <p class='ocr_par' dir='ltr' id='par_1_29' title="bbox 548 2927 2129 3000">
     <span class='ocr_line' id='line_1_29' title="bbox 548 2927 2129 3000; baseline 0.003 -18"><span class='ocrx_word' id='word_1_208' title='bbox 548 2930 855 2988; x_wconf 78' lang='lat' dir='ltr'><strong>accessione</strong></span> <span class='ocrx_word' id='word_1_209' title='bbox 882 2927 1224 2999; x_wconf 83' lang='lat' dir='ltr'><strong>cupiditatem</strong></span> <span class='ocrx_word' id='word_1_210' title='bbox 1252 2928 1493 2997; x_wconf 78' lang='lat' dir='ltr'><strong>explere.</strong></span> <span class='ocrx_word' id='word_1_211' title='bbox 1533 2929 1758 2996; x_wconf 80' lang='lat' dir='ltr'><strong>Quando</strong></span> <span class='ocrx_word' id='word_1_212' title='bbox 1786 2931 1929 2985; x_wconf 91' lang='lat' dir='ltr'><strong>enim</strong></span> <span class='ocrx_word' id='word_1_213' title='bbox 1957 2933 2129 3000; x_wconf 84' lang='lat' dir='ltr'><strong>possi—</strong></span> 
     </span>
    </p>
   </div>
   <div class='ocr_carea' id='block_1_30' title="bbox 548 3019 2128 3091">
    <p class='ocr_par' dir='ltr' id='par_1_30' title="bbox 548 3019 2128 3091">
     <span class='ocr_line' id='line_1_30' title="bbox 548 3019 2128 3091; baseline 0.002 -18"><span class='ocrx_word' id='word_1_214' title='bbox 548 3019 667 3074; x_wconf 87' lang='lat' dir='ltr'><strong>hilia</strong></span> <span class='ocrx_word' id='word_1_215' title='bbox 697 3019 1083 3084; x_wconf 84' lang='lat' dir='ltr'><strong>desideramus,</strong></span> <span class='ocrx_word' id='word_1_216' title='bbox 1128 3034 1225 3089; x_wconf 86' lang='lat' dir='ltr'><strong>spe</strong></span> <span class='ocrx_word' id='word_1_217' title='bbox 1280 3020 1487 3074; x_wconf 78' lang='lat' dir='ltr'><strong>fruendi</strong></span> <span class='ocrx_word' id='word_1_218' title='bbox 1517 3033 1615 3074; x_wconf 88' lang='lat' dir='ltr'><strong>nos</strong></span> <span class='ocrx_word' id='word_1_219' title='bbox 1642 3020 1905 3077; x_wconf 87' lang='lat' dir='ltr'><strong>consolari</strong></span> <span class='ocrx_word' id='word_1_220' title='bbox 1942 3036 2128 3091; x_wconf 81' lang='lat' dir='ltr'><strong>possu-</strong></span> 
     </span>
    </p>
   </div>
   <div class='ocr_carea' id='block_1_31' title="bbox 549 3109 2129 3181">
    <p class='ocr_par' dir='ltr' id='par_1_31' title="bbox 549 3109 2129 3181">
     <span class='ocr_line' id='line_1_31' title="bbox 549 3109 2129 3181; baseline 0.001 -16"><span class='ocrx_word' id='word_1_221' title='bbox 549 3127 700 3177; x_wconf 86' lang='lat' dir='ltr'><strong>mus;</strong></span> <span class='ocrx_word' id='word_1_222' title='bbox 731 3111 943 3181; x_wconf 82' lang='lat' dir='ltr'><strong>quando</strong></span> <span class='ocrx_word' id='word_1_223' title='bbox 982 3119 1164 3165; x_wconf 88' lang='lat' dir='ltr'><strong>autem</strong></span> <span class='ocrx_word' id='word_1_224' title='bbox 1195 3109 1541 3179; x_wconf 79' lang='lat' dir='ltr'><strong>impossibilia</strong></span> <span class='ocrx_word' id='word_1_225' title='bbox 1565 3118 1707 3176; x_wconf 90' lang='lat' dir='ltr'><strong>sunt,</strong></span> <span class='ocrx_word' id='word_1_226' title='bbox 1749 3126 1914 3166; x_wconf 90' lang='lat' dir='ltr'><strong>unum</strong></span> <span class='ocrx_word' id='word_1_227' title='bbox 1938 3128 2129 3167; x_wconf 87' lang='lat' dir='ltr'><strong>curan-</strong></span> 
     </span>
    </p>
   </div>
   <div class='ocr_carea' id='block_1_32' title="bbox 550 3200 2127 3275">
    <p class='ocr_par' dir='ltr' id='par_1_32' title="bbox 550 3200 2127 3275">
     <span class='ocr_line' id='line_1_32' title="bbox 550 3200 2127 3275; baseline 0.002 -19"><span class='ocrx_word' id='word_1_228' title='bbox 550 3202 674 3256; x_wconf 89' lang='lat' dir='ltr'><strong>dum</strong></span> <span class='ocrx_word' id='word_1_229' title='bbox 698 3213 801 3267; x_wconf 88' lang='lat' dir='ltr'><strong>est,</strong></span> <span class='ocrx_word' id='word_1_230' title='bbox 830 3210 932 3255; x_wconf 90' lang='lat' dir='ltr'><strong>uta</strong></span> <span class='ocrx_word' id='word_1_231' title='bbox 958 3200 1246 3275; x_wconf 79' lang='lat' dir='ltr'><strong>cupiditate</strong></span> <span class='ocrx_word' id='word_1_232' title='bbox 1272 3201 1359 3255; x_wconf 85' lang='lat' dir='ltr'><strong>illa</strong></span> <span class='ocrx_word' id='word_1_233' title='bbox 1387 3215 1485 3255; x_wconf 90' lang='lat' dir='ltr'><strong>nos</strong></span> <span class='ocrx_word' id='word_1_234' title='bbox 1514 3200 1858 3270; x_wconf 86' lang='lat' dir='ltr'><strong>abducamus,</strong></span> <span class='ocrx_word' id='word_1_235' title='bbox 1878 3218 1998 3258; x_wconf 86' lang='lat' dir='ltr'><strong>cum</strong></span> <span class='ocrx_word' id='word_1_236' title='bbox 2022 3204 2127 3259; x_wconf 88' lang='lat' dir='ltr'><strong>alia</strong></span> 
     </span>
    </p>
   </div>
   <div class='ocr_carea' id='block_1_33' title="bbox 551 3278 2126 3363">
    <p class='ocr_par' dir='ltr' id='par_1_33' title="bbox 551 3278 2126 3363">
     <span class='ocr_line' id='line_1_33' title="bbox 551 3278 2126 3363; baseline 0.003 -19"><span class='ocrx_word' id='word_1_237' title='bbox 551 3292 757 3346; x_wconf 87' lang='lat' dir='ltr'><strong>ratione</strong></span> <span class='ocrx_word' id='word_1_238' title='bbox 782 3278 885 3345; x_wconf 84' lang='lat' dir='ltr'><strong>non</strong></span> <span class='ocrx_word' id='word_1_239' title='bbox 911 3291 1173 3359; x_wconf 86' lang='lat' dir='ltr'><strong>possimus</strong></span> <span class='ocrx_word' id='word_1_240' title='bbox 1193 3291 1355 3345; x_wconf 88' lang='lat' dir='ltr'><strong>animi</strong></span> <span class='ocrx_word' id='word_1_241' title='bbox 1376 3292 1815 3361; x_wconf 84' lang='lat' dir='ltr'><strong>tranquillitatem</strong></span> <span class='ocrx_word' id='word_1_242' title='bbox 1850 3295 2126 3363; x_wconf 85' lang='lat' dir='ltr'><strong>consequi.</strong></span> 
     </span>
    </p>
   </div>
   <div class='ocr_carea' id='block_1_34' title="bbox 550 3381 2127 3455">
    <p class='ocr_par' dir='ltr' id='par_1_34' title="bbox 550 3381 2127 3455">
     <span class='ocr_line' id='line_1_34' title="bbox 550 3381 2127 3455; baseline 0.004 -20"><span class='ocrx_word' id='word_1_243' title='bbox 550 3381 626 3436; x_wconf 88' lang='lat' dir='ltr'><strong>Ne</strong></span> <span class='ocrx_word' id='word_1_244' title='bbox 664 3382 839 3451; x_wconf 82' lang='lat' dir='ltr'><strong>itaque</strong></span> <span class='ocrx_word' id='word_1_245' title='bbox 881 3382 936 3439; x_wconf 83' lang='lat' dir='ltr'><strong>in</strong></span> <span class='ocrx_word' id='word_1_246' title='bbox 975 3397 1185 3439; x_wconf 81' lang='lat' dir='ltr'><strong>cassum</strong></span> <span class='ocrx_word' id='word_1_247' title='bbox 1224 3382 1535 3448; x_wconf 59' lang='lat' dir='ltr'><strong>dolamus,</strong></span> <span class='ocrx_word' id='word_1_248' title='bbox 1571 3392 1831 3455; x_wconf 88' lang='lat' dir='ltr'><strong>perpetuo</strong></span> <span class='ocrx_word' id='word_1_249' title='bbox 1866 3385 2127 3441; x_wconf 88' lang='lat' dir='ltr'><strong>furentem</strong></span> 
     </span>
    </p>
   </div>
   <div class='ocr_carea' id='block_1_35' title="bbox 553 3475 2125 3548">
    <p class='ocr_par' dir='ltr' id='par_1_35' title="bbox 553 3475 2125 3548">
     <span class='ocr_line' id='line_1_35' title="bbox 553 3475 2125 3548; baseline 0.006 -23"><span class='ocrx_word' id='word_1_250' title='bbox 553 3475 893 3541; x_wconf 77' lang='lat' dir='ltr'><strong>pecuniarum</strong></span> <span class='ocrx_word' id='word_1_251' title='bbox 933 3480 1193 3536; x_wconf 83' lang='lat' dir='ltr'><strong>amorem,</strong></span> <span class='ocrx_word' id='word_1_252' title='bbox 1241 3475 1328 3543; x_wconf 86' lang='lat' dir='ltr'><strong>qui</strong></span> <span class='ocrx_word' id='word_1_253' title='bbox 1357 3486 1646 3545; x_wconf 86' lang='lat' dir='ltr'><strong>numquam</strong></span> <span class='ocrx_word' id='word_1_254' title='bbox 1687 3478 1902 3547; x_wconf 86' lang='lat' dir='ltr'><strong>reprimi</strong></span> <span class='ocrx_word' id='word_1_255' title='bbox 1933 3487 2125 3548; x_wconf 79' lang='lat' dir='ltr'><strong>potest,</strong></span> 
     </span>
    </p>
   </div>
   <div class='ocr_carea' id='block_1_36' title="bbox 550 3562 2129 3637">
    <p class='ocr_par' dir='ltr' id='par_1_36' title="bbox 550 3562 2129 3637">
     <span class='ocr_line' id='line_1_36' title="bbox 550 3562 2129 3637; baseline 0.006 -22"><span class='ocrx_word' id='word_1_256' title='bbox 550 3563 881 3631; x_wconf 70' lang='lat' dir='ltr'><strong>rt-jicicutes,</strong></span> <span class='ocrx_word' id='word_1_257' title='bbox 901 3562 969 3626; x_wconf 81' lang='lat' dir='ltr'><strong>ad</strong></span> <span class='ocrx_word' id='word_1_258' title='bbox 992 3564 1154 3619; x_wconf 85' lang='lat' dir='ltr'><strong>alium</strong></span> <span class='ocrx_word' id='word_1_259' title='bbox 1184 3564 1535 3633; x_wconf 78' lang='lat' dir='ltr'><strong>appellamus,</strong></span> <span class='ocrx_word' id='word_1_260' title='bbox 1570 3566 1660 3636; x_wconf 90' lang='lat' dir='ltr'><strong>qui</strong></span> <span class='ocrx_word' id='word_1_261' title='bbox 1686 3582 1785 3622; x_wconf 86' lang='lat' dir='ltr'><strong>nos</strong></span> <span class='ocrx_word' id='word_1_262' title='bbox 1815 3570 1981 3637; x_wconf 87' lang='lat' dir='ltr'><strong>possit</strong></span> <span class='ocrx_word' id='word_1_263' title='bbox 2004 3569 2129 3626; x_wconf 83' lang='lat' dir='ltr'><strong>bea-</strong></span> 
     </span>
    </p>
   </div>
   <div class='ocr_carea' id='block_1_37' title="bbox 552 3653 2131 3723">
    <p class='ocr_par' dir='ltr' id='par_1_37' title="bbox 552 3653 2131 3723">
     <span class='ocr_line' id='line_1_37' title="bbox 552 3653 2131 3723; baseline 0.006 -16"><span class='ocrx_word' id='word_1_264' title='bbox 552 3663 633 3708; x_wconf 92' lang='lat' dir='ltr'><strong>tos</strong></span> <span class='ocrx_word' id='word_1_265' title='bbox 673 3653 907 3715; x_wconf 79' lang='lat' dir='ltr'><strong>enicere.</strong></span> <span class='ocrx_word' id='word_1_266' title='bbox 937 3655 1132 3723; x_wconf 81' lang='lat' dir='ltr'><strong>quique</strong></span> <span class='ocrx_word' id='word_1_267' title='bbox 1157 3655 1377 3709; x_wconf 80' lang='lat' dir='ltr'><strong>multum</strong></span> <span class='ocrx_word' id='word_1_268' title='bbox 1428 3656 1623 3712; x_wconf 82' lang='lat' dir='ltr'><strong>habeat</strong></span> <span class='ocrx_word' id='word_1_269' title='bbox 1670 3656 2009 3723; x_wconf 73' lang='lat' dir='ltr'><strong>facilitatem;</strong></span> <span class='ocrx_word' id='word_1_270' title='bbox 2037 3676 2131 3715; x_wconf 82' lang='lat' dir='ltr'><strong>su-</strong></span> 
     </span>
    </p>
   </div>
   <div class='ocr_carea' id='block_1_38' title="bbox 554 3744 2127 3822">
    <p class='ocr_par' dir='ltr' id='par_1_38' title="bbox 554 3744 2127 3822">
     <span class='ocr_line' id='line_1_38' title="bbox 554 3744 2127 3822; baseline 0.005 -21"><span class='ocrx_word' id='word_1_271' title='bbox 554 3760 850 3816; x_wconf 84' lang='lat' dir='ltr'><strong>pernosque</strong></span> <span class='ocrx_word' id='word_1_272' title='bbox 879 3744 1158 3801; x_wconf 88' lang='lat' dir='ltr'><strong>thesauros</strong></span> <span class='ocrx_word' id='word_1_273' title='bbox 1184 3748 1644 3817; x_wconf 80' lang='lat' dir='ltr'><strong>concupiscamus.</strong></span> <span class='ocrx_word' id='word_1_274' title='bbox 1667 3748 1849 3822; x_wconf 84' lang='lat' dir='ltr'><strong>Neque</strong></span> <span class='ocrx_word' id='word_1_275' title='bbox 1869 3752 2009 3807; x_wconf 89' lang='lat' dir='ltr'><strong>enim</strong></span> <span class='ocrx_word' id='word_1_276' title='bbox 2040 3752 2127 3810; x_wconf 86' lang='lat' dir='ltr'><strong>hic</strong></span> 
     </span>
    </p>
   </div>
   <div class='ocr_carea' id='block_1_39' title="bbox 552 3823 2127 3917">
    <p class='ocr_par' dir='ltr' id='par_1_39' title="bbox 552 3823 2127 3917">
     <span class='ocr_line' id='line_1_39' title="bbox 552 3823 2127 3917; baseline 0.007 -27"><span class='ocrx_word' id='word_1_277' title='bbox 552 3836 701 3891; x_wconf 84' lang='lat' dir='ltr'><strong>labor</strong></span> <span class='ocrx_word' id='word_1_278' title='bbox 728 3845 927 3904; x_wconf 86' lang='lat' dir='ltr'><strong>tantus,</strong></span> <span class='ocrx_word' id='word_1_279' title='bbox 953 3846 1008 3892; x_wconf 89' lang='lat' dir='ltr'><strong>et</strong></span> <span class='ocrx_word' id='word_1_280' title='bbox 1040 3838 1246 3895; x_wconf 79' lang='lat' dir='ltr'><strong>lncrtln</strong></span> <span class='ocrx_word' id='word_1_281' title='bbox 1286 3823 1551 3903; x_wconf 77' lang='lat' dir='ltr'><strong>inen‘abile</strong></span> <span class='ocrx_word' id='word_1_282' title='bbox 1578 3850 1679 3905; x_wconf 85' lang='lat' dir='ltr'><strong>est,</strong></span> <span class='ocrx_word' id='word_1_283' title='bbox 1698 3853 2014 3914; x_wconf 88' lang='lat' dir='ltr'><strong>-nec,potest</strong></span> <span class='ocrx_word' id='word_1_284' title='bbox 2037 3848 2127 3917; x_wconf 91' lang='lat' dir='ltr'><strong>qui</strong></span> 
     </span>
    </p>
   </div>
   <div class='ocr_carea' id='block_1_40' title="bbox 554 3928 2129 4013">
    <p class='ocr_par' dir='ltr' id='par_1_40' title="bbox 554 3928 2129 4013">
     <span class='ocr_line' id='line_1_40' title="bbox 554 3928 2129 4013; baseline 0.009 -34"><span class='ocrx_word' id='word_1_285' title='bbox 554 3928 729 4005; x_wconf 70' lang='lat' dir='ltr'><strong>vigilat</strong></span> <span class='ocrx_word' id='word_1_286' title='bbox 768 3931 1135 4013; x_wconf 75' lang='lat' dir='ltr'><strong>et.pr.csentia_</strong></span> <span class='ocrx_word' id='word_1_287' title='bbox 1165 3930 1408 4002; x_wconf 75' lang='lat' dir='ltr'><strong>despicit,</strong></span> <span class='ocrx_word' id='word_1_288' title='bbox 1448 3948 1697 4001; x_wconf 84' lang='lat' dir='ltr'><strong>umquam</strong></span> <span class='ocrx_word' id='word_1_289' title='bbox 1722 3950 1752 3989; x_wconf 87' lang='lat' dir='ltr'><strong>a</strong></span> <span class='ocrx_word' id='word_1_290' title='bbox 1789 3950 1954 4005; x_wconf 88' lang='lat' dir='ltr'><strong>scopo</strong></span> <span class='ocrx_word' id='word_1_291' title='bbox 1974 3936 2129 3992; x_wconf 81' lang='lat' dir='ltr'><strong>aber-</strong></span> 
     </span>
    </p>
   </div>
   <div class='ocr_carea' id='block_1_41' title="bbox 550 4022 2130 4096">
    <p class='ocr_par' dir='ltr' id='par_1_41' title="bbox 550 4022 2130 4096">
     <span class='ocr_line' id='line_1_41' title="bbox 550 4022 2130 4096; baseline 0.008 -22"><span class='ocrx_word' id='word_1_292' title='bbox 550 4034 671 4075; x_wconf 86' lang='lat' dir='ltr'><strong>rare</strong></span> <span class='ocrx_word' id='word_1_293' title='bbox 696 4038 709 4075; x_wconf 90' lang='lat'><strong>:</strong></span> <span class='ocrx_word' id='word_1_294' title='bbox 742 4027 800 4076; x_wconf 86' lang='lat' dir='ltr'><strong>ut</strong></span> <span class='ocrx_word' id='word_1_295' title='bbox 824 4030 1008 4076; x_wconf 89' lang='lat' dir='ltr'><strong>contra</strong></span> <span class='ocrx_word' id='word_1_296' title='bbox 1034 4022 1125 4093; x_wconf 88' lang='lat' dir='ltr'><strong>qui</strong></span> <span class='ocrx_word' id='word_1_297' title='bbox 1155 4023 1258 4077; x_wconf 89' lang='lat' dir='ltr'><strong>illis</strong></span> <span class='ocrx_word' id='word_1_298' title='bbox 1276 4024 1442 4088; x_wconf 86' lang='lat' dir='ltr'><strong>servit</strong></span> <span class='ocrx_word' id='word_1_299' title='bbox 1466 4035 1522 4081; x_wconf 91' lang='lat' dir='ltr'><strong>et</strong></span> <span class='ocrx_word' id='word_1_300' title='bbox 1545 4024 1754 4087; x_wconf 84' lang='lat' dir='ltr'><strong>deditus</strong></span> <span class='ocrx_word' id='word_1_301' title='bbox 1780 4036 1883 4096; x_wconf 84' lang='lat' dir='ltr'><strong>est,</strong></span> <span class='ocrx_word' id='word_1_302' title='bbox 1909 4030 2130 4087; x_wconf 84' lang='lat' dir='ltr'><strong>omnino</strong></span> 
     </span>
    </p>
   </div>
   <div class='ocr_carea' id='block_1_42' title="bbox 554 4110 1015 4181">
    <p class='ocr_par' dir='ltr' id='par_1_42' title="bbox 554 4110 1015 4181">
     <span class='ocr_line' id='line_1_42' title="bbox 554 4110 1015 4181; baseline 0.015 -20"><span class='ocrx_word' id='word_1_303' title='bbox 554 4112 621 4164; x_wconf 84' lang='lat' dir='ltr'><strong>ab</strong></span> <span class='ocrx_word' id='word_1_304' title='bbox 652 4110 753 4167; x_wconf 85' lang='lat' dir='ltr'><strong>illis</strong></span> <span class='ocrx_word' id='word_1_305' title='bbox 779 4112 1015 4181; x_wconf 65' lang='lat' dir='ltr'><strong>excidet.</strong></span> 
     </span>
    </p>
   </div>
   <div class='ocr_carea' id='block_1_43' title="bbox 622 4190 2130 4280">
    <p class='ocr_par' dir='ltr' id='par_1_43' title="bbox 622 4190 2130 4280">
     <span class='ocr_line' id='line_1_43' title="bbox 622 4190 2130 4280; baseline 0.005 -24"><span class='ocrx_word' id='word_1_306' title='bbox 622 4203 676 4256; x_wconf 72' lang='grc'><strong>4.</strong></span> <span class='ocrx_word' id='word_1_307' title='bbox 717 4201 842 4258; x_wconf 72' lang='lat' dir='ltr'><strong>llmc</strong></span> <span class='ocrx_word' id='word_1_308' title='bbox 878 4204 1056 4275; x_wconf 85' lang='lat' dir='ltr'><strong>itaque</strong></span> <span class='ocrx_word' id='word_1_309' title='bbox 1093 4204 1273 4260; x_wconf 85' lang='lat' dir='ltr'><strong>omnia</strong></span> <span class='ocrx_word' id='word_1_310' title='bbox 1298 4205 1477 4261; x_wconf 83' lang='lat' dir='ltr'><strong>animo</strong></span> <span class='ocrx_word' id='word_1_311' title='bbox 1510 4190 1785 4275; x_wconf 85' lang='lat' dir='ltr'><strong>reputans,</strong></span> <span class='ocrx_word' id='word_1_312' title='bbox 1816 4208 2009 4264; x_wconf 88' lang='lat' dir='ltr'><strong>malam</strong></span> <span class='ocrx_word' id='word_1_313' title='bbox 2039 4226 2130 4280; x_wconf 81' lang='lat' dir='ltr'><strong>pe-</strong></span> 
     </span>
    </p>
   </div>
   <div class='ocr_carea' id='block_1_44' title="bbox 548 4292 2131 4371">
    <p class='ocr_par' dir='ltr' id='par_1_44' title="bbox 548 4292 2131 4371">
     <span class='ocr_line' id='line_1_44' title="bbox 548 4292 2131 4371; baseline 0.007 -25"><span class='ocrx_word' id='word_1_314' title='bbox 548 4292 823 4349; x_wconf 86' lang='lat' dir='ltr'><strong>cuniarum</strong></span> <span class='ocrx_word' id='word_1_315' title='bbox 836 4294 1318 4361; x_wconf 85' lang='lat' dir='ltr'><strong>concupiscentiam</strong></span> <span class='ocrx_word' id='word_1_316' title='bbox 1338 4296 1406 4351; x_wconf 89' lang='lat' dir='ltr'><strong>ab</strong></span> <span class='ocrx_word' id='word_1_317' title='bbox 1428 4296 1607 4351; x_wconf 87' lang='lat' dir='ltr'><strong>animo</strong></span> <span class='ocrx_word' id='word_1_318' title='bbox 1628 4308 1718 4352; x_wconf 88' lang='lat' dir='ltr'><strong>tuo</strong></span> <span class='ocrx_word' id='word_1_319' title='bbox 1736 4298 1927 4367; x_wconf 81' lang='lat' dir='ltr'><strong>abjice.</strong></span> <span class='ocrx_word' id='word_1_320' title='bbox 1949 4298 2131 4371; x_wconf 86' lang='lat' dir='ltr'><strong>Neque</strong></span> 
     </span>
    </p>
   </div>
   <div class='ocr_carea' id='block_1_45' title="bbox 549 4383 2126 4462">
    <p class='ocr_par' dir='ltr' id='par_1_45' title="bbox 549 4383 2126 4462">
     <span class='ocr_line' id='line_1_45' title="bbox 549 4383 2126 4462; baseline 0.006 -25"><span class='ocrx_word' id='word_1_321' title='bbox 549 4383 691 4437; x_wconf 83' lang='lat' dir='ltr'><strong>enim</strong></span> <span class='ocrx_word' id='word_1_322' title='bbox 720 4383 898 4445; x_wconf 85' lang='lat' dir='ltr'><strong>dicere</strong></span> <span class='ocrx_word' id='word_1_323' title='bbox 922 4383 1116 4453; x_wconf 79' lang='lat' dir='ltr'><strong>possis,</strong></span> <span class='ocrx_word' id='word_1_324' title='bbox 1146 4384 1290 4440; x_wconf 86' lang='lat' dir='ltr'><strong>illam</strong></span> <span class='ocrx_word' id='word_1_325' title='bbox 1322 4386 1469 4440; x_wconf 85' lang='lat' dir='ltr'><strong>bona</strong></span> <span class='ocrx_word' id='word_1_326' title='bbox 1486 4389 1766 4457; x_wconf 73' lang='lat' dir='ltr'><strong>prtescatia</strong></span> <span class='ocrx_word' id='word_1_327' title='bbox 1793 4388 1944 4456; x_wconf 86' lang='lat' dir='ltr'><strong>dare,</strong></span> <span class='ocrx_word' id='word_1_328' title='bbox 1964 4405 2126 4462; x_wconf 79' lang='lat' dir='ltr'><strong>atque</strong></span> 
     </span>
    </p>
   </div>
   <div class='ocr_carea' id='block_1_46' title="bbox 552 4469 2129 4544">
    <p class='ocr_par' dir='ltr' id='par_1_46' title="bbox 552 4469 2129 4544">
     <span class='ocr_line' id='line_1_46' title="bbox 552 4469 2129 4544; baseline 0.008 -18"><span class='ocrx_word' id='word_1_329' title='bbox 552 4489 581 4525; x_wconf 91' lang='lat' dir='ltr'><strong>a</strong></span> <span class='ocrx_word' id='word_1_330' title='bbox 610 4472 796 4527; x_wconf 90' lang='lat' dir='ltr'><strong>futuris</strong></span> <span class='ocrx_word' id='word_1_331' title='bbox 837 4474 1109 4543; x_wconf 83' lang='lat' dir='ltr'><strong>spoliare:</strong></span> <span class='ocrx_word' id='word_1_332' title='bbox 1144 4491 1264 4533; x_wconf 84' lang='lat' dir='ltr'><strong>nam</strong></span> <span class='ocrx_word' id='word_1_333' title='bbox 1313 4478 1521 4533; x_wconf 83' lang='lat' dir='ltr'><strong>etiamsi</strong></span> <span class='ocrx_word' id='word_1_334' title='bbox 1558 4476 1666 4534; x_wconf 84' lang='lat' dir='ltr'><strong>hoe</strong></span> <span class='ocrx_word' id='word_1_335' title='bbox 1698 4469 1867 4544; x_wconf 25' lang='lat' dir='ltr'><strong>essent</strong></span> <span class='ocrx_word' id='word_1_336' title='bbox 1891 4490 2129 4539; x_wconf 75' lang='lat' dir='ltr'><strong>extrema</strong></span> 
     </span>
    </p>
   </div>
   <div class='ocr_carea' id='block_1_47' title="bbox 552 4563 2134 4645">
    <p class='ocr_par' dir='ltr' id='par_1_47' title="bbox 552 4563 2134 4645">
     <span class='ocr_line' id='line_1_47' title="bbox 552 4563 2134 4645; baseline 0.009 -28"><span class='ocrx_word' id='word_1_337' title='bbox 552 4574 730 4645; x_wconf 62' lang='lat' dir='ltr'><strong>tziinqq</strong></span> <span class='ocrx_word' id='word_1_338' title='bbox 751 4563 862 4621; x_wconf 71' lang='lat' dir='ltr'><strong>base</strong></span> <span class='ocrx_word' id='word_1_339' title='bbox 880 4574 965 4619; x_wconf 83' lang='lat' dir='ltr'><strong>est</strong></span> <span class='ocrx_word' id='word_1_340' title='bbox 991 4580 1144 4635; x_wconf 72' lang='lat' dir='ltr'><strong>[toena</strong></span> <span class='ocrx_word' id='word_1_341' title='bbox 1166 4577 1330 4637; x_wconf 80' lang='lat' dir='ltr'><strong>atque</strong></span> <span class='ocrx_word' id='word_1_342' title='bbox 1356 4568 1695 4637; x_wconf 71' lang='lat' dir='ltr'><strong>supplicium,</strong></span> <span class='ocrx_word' id='word_1_343' title='bbox 1718 4573 1790 4626; x_wconf 69' lang='lat' dir='ltr'><strong>At</strong></span> <span class='ocrx_word' id='word_1_344' title='bbox 1812 4587 1925 4627; x_wconf 84' lang='lat' dir='ltr'><strong>non</strong></span> <span class='ocrx_word' id='word_1_345' title='bbox 1946 4575 2017 4628; x_wconf 86' lang='lat' dir='ltr'><strong>ita</strong></span> <span class='ocrx_word' id='word_1_346' title='bbox 2043 4590 2134 4633; x_wconf 83' lang='lat' dir='ltr'><strong>res</strong></span> 
     </span>
    </p>
   </div>
   <div class='ocr_carea' id='block_1_48' title="bbox 552 4658 2135 4736">
    <p class='ocr_par' dir='ltr' id='par_1_48' title="bbox 552 4658 2135 4736">
     <span class='ocr_line' id='line_1_48' title="bbox 552 4658 2135 4736; baseline 0.007 -25"><span class='ocrx_word' id='word_1_347' title='bbox 552 4672 613 4712; x_wconf 89' lang='lat' dir='ltr'><strong>se</strong></span> <span class='ocrx_word' id='word_1_348' title='bbox 642 4658 819 4721; x_wconf 86' lang='lat' dir='ltr'><strong>habet.</strong></span> <span class='ocrx_word' id='word_1_349' title='bbox 842 4659 994 4723; x_wconf 57' lang='lat' dir='ltr'><strong>,Nam</strong></span> <span class='ocrx_word' id='word_1_350' title='bbox 1035 4670 1230 4729; x_wconf 61' lang='lat' dir='ltr'><strong>preter</strong></span> <span class='ocrx_word' id='word_1_351' title='bbox 1262 4662 1607 4732; x_wconf 64' lang='lat' dir='ltr'><strong>gehennam,</strong></span> <span class='ocrx_word' id='word_1_352' title='bbox 1648 4665 1807 4719; x_wconf 79' lang='lat' dir='ltr'><strong>etiam</strong></span> <span class='ocrx_word' id='word_1_353' title='bbox 1847 4675 2135 4736; x_wconf 84' lang='lat' dir='ltr'><strong>antequam</strong></span> 
     </span>
    </p>
   </div>
   <div class='ocr_carea' id='block_1_49' title="bbox 553 4748 2131 4828">
    <p class='ocr_par' dir='ltr' id='par_1_49' title="bbox 553 4748 2131 4828">
     <span class='ocr_line' id='line_1_49' title="bbox 553 4748 2131 4828; baseline 0.008 -27"><span class='ocrx_word' id='word_1_354' title='bbox 553 4750 639 4802; x_wconf 84' lang='lat' dir='ltr'><strong>illa</strong></span> <span class='ocrx_word' id='word_1_355' title='bbox 666 4748 930 4816; x_wconf 78' lang='lat' dir='ltr'><strong>adveniat,</strong></span> <span class='ocrx_word' id='word_1_356' title='bbox 973 4749 1147 4809; x_wconf 68' lang='lat' dir='ltr'><strong>hicte</strong></span> <span class='ocrx_word' id='word_1_357' title='bbox 1183 4753 1234 4805; x_wconf 93' lang='lat' dir='ltr'><strong>in</strong></span> <span class='ocrx_word' id='word_1_358' title='bbox 1263 4754 1564 4821; x_wconf 71' lang='lat' dir='ltr'><strong>graviorem</strong></span> <span class='ocrx_word' id='word_1_359' title='bbox 1613 4755 1875 4814; x_wconf 80' lang='lat' dir='ltr'><strong>ultionem</strong></span> <span class='ocrx_word' id='word_1_360' title='bbox 1890 4759 2131 4828; x_wconf 68' lang='lat' dir='ltr'><strong>coniicit.</strong></span> 
     </span>
    </p>
   </div>
   <div class='ocr_carea' id='block_1_50' title="bbox 553 4839 2133 4917">
    <p class='ocr_par' dir='ltr' id='par_1_50' title="bbox 553 4839 2133 4917">
     <span class='ocr_line' id='line_1_50' title="bbox 553 4839 2133 4917; baseline 0.007 -22"><span class='ocrx_word' id='word_1_361' title='bbox 553 4839 765 4895; x_wconf 80' lang='lat' dir='ltr'><strong>Etenim</strong></span> <span class='ocrx_word' id='word_1_362' title='bbox 787 4841 1214 4909; x_wconf 83' lang='lat' dir='ltr'><strong>concupiscentia</strong></span> <span class='ocrx_word' id='word_1_363' title='bbox 1234 4843 1321 4909; x_wconf 81' lang='lat' dir='ltr'><strong>illa</strong></span> <span class='ocrx_word' id='word_1_364' title='bbox 1343 4843 1536 4907; x_wconf 81' lang='lat' dir='ltr'><strong>multas</strong></span> <span class='ocrx_word' id='word_1_365' title='bbox 1559 4845 1746 4917; x_wconf 84' lang='lat' dir='ltr'><strong>domos</strong></span> <span class='ocrx_word' id='word_1_366' title='bbox 1762 4849 1971 4914; x_wconf 87' lang='lat' dir='ltr'><strong>evertit,</strong></span> <span class='ocrx_word' id='word_1_367' title='bbox 1994 4850 2133 4906; x_wconf 80' lang='lat' dir='ltr'><strong>bella</strong></span> 
     </span>
    </p>
   </div>
   <div class='ocr_carea' id='block_1_51' title="bbox 550 4929 2139 5010">
    <p class='ocr_par' dir='ltr' id='par_1_51' title="bbox 550 4929 2139 5010">
     <span class='ocr_line' id='line_1_51' title="bbox 550 4929 2139 5010; baseline 0.01 -27"><span class='ocrx_word' id='word_1_368' title='bbox 550 4929 731 5000; x_wconf 76' lang='lat' dir='ltr'><strong>gravia</strong></span> <span class='ocrx_word' id='word_1_369' title='bbox 758 4931 1029 4999; x_wconf 79' lang='lat' dir='ltr'><strong>excitavit,</strong></span> <span class='ocrx_word' id='word_1_370' title='bbox 1051 4940 1109 4987; x_wconf 88' lang='lat' dir='ltr'><strong>et</strong></span> <span class='ocrx_word' id='word_1_371' title='bbox 1134 4931 1365 5005; x_wconf 80' lang='lat' dir='ltr'><strong>violenta</strong></span> <span class='ocrx_word' id='word_1_372' title='bbox 1387 4939 1556 5010; x_wconf 78' lang='lat' dir='ltr'><strong>morte</strong></span> <span class='ocrx_word' id='word_1_373' title='bbox 1582 4937 1779 4992; x_wconf 88' lang='lat' dir='ltr'><strong>multos</strong></span> <span class='ocrx_word' id='word_1_374' title='bbox 1796 4938 1957 5007; x_wconf 81' lang='lat' dir='ltr'><strong>vitam</strong></span> <span class='ocrx_word' id='word_1_375' title='bbox 1976 4939 2139 4999; x_wconf 83' lang='lat' dir='ltr'><strong>linire</strong></span> 
     </span>
    </p>
   </div>
   <div class='ocr_carea' id='block_1_52' title="bbox 553 5020 2129 5103">
    <p class='ocr_par' dir='ltr' id='par_1_52' title="bbox 553 5020 2129 5103">
     <span class='ocr_line' id='line_1_52' title="bbox 553 5020 2129 5103; baseline 0.01 -30"><span class='ocrx_word' id='word_1_376' title='bbox 553 5020 724 5090; x_wconf 72' lang='lat' dir='ltr'><strong>coegit</strong></span> <span class='ocrx_word' id='word_1_377' title='bbox 748 5035 771 5101; x_wconf 12' lang='lat'><strong>;‘</strong></span> <span class='ocrx_word' id='word_1_378' title='bbox 813 5021 921 5075; x_wconf 90' lang='lat' dir='ltr'><strong>imo</strong></span> <span class='ocrx_word' id='word_1_379' title='bbox 965 5031 1105 5081; x_wconf 46' lang='lat' dir='ltr'><strong>ante,</strong></span> <span class='ocrx_word' id='word_1_380' title='bbox 1132 5020 1249 5090; x_wconf 63' lang='lat' dir='ltr'><strong>haec</strong></span> <span class='ocrx_word' id='word_1_381' title='bbox 1287 5025 1519 5099; x_wconf 83' lang='lat' dir='ltr'><strong>pericula</strong></span> <span class='ocrx_word' id='word_1_382' title='bbox 1562 5028 1752 5084; x_wconf 75' lang='lat' dir='ltr'><strong>anima:</strong></span> <span class='ocrx_word' id='word_1_383' title='bbox 1797 5031 2129 5103; x_wconf 76' lang='lat' dir='ltr'><strong>nobilitatem</strong></span> 
     </span>
    </p>
   </div>
   <div class='ocr_carea' id='block_1_53' title="bbox 553 5098 2137 5193">
    <p class='ocr_par' dir='ltr' id='par_1_53' title="bbox 553 5098 2137 5193">
     <span class='ocr_line' id='line_1_53' title="bbox 553 5098 2137 5193; baseline 0.012 -28"><span class='ocrx_word' id='word_1_384' title='bbox 553 5098 857 5181; x_wconf 74' lang='lat' dir='ltr'><strong>labefactat.</strong></span> <span class='ocrx_word' id='word_1_385' title='bbox 887 5129 1136 5184; x_wconf 83' lang='lat' dir='ltr'><strong>cumque,</strong></span> <span class='ocrx_word' id='word_1_386' title='bbox 1167 5115 1257 5184; x_wconf 91' lang='lat' dir='ltr'><strong>qui</strong></span> <span class='ocrx_word' id='word_1_387' title='bbox 1282 5098 1585 5179; x_wconf 82' lang='lat' dir='ltr'><strong>illotnorbo</strong></span> <span class='ocrx_word' id='word_1_388' title='bbox 1615 5130 1799 5193; x_wconf 84' lang='lat' dir='ltr'><strong>captus</strong></span> <span class='ocrx_word' id='word_1_389' title='bbox 1826 5098 2137 5189; x_wconf 52' lang='grc' dir='ltr'><strong>δεδείξῑίῐηὶ-</strong></span> 
     </span>
    </p>
   </div>
   <div class='ocr_carea' id='block_1_54' title="bbox 556 5192 2130 5286">
    <p class='ocr_par' dir='ltr' id='par_1_54' title="bbox 556 5192 2130 5286">
     <span class='ocr_line' id='line_1_54' title="bbox 556 5192 2130 5286; baseline 0.011 -32"><span class='ocrx_word' id='word_1_390' title='bbox 556 5198 677 5258; x_wconf 82' lang='lat' dir='ltr'><strong>dum</strong></span> <span class='ocrx_word' id='word_1_391' title='bbox 704 5212 758 5263; x_wconf 86' lang='lat' dir='ltr'><strong>et</strong></span> <span class='ocrx_word' id='word_1_392' title='bbox 799 5192 1107 5279; x_wconf 71' lang='lat' dir='ltr'><strong>ignavttm’,</strong></span> <span class='ocrx_word' id='word_1_393' title='bbox 1146 5206 1403 5262; x_wconf 83' lang='lat' dir='ltr'><strong>audacem</strong></span> <span class='ocrx_word' id='word_1_394' title='bbox 1450 5219 1505 5262; x_wconf 92' lang='lat' dir='ltr'><strong>et</strong></span> <span class='ocrx_word' id='word_1_395' title='bbox 1545 5192 1852 5268; x_wconf 86' lang='lat' dir='ltr'><strong>mendacem</strong></span> <span class='ocrx_word' id='word_1_396' title='bbox 1882 5223 1938 5270; x_wconf 87' lang='lat' dir='ltr'><strong>et</strong></span> <span class='ocrx_word' id='word_1_397' title='bbox 1971 5230 2130 5286; x_wconf 85' lang='lat' dir='ltr'><strong>syco-</strong></span> 
     </span>
    </p>
   </div>
   <div class='ocr_carea' id='block_1_55' title="bbox 557 5294 2129 5372">
    <p class='ocr_par' dir='ltr' id='par_1_55' title="bbox 557 5294 2129 5372">
     <span class='ocr_line' id='line_1_55' title="bbox 557 5294 2129 5372; baseline 0.009 -26"><span class='ocrx_word' id='word_1_398' title='bbox 557 5294 833 5363; x_wconf 72' lang='lat' dir='ltr'><strong>phantam,</strong></span> <span class='ocrx_word' id='word_1_399' title='bbox 870 5303 925 5359; x_wconf 80' lang='lat' dir='ltr'><strong>et</strong></span> <span class='ocrx_word' id='word_1_400' title='bbox 969 5305 1330 5367; x_wconf 82' lang='lat' dir='ltr'><strong>raptoremet</strong></span> <span class='ocrx_word' id='word_1_401' title='bbox 1354 5314 1593 5363; x_wconf 83' lang='lat' dir='ltr'><strong>avarum,</strong></span> <span class='ocrx_word' id='word_1_402' title='bbox 1620 5310 1673 5355; x_wconf 87' lang='lat' dir='ltr'><strong>et</strong></span> <span class='ocrx_word' id='word_1_403' title='bbox 1701 5304 1911 5372; x_wconf 80' lang='lat' dir='ltr'><strong>quidvis</strong></span> <span class='ocrx_word' id='word_1_404' title='bbox 1949 5314 2129 5361; x_wconf 45' lang='lat' dir='ltr'><strong>extre.</strong></span> 
     </span>
    </p>
   </div>
   <div class='ocr_carea' id='block_1_56' title="bbox 557 5374 2131 5461">
    <p class='ocr_par' dir='ltr' id='par_1_56' title="bbox 557 5374 2131 5461">
     <span class='ocr_line' id='line_1_56' title="bbox 557 5374 2131 5461; baseline 0.009 -24"><span class='ocrx_word' id='word_1_405' title='bbox 557 5374 945 5455; x_wconf 11' lang='lat' dir='ltr'><strong>mumndixeris,</strong></span> <span class='ocrx_word' id='word_1_406' title='bbox 971 5400 1114 5455; x_wconf 68' lang='lat' dir='ltr'><strong>srepe</strong></span> <span class='ocrx_word' id='word_1_407' title='bbox 1139 5386 1332 5461; x_wconf 74' lang='lat' dir='ltr'><strong>ell&#39;ccit.</strong></span> <span class='ocrx_word' id='word_1_408' title='bbox 1367 5388 1472 5443; x_wconf 85' lang='lat' dir='ltr'><strong>Sed</strong></span> <span class='ocrx_word' id='word_1_409' title='bbox 1502 5388 1804 5460; x_wconf 84' lang='lat' dir='ltr'><strong>frequenter</strong></span> <span class='ocrx_word' id='word_1_410' title='bbox 1831 5404 1880 5449; x_wconf 90' lang='lat' dir='ltr'><strong>te</strong></span> <span class='ocrx_word' id='word_1_411' title='bbox 1906 5393 2131 5451; x_wconf 77' lang='lat' dir='ltr'><strong>fortasse</strong></span> 
     </span>
    </p>
   </div>
   <div class='ocr_carea' id='block_1_57' title="bbox 555 5476 2133 5559">
    <p class='ocr_par' dir='ltr' id='par_1_57' title="bbox 555 5476 2133 5559">
     <span class='ocr_line' id='line_1_57' title="bbox 555 5476 2133 5559; baseline 0.007 -27"><span class='ocrx_word' id='word_1_412' title='bbox 555 5476 823 5533; x_wconf 82' lang='lat' dir='ltr'><strong>demulcet</strong></span> <span class='ocrx_word' id='word_1_413' title='bbox 846 5476 1139 5548; x_wconf 10' lang='lat' dir='ltr'><strong>achecipit</strong></span> <span class='ocrx_word' id='word_1_414' title='bbox 1163 5481 1365 5559; x_wconf 81' lang='lat' dir='ltr'><strong>argenti</strong></span> <span class='ocrx_word' id='word_1_415' title='bbox 1410 5481 1683 5551; x_wconf 81' lang='lat' dir='ltr'><strong>splendor,</strong></span> <span class='ocrx_word' id='word_1_416' title='bbox 1712 5485 1993 5541; x_wconf 89' lang='lat' dir='ltr'><strong>multitudo</strong></span> <span class='ocrx_word' id='word_1_417' title='bbox 2021 5503 2133 5543; x_wconf 84' lang='lat' dir='ltr'><strong>ser-</strong></span> 
     </span>
    </p>
   </div>
   <div class='ocr_carea' id='block_1_58' title="bbox 556 5566 2130 5651">
    <p class='ocr_par' dir='ltr' id='par_1_58' title="bbox 556 5566 2130 5651">
     <span class='ocr_line' id='line_1_58' title="bbox 556 5566 2130 5651; baseline 0.006 -27"><span class='ocrx_word' id='word_1_418' title='bbox 556 5584 762 5634; x_wconf 82' lang='lat' dir='ltr'><strong>vorum,</strong></span> <span class='ocrx_word' id='word_1_419' title='bbox 794 5566 989 5629; x_wconf 77' lang='lat' dir='ltr'><strong>aedium</strong></span> <span class='ocrx_word' id='word_1_420' title='bbox 1027 5570 1434 5649; x_wconf 72' lang='lat' dir='ltr'><strong>titagnificcntia,</strong></span> <span class='ocrx_word' id='word_1_421' title='bbox 1483 5582 1538 5628; x_wconf 89' lang='lat' dir='ltr'><strong>et</strong></span> <span class='ocrx_word' id='word_1_422' title='bbox 1574 5572 1817 5629; x_wconf 86' lang='lat' dir='ltr'><strong>clientela</strong></span> <span class='ocrx_word' id='word_1_423' title='bbox 1849 5577 1935 5632; x_wconf 89' lang='lat' dir='ltr'><strong>illa</strong></span> <span class='ocrx_word' id='word_1_424' title='bbox 1971 5594 2130 5651; x_wconf 86' lang='lat' dir='ltr'><strong>quam</strong></span> 
     </span>
    </p>
   </div>
   <div class='ocr_carea' id='block_1_59' title="bbox 580 5698 1957 5771">
    <p class='ocr_par' dir='ltr' id='par_1_59' title="bbox 580 5698 1957 5771">
     <span class='ocr_line' id='line_1_59' title="bbox 580 5698 1957 5771; baseline 0.02 -40"><span class='ocrx_word' id='word_1_425' title='bbox 580 5698 818 5771; x_wconf 45' lang='lat' dir='ltr'><strong>inor-iit</strong></span> <span class='ocrx_word' id='word_1_426' title='bbox 857 5698 1687 5771; x_wconf 55' lang='lat' dir='ltr'><strong>sizbahetmtniunquamamorbo</strong></span> <span class='ocrx_word' id='word_1_427' title='bbox 1710 5702 1957 5758; x_wconf 67' lang='lat' dir='ltr'><strong>liberatur.</strong></span> 
     </span>
    </p>
   </div>
   <div class='ocr_carea' id='block_1_60' title="bbox 624 5762 1463 5828">
    <p class='ocr_par' dir='ltr' id='par_1_60' title="bbox 624 5762 1463 5828">
     <span class='ocr_line' id='line_1_60' title="bbox 624 5762 1463 5828; baseline 0.006 -19"><span class='ocrx_word' id='word_1_428' title='bbox 624 5763 646 5795; x_wconf 75' lang='grc'><em>³</em></span> <span class='ocrx_word' id='word_1_429' title='bbox 678 5762 898 5824; x_wconf 73' lang='lat' dir='ltr'><strong>quidam,</strong></span> <span class='ocrx_word' id='word_1_430' title='bbox 932 5776 1128 5815; x_wconf 78' lang='lat' dir='ltr'><strong>servum</strong></span> <span class='ocrx_word' id='word_1_431' title='bbox 1163 5770 1205 5815; x_wconf 82' lang='lat' dir='ltr'><strong>et</strong></span> <span class='ocrx_word' id='word_1_432' title='bbox 1230 5762 1463 5828; x_wconf 64' lang='lat' dir='ltr'><strong>ignotum.</strong></span> 
     </span>
    </p>
   </div>
   <div class='ocr_carea' id='block_1_61' title="bbox 1284 342 3067 403">
    <p class='ocr_par' dir='ltr' id='par_1_61' title="bbox 1284 342 3067 403">
     <span class='ocr_line' id='line_1_61' title="bbox 1284 342 3067 403; baseline -0.003 -1"><span class='ocrx_word' id='word_1_433' title='bbox 1284 346 1340 402; x_wconf 85' lang='lat' dir='ltr'><strong>S.</strong></span> <span class='ocrx_word' id='word_1_434' title='bbox 1374 345 1647 403; x_wconf 78' lang='lat' dir='ltr'><strong>JOANNlS</strong></span> <span class='ocrx_word' id='word_1_435' title='bbox 1672 342 2143 402; x_wconf 72' lang='lat' dir='ltr'><strong>CIIRYSOSTOMI</strong></span> <span class='ocrx_word' id='word_1_436' title='bbox 2180 342 2494 399; x_wconf 78' lang='lat' dir='ltr'><strong>ARCHIEP.</strong></span> <span class='ocrx_word' id='word_1_437' title='bbox 2537 342 3067 400; x_wconf 78' lang='lat' dir='ltr'><strong>CONSTANTINOP.</strong></span> 
     </span>
    </p>
   </div>
   <div class='ocr_carea' id='block_1_62' title="bbox 3727 349 3836 406">
    <p class='ocr_par' dir='ltr' id='par_1_62' title="bbox 3727 349 3836 406">
     <span class='ocr_line' id='line_1_62' title="bbox 3727 349 3836 406; baseline 0 0"><span class='ocrx_word' id='word_1_438' title='bbox 3727 349 3836 406; x_wconf 73' lang='lat'><strong>608</strong></span> 
     </span>
    </p>
   </div>
   <div class='ocr_carea' id='block_1_63' title="bbox 2239 456 3840 525">
    <p class='ocr_par' dir='ltr' id='par_1_63' title="bbox 2239 456 3840 525">
     <span class='ocr_line' id='line_1_63' title="bbox 2239 456 3840 525; baseline 0.002 -11"><span class='ocrx_word' id='word_1_439' title='bbox 2239 460 2295 514; x_wconf 90' lang='lat' dir='ltr'><strong>iu</strong></span> <span class='ocrx_word' id='word_1_440' title='bbox 2325 459 2439 513; x_wconf 89' lang='lat' dir='ltr'><strong>foro</strong></span> <span class='ocrx_word' id='word_1_441' title='bbox 2468 456 2671 515; x_wconf 78' lang='lat' dir='ltr'><strong>babes?</strong></span> <span class='ocrx_word' id='word_1_442' title='bbox 2697 459 2848 525; x_wconf 83' lang='lat' dir='ltr'><strong>Quod</strong></span> <span class='ocrx_word' id='word_1_443' title='bbox 2876 458 3170 513; x_wconf 86' lang='lat' dir='ltr'><strong>remedium</strong></span> <span class='ocrx_word' id='word_1_444' title='bbox 3195 456 3400 513; x_wconf 88' lang='lat' dir='ltr'><strong>vulneri</strong></span> <span class='ocrx_word' id='word_1_445' title='bbox 3431 468 3583 514; x_wconf 86' lang='lat' dir='ltr'><strong>tanto</strong></span> <span class='ocrx_word' id='word_1_446' title='bbox 3601 462 3627 515; x_wconf 70' lang='lat'><strong>2</strong></span> <span class='ocrx_word' id='word_1_447' title='bbox 3646 461 3707 516; x_wconf 90' lang='lat' dir='ltr'><strong>Si</strong></span> <span class='ocrx_word' id='word_1_448' title='bbox 3736 479 3840 517; x_wconf 83' lang='lat' dir='ltr'><strong>en-</strong></span> 
     </span>
    </p>
   </div>
   <div class='ocr_carea' id='block_1_64' title="bbox 2230 550 3838 623">
    <p class='ocr_par' dir='ltr' id='par_1_64' title="bbox 2230 550 3838 623">
     <span class='ocr_line' id='line_1_64' title="bbox 2230 550 3838 623; baseline 0.002 -17"><span class='ocrx_word' id='word_1_449' title='bbox 2230 554 2479 621; x_wconf 77' lang='lat' dir='ltr'><strong>gitaveris</strong></span> <span class='ocrx_word' id='word_1_450' title='bbox 2520 552 2789 622; x_wconf 90' lang='lat' dir='ltr'><strong>quomodo</strong></span> <span class='ocrx_word' id='word_1_451' title='bbox 2819 552 2900 605; x_wconf 89' lang='lat' dir='ltr'><strong>his</strong></span> <span class='ocrx_word' id='word_1_452' title='bbox 2937 550 3202 607; x_wconf 86' lang='lat' dir='ltr'><strong>afficiatur</strong></span> <span class='ocrx_word' id='word_1_453' title='bbox 3228 552 3438 605; x_wconf 87' lang='lat' dir='ltr'><strong>anima:</strong></span> <span class='ocrx_word' id='word_1_454' title='bbox 3480 566 3647 623; x_wconf 86' lang='lat' dir='ltr'><strong>quam</strong></span> <span class='ocrx_word' id='word_1_455' title='bbox 3675 564 3838 609; x_wconf 87' lang='lat' dir='ltr'><strong>tene-</strong></span> 
     </span>
    </p>
   </div>
   <div class='ocr_carea' id='block_1_65' title="bbox 2232 643 3839 711">
    <p class='ocr_par' dir='ltr' id='par_1_65' title="bbox 2232 643 3839 711">
     <span class='ocr_line' id='line_1_65' title="bbox 2232 643 3839 711; baseline 0.002 -14"><span class='ocrx_word' id='word_1_456' title='bbox 2232 644 2471 708; x_wconf 85' lang='lat' dir='ltr'><strong>brosam,</strong></span> <span class='ocrx_word' id='word_1_457' title='bbox 2486 643 2989 711; x_wconf 88' lang='lat' dir='ltr'><strong>descrtam,tnrpem</strong></span> <span class='ocrx_word' id='word_1_458' title='bbox 3010 658 3072 697; x_wconf 90' lang='lat' dir='ltr'><strong>ac</strong></span> <span class='ocrx_word' id='word_1_459' title='bbox 3091 644 3383 699; x_wconf 82' lang='lat' dir='ltr'><strong>deformem</strong></span> <span class='ocrx_word' id='word_1_460' title='bbox 3404 644 3545 697; x_wconf 87' lang='lat' dir='ltr'><strong>illam</strong></span> <span class='ocrx_word' id='word_1_461' title='bbox 3572 646 3839 701; x_wconf 83' lang='lat' dir='ltr'><strong>reddant:</strong></span> 
     </span>
    </p>
   </div>
   <div class='ocr_carea' id='block_1_66' title="bbox 2232 734 3839 805">
    <p class='ocr_par' dir='ltr' id='par_1_66' title="bbox 2232 734 3839 805">
     <span class='ocr_line' id='line_1_66' title="bbox 2232 734 3839 805; baseline 0 -17"><span class='ocrx_word' id='word_1_462' title='bbox 2232 734 2277 788; x_wconf 82' lang='lat' dir='ltr'><strong>si</strong></span> <span class='ocrx_word' id='word_1_463' title='bbox 2308 744 2482 789; x_wconf 89' lang='lat' dir='ltr'><strong>tecum</strong></span> <span class='ocrx_word' id='word_1_464' title='bbox 2513 744 2728 805; x_wconf 87' lang='lat' dir='ltr'><strong>reputes</strong></span> <span class='ocrx_word' id='word_1_465' title='bbox 2763 745 2959 801; x_wconf 83' lang='lat' dir='ltr'><strong>quanta</strong></span> <span class='ocrx_word' id='word_1_466' title='bbox 2988 735 3122 788; x_wconf 88' lang='lat' dir='ltr'><strong>mala</strong></span> <span class='ocrx_word' id='word_1_467' title='bbox 3155 735 3291 789; x_wconf 89' lang='lat' dir='ltr'><strong>hanc</strong></span> <span class='ocrx_word' id='word_1_468' title='bbox 3329 737 3839 805; x_wconf 85' lang='lat' dir='ltr'><strong>concupiscentiam</strong></span> 
     </span>
    </p>
   </div>
   <div class='ocr_carea' id='block_1_67' title="bbox 2230 826 3842 897">
    <p class='ocr_par' dir='ltr' id='par_1_67' title="bbox 2230 826 3842 897">
     <span class='ocr_line' id='line_1_67' title="bbox 2230 826 3842 897; baseline 0.002 -17"><span class='ocrx_word' id='word_1_469' title='bbox 2230 828 2550 881; x_wconf 84' lang='lat' dir='ltr'><strong>comitentur</strong></span> <span class='ocrx_word' id='word_1_470' title='bbox 2580 868 2597 893; x_wconf 93' lang='lat'><strong>,</strong></span> <span class='ocrx_word' id='word_1_471' title='bbox 2668 841 2787 882; x_wconf 88' lang='lat' dir='ltr'><strong>cum</strong></span> <span class='ocrx_word' id='word_1_472' title='bbox 2849 828 3062 897; x_wconf 90' lang='lat' dir='ltr'><strong>quantis</strong></span> <span class='ocrx_word' id='word_1_473' title='bbox 3129 826 3398 881; x_wconf 83' lang='lat' dir='ltr'><strong>laboribus</strong></span> <span class='ocrx_word' id='word_1_474' title='bbox 3459 838 3514 881; x_wconf 86' lang='lat' dir='ltr'><strong>et</strong></span> <span class='ocrx_word' id='word_1_475' title='bbox 3570 830 3842 897; x_wconf 77' lang='lat' dir='ltr'><strong>periculis</strong></span> 
     </span>
    </p>
   </div>
   <div class='ocr_carea' id='block_1_68' title="bbox 2232 917 3837 988">
    <p class='ocr_par' dir='ltr' id='par_1_68' title="bbox 2232 917 3837 988">
     <span class='ocr_line' id='line_1_68' title="bbox 2232 917 3837 988; baseline 0.002 -18"><span class='ocrx_word' id='word_1_476' title='bbox 2232 917 2469 987; x_wconf 67' lang='lat' dir='ltr'><strong>pecunia:</strong></span> <span class='ocrx_word' id='word_1_477' title='bbox 2498 927 2809 983; x_wconf 83' lang='lat' dir='ltr'><strong>serventur;</strong></span> <span class='ocrx_word' id='word_1_478' title='bbox 2856 917 2966 972; x_wconf 90' lang='lat' dir='ltr'><strong>imo</strong></span> <span class='ocrx_word' id='word_1_479' title='bbox 3021 934 3308 988; x_wconf 89' lang='lat' dir='ltr'><strong>numquam</strong></span> <span class='ocrx_word' id='word_1_480' title='bbox 3364 934 3532 988; x_wconf 89' lang='lat' dir='ltr'><strong>usque</strong></span> <span class='ocrx_word' id='word_1_481' title='bbox 3557 921 3631 974; x_wconf 83' lang='lat' dir='ltr'><strong>ad</strong></span> <span class='ocrx_word' id='word_1_482' title='bbox 3665 920 3837 974; x_wconf 81' lang='lat' dir='ltr'><strong>linem</strong></span> 
     </span>
    </p>
   </div>
   <div class='ocr_carea' id='block_1_69' title="bbox 2230 1011 3841 1082">
    <p class='ocr_par' dir='ltr' id='par_1_69' title="bbox 2230 1011 3841 1082">
     <span class='ocr_line' id='line_1_69' title="bbox 2230 1011 3841 1082; baseline 0 -17"><span class='ocrx_word' id='word_1_483' title='bbox 2230 1019 2544 1077; x_wconf 80' lang='lat' dir='ltr'><strong>servantur;</strong></span> <span class='ocrx_word' id='word_1_484' title='bbox 2574 1011 2665 1065; x_wconf 82' lang='lat' dir='ltr'><strong>sed</strong></span> <span class='ocrx_word' id='word_1_485' title='bbox 2700 1025 2822 1065; x_wconf 88' lang='lat' dir='ltr'><strong>cum</strong></span> <span class='ocrx_word' id='word_1_486' title='bbox 2865 1012 3100 1065; x_wconf 91' lang='lat' dir='ltr'><strong>omnium</strong></span> <span class='ocrx_word' id='word_1_487' title='bbox 3128 1021 3351 1066; x_wconf 85' lang='lat' dir='ltr'><strong>conatus</strong></span> <span class='ocrx_word' id='word_1_488' title='bbox 3374 1011 3652 1082; x_wconf 71' lang='lat' dir='ltr'><strong>effugeris,</strong></span> <span class='ocrx_word' id='word_1_489' title='bbox 3680 1028 3841 1067; x_wconf 82' lang='lat' dir='ltr'><strong>mors</strong></span> 
     </span>
    </p>
   </div>
   <div class='ocr_carea' id='block_1_70' title="bbox 2230 1101 3839 1160">
    <p class='ocr_par' dir='ltr' id='par_1_70' title="bbox 2230 1101 3839 1160">
     <span class='ocr_line' id='line_1_70' title="bbox 2230 1101 3839 1160; baseline 0.003 -5"><span class='ocrx_word' id='word_1_490' title='bbox 2230 1101 2520 1157; x_wconf 90' lang='lat' dir='ltr'><strong>adveniens</strong></span> <span class='ocrx_word' id='word_1_491' title='bbox 2565 1104 2615 1157; x_wconf 94' lang='lat' dir='ltr'><strong>in</strong></span> <span class='ocrx_word' id='word_1_492' title='bbox 2659 1118 2848 1157; x_wconf 88' lang='lat' dir='ltr'><strong>manus</strong></span> <span class='ocrx_word' id='word_1_493' title='bbox 2892 1104 3225 1159; x_wconf 88' lang='lat' dir='ltr'><strong>inimicorum</strong></span> <span class='ocrx_word' id='word_1_494' title='bbox 3274 1114 3480 1158; x_wconf 86' lang='lat' dir='ltr'><strong>tuorum</strong></span> <span class='ocrx_word' id='word_1_495' title='bbox 3537 1104 3660 1159; x_wconf 54' lang='lat' dir='ltr'><strong>haec</strong></span> <span class='ocrx_word' id='word_1_496' title='bbox 3717 1114 3839 1160; x_wconf 83' lang='lat' dir='ltr'><strong>tra-</strong></span> 
     </span>
    </p>
   </div>
   <div class='ocr_carea' id='block_1_71' title="bbox 2230 1191 3839 1263">
    <p class='ocr_par' dir='ltr' id='par_1_71' title="bbox 2230 1191 3839 1263">
     <span class='ocr_line' id='line_1_71' title="bbox 2230 1191 3839 1263; baseline 0.002 -16"><span class='ocrx_word' id='word_1_497' title='bbox 2230 1191 2399 1257; x_wconf 78' lang='lat' dir='ltr'><strong>duxit,</strong></span> <span class='ocrx_word' id='word_1_498' title='bbox 2456 1202 2508 1249; x_wconf 88' lang='lat' dir='ltr'><strong>te</strong></span> <span class='ocrx_word' id='word_1_499' title='bbox 2556 1208 2683 1249; x_wconf 84' lang='lat' dir='ltr'><strong>vero</strong></span> <span class='ocrx_word' id='word_1_500' title='bbox 2724 1193 2791 1248; x_wconf 88' lang='lat' dir='ltr'><strong>ab</strong></span> <span class='ocrx_word' id='word_1_501' title='bbox 2818 1194 2901 1248; x_wconf 88' lang='lat' dir='ltr'><strong>bis</strong></span> <span class='ocrx_word' id='word_1_502' title='bbox 2931 1195 3197 1249; x_wconf 86' lang='lat' dir='ltr'><strong>desertum</strong></span> <span class='ocrx_word' id='word_1_503' title='bbox 3220 1193 3433 1263; x_wconf 86' lang='lat' dir='ltr'><strong>abripit,</strong></span> <span class='ocrx_word' id='word_1_504' title='bbox 3467 1196 3604 1250; x_wconf 83' lang='lat' dir='ltr'><strong>nihil</strong></span> <span class='ocrx_word' id='word_1_505' title='bbox 3624 1196 3839 1250; x_wconf 80' lang='lat' dir='ltr'><strong>borum</strong></span> 
     </span>
    </p>
   </div>
   <div class='ocr_carea' id='block_1_72' title="bbox 2230 1282 3839 1357">
    <p class='ocr_par' dir='ltr' id='par_1_72' title="bbox 2230 1282 3839 1357">
     <span class='ocr_line' id='line_1_72' title="bbox 2230 1282 3839 1357; baseline 0.002 -18"><span class='ocrx_word' id='word_1_506' title='bbox 2230 1282 2579 1349; x_wconf 82' lang='lat' dir='ltr'><strong>auferentem,</strong></span> <span class='ocrx_word' id='word_1_507' title='bbox 2622 1286 2721 1340; x_wconf 90' lang='lat' dir='ltr'><strong>nisi</strong></span> <span class='ocrx_word' id='word_1_508' title='bbox 2759 1286 2976 1340; x_wconf 83' lang='lat' dir='ltr'><strong>vulnera</strong></span> <span class='ocrx_word' id='word_1_509' title='bbox 3010 1286 3295 1355; x_wconf 83' lang='lat' dir='ltr'><strong>ulceraque</strong></span> <span class='ocrx_word' id='word_1_510' title='bbox 3326 1295 3557 1351; x_wconf 84' lang='lat' dir='ltr'><strong>tantum,</strong></span> <span class='ocrx_word' id='word_1_511' title='bbox 3582 1303 3710 1357; x_wconf 72' lang='lat' dir='ltr'><strong>quae</strong></span> <span class='ocrx_word' id='word_1_512' title='bbox 3742 1304 3839 1343; x_wconf 83' lang='lat' dir='ltr'><strong>sc-</strong></span> 
     </span>
    </p>
   </div>
   <div class='ocr_carea' id='block_1_73' title="bbox 2232 1373 3841 1448">
    <p class='ocr_par' dir='ltr' id='par_1_73' title="bbox 2232 1373 3841 1448">
     <span class='ocr_line' id='line_1_73' title="bbox 2232 1373 3841 1448; baseline 0.002 -20"><span class='ocrx_word' id='word_1_513' title='bbox 2232 1389 2351 1428; x_wconf 89' lang='lat' dir='ltr'><strong>cum</strong></span> <span class='ocrx_word' id='word_1_514' title='bbox 2402 1373 2637 1429; x_wconf 81' lang='lat' dir='ltr'><strong>referens</strong></span> <span class='ocrx_word' id='word_1_515' title='bbox 2685 1377 2860 1429; x_wconf 87' lang='lat' dir='ltr'><strong>anima</strong></span> <span class='ocrx_word' id='word_1_516' title='bbox 2906 1376 3270 1446; x_wconf 71' lang='lat' dir='ltr'><strong>ltinemigrat.</strong></span> <span class='ocrx_word' id='word_1_517' title='bbox 3299 1376 3430 1431; x_wconf 88' lang='lat' dir='ltr'><strong>Cum</strong></span> <span class='ocrx_word' id='word_1_518' title='bbox 3458 1393 3591 1448; x_wconf 74' lang='lat' dir='ltr'><strong>ergo</strong></span> <span class='ocrx_word' id='word_1_519' title='bbox 3625 1378 3841 1434; x_wconf 77' lang='lat' dir='ltr'><strong>videris</strong></span> 
     </span>
    </p>
   </div>
   <div class='ocr_carea' id='block_1_74' title="bbox 2232 1461 3836 1538">
    <p class='ocr_par' dir='ltr' id='par_1_74' title="bbox 2232 1461 3836 1538">
     <span class='ocr_line' id='line_1_74' title="bbox 2232 1461 3836 1538; baseline 0.004 -22"><span class='ocrx_word' id='word_1_520' title='bbox 2232 1465 2531 1533; x_wconf 83' lang='lat' dir='ltr'><strong>quempiam</strong></span> <span class='ocrx_word' id='word_1_521' title='bbox 2600 1464 2893 1535; x_wconf 82' lang='lat' dir='ltr'><strong>magnificis</strong></span> <span class='ocrx_word' id='word_1_522' title='bbox 2953 1467 3189 1521; x_wconf 83' lang='lat' dir='ltr'><strong>vestibus</strong></span> <span class='ocrx_word' id='word_1_523' title='bbox 3241 1468 3481 1523; x_wconf 76' lang='lat' dir='ltr'><strong>exterius</strong></span> <span class='ocrx_word' id='word_1_524' title='bbox 3528 1461 3836 1538; x_wconf 68' lang='lat' dir='ltr'><strong>fulgentem</strong></span> 
     </span>
    </p>
   </div>
   <div class='ocr_carea' id='block_1_75' title="bbox 2233 1554 3837 1627">
    <p class='ocr_par' dir='ltr' id='par_1_75' title="bbox 2233 1554 3837 1627">
     <span class='ocr_line' id='line_1_75' title="bbox 2233 1554 3837 1627; baseline 0.002 -20"><span class='ocrx_word' id='word_1_525' title='bbox 2233 1555 2506 1623; x_wconf 86' lang='lat' dir='ltr'><strong>multoque</strong></span> <span class='ocrx_word' id='word_1_526' title='bbox 2521 1554 2772 1623; x_wconf 87' lang='lat' dir='ltr'><strong>stipatum</strong></span> <span class='ocrx_word' id='word_1_527' title='bbox 2793 1556 3059 1617; x_wconf 73' lang='lat' dir='ltr'><strong>satellitio,</strong></span> <span class='ocrx_word' id='word_1_528' title='bbox 3079 1555 3591 1625; x_wconf 81' lang='lat' dir='ltr'><strong>ejusconscientiam</strong></span> <span class='ocrx_word' id='word_1_529' title='bbox 3613 1562 3837 1627; x_wconf 79' lang='lat' dir='ltr'><strong>evolve,</strong></span> 
     </span>
    </p>
   </div>
   <div class='ocr_carea' id='block_1_76' title="bbox 2234 1646 3840 1721">
    <p class='ocr_par' dir='ltr' id='par_1_76' title="bbox 2234 1646 3840 1721">
     <span class='ocr_line' id='line_1_76' title="bbox 2234 1646 3840 1721; baseline 0.004 -20"><span class='ocrx_word' id='word_1_530' title='bbox 2234 1646 2529 1715; x_wconf 86' lang='lat' dir='ltr'><strong>multasque</strong></span> <span class='ocrx_word' id='word_1_531' title='bbox 2574 1647 2715 1703; x_wconf 89' lang='lat' dir='ltr'><strong>intus</strong></span> <span class='ocrx_word' id='word_1_532' title='bbox 2757 1648 2962 1703; x_wconf 76' lang='lat' dir='ltr'><strong>videbis</strong></span> <span class='ocrx_word' id='word_1_533' title='bbox 3001 1664 3245 1714; x_wconf 84' lang='lat' dir='ltr'><strong>araneas,</strong></span> <span class='ocrx_word' id='word_1_534' title='bbox 3272 1654 3623 1721; x_wconf 78' lang='lat' dir='ltr'><strong>cineremque</strong></span> <span class='ocrx_word' id='word_1_535' title='bbox 3668 1652 3840 1720; x_wconf 81' lang='lat' dir='ltr'><strong>pluri—</strong></span> 
     </span>
    </p>
   </div>
   <div class='ocr_carea' id='block_1_77' title="bbox 2233 1736 3839 1811">
    <p class='ocr_par' dir='ltr' id='par_1_77' title="bbox 2233 1736 3839 1811">
     <span class='ocr_line' id='line_1_77' title="bbox 2233 1736 3839 1811; baseline 0.005 -21"><span class='ocrx_word' id='word_1_536' title='bbox 2233 1753 2399 1792; x_wconf 88' lang='lat' dir='ltr'><strong>mum.</strong></span> <span class='ocrx_word' id='word_1_537' title='bbox 2426 1736 2608 1809; x_wconf 71' lang='lat' dir='ltr'><strong>Cogita</strong></span> <span class='ocrx_word' id='word_1_538' title='bbox 2640 1738 2858 1797; x_wconf 83' lang='lat' dir='ltr'><strong>Paulum</strong></span> <span class='ocrx_word' id='word_1_539' title='bbox 2882 1749 2937 1794; x_wconf 88' lang='lat' dir='ltr'><strong>et</strong></span> <span class='ocrx_word' id='word_1_540' title='bbox 2966 1738 3181 1794; x_wconf 84' lang='lat' dir='ltr'><strong>Petrum</strong></span> <span class='ocrx_word' id='word_1_541' title='bbox 3212 1758 3226 1794; x_wconf 87' lang='lat'><strong>:</strong></span> <span class='ocrx_word' id='word_1_542' title='bbox 3260 1741 3432 1811; x_wconf 73' lang='lat' dir='ltr'><strong>cogita</strong></span> <span class='ocrx_word' id='word_1_543' title='bbox 3475 1741 3747 1803; x_wconf 73' lang='lat' dir='ltr'><strong>.ltmnnem</strong></span> <span class='ocrx_word' id='word_1_544' title='bbox 3780 1752 3839 1798; x_wconf 73' lang='lat' dir='ltr'><strong>et</strong></span> 
     </span>
    </p>
   </div>
   <div class='ocr_carea' id='block_1_78' title="bbox 2232 1825 3836 1901">
    <p class='ocr_par' dir='ltr' id='par_1_78' title="bbox 2232 1825 3836 1901">
     <span class='ocr_line' id='line_1_78' title="bbox 2232 1825 3836 1901; baseline 0.004 -20"><span class='ocrx_word' id='word_1_545' title='bbox 2232 1825 2440 1892; x_wconf 86' lang='lat' dir='ltr'><strong>Eliam;</strong></span> <span class='ocrx_word' id='word_1_546' title='bbox 2472 1830 2578 1881; x_wconf 82' lang='lat' dir='ltr'><strong>into</strong></span> <span class='ocrx_word' id='word_1_547' title='bbox 2608 1828 2781 1897; x_wconf 87' lang='lat' dir='ltr'><strong>potius</strong></span> <span class='ocrx_word' id='word_1_548' title='bbox 2810 1829 2979 1898; x_wconf 87' lang='lat' dir='ltr'><strong>ipsum</strong></span> <span class='ocrx_word' id='word_1_549' title='bbox 3009 1830 3107 1884; x_wconf 84' lang='lat' dir='ltr'><strong>Dei</strong></span> <span class='ocrx_word' id='word_1_550' title='bbox 3136 1830 3353 1895; x_wconf 87' lang='lat' dir='ltr'><strong>Filium,</strong></span> <span class='ocrx_word' id='word_1_551' title='bbox 3376 1832 3467 1901; x_wconf 92' lang='lat' dir='ltr'><strong>qui</strong></span> <span class='ocrx_word' id='word_1_552' title='bbox 3497 1848 3607 1887; x_wconf 89' lang='lat' dir='ltr'><strong>non</strong></span> <span class='ocrx_word' id='word_1_553' title='bbox 3642 1833 3836 1889; x_wconf 76' lang='lat' dir='ltr'><strong>habuit</strong></span> 
     </span>
    </p>
   </div>
   <div class='ocr_carea' id='block_1_79' title="bbox 2235 1918 3834 1989">
    <p class='ocr_par' dir='ltr' id='par_1_79' title="bbox 2235 1918 3834 1989">
     <span class='ocr_line' id='line_1_79' title="bbox 2235 1918 3834 1989; baseline 0.006 -18"><span class='ocrx_word' id='word_1_554' title='bbox 2235 1918 2319 1973; x_wconf 88' lang='lat' dir='ltr'><strong>ubi</strong></span> <span class='ocrx_word' id='word_1_555' title='bbox 2340 1929 2498 1987; x_wconf 85' lang='lat' dir='ltr'><strong>caput</strong></span> <span class='ocrx_word' id='word_1_556' title='bbox 2520 1934 2673 1974; x_wconf 89' lang='lat' dir='ltr'><strong>suum</strong></span> <span class='ocrx_word' id='word_1_557' title='bbox 2704 1919 3006 1977; x_wconf 87' lang='lat' dir='ltr'><strong>reclinaret.</strong></span> <span class='ocrx_word' id='word_1_558' title='bbox 3033 1920 3164 1989; x_wconf 79' lang='lat' dir='ltr'><strong>Ejus</strong></span> <span class='ocrx_word' id='word_1_559' title='bbox 3192 1923 3428 1978; x_wconf 86' lang='lat' dir='ltr'><strong>imitator</strong></span> <span class='ocrx_word' id='word_1_560' title='bbox 3445 1934 3587 1989; x_wconf 85' lang='lat' dir='ltr'><strong>esto,</strong></span> <span class='ocrx_word' id='word_1_561' title='bbox 3616 1941 3834 1981; x_wconf 84' lang='lat' dir='ltr'><strong>necnon</strong></span> 
     </span>
    </p>
   </div>
   <div class='ocr_carea' id='block_1_80' title="bbox 2231 2009 3833 2087">
    <p class='ocr_par' dir='ltr' id='par_1_80' title="bbox 2231 2009 3833 2087">
     <span class='ocr_line' id='line_1_80' title="bbox 2231 2009 3833 2087; baseline 0.004 -24"><span class='ocrx_word' id='word_1_562' title='bbox 2231 2009 2346 2075; x_wconf 85' lang='lat' dir='ltr'><strong>ejus</strong></span> <span class='ocrx_word' id='word_1_563' title='bbox 2373 2024 2670 2072; x_wconf 85' lang='lat' dir='ltr'><strong>servorum.</strong></span> <span class='ocrx_word' id='word_1_564' title='bbox 2713 2022 2765 2066; x_wconf 89' lang='lat' dir='ltr'><strong>et</strong></span> <span class='ocrx_word' id='word_1_565' title='bbox 2811 2011 3209 2067; x_wconf 68' lang='lat' dir='ltr'><strong>intestituabiles</strong></span> <span class='ocrx_word' id='word_1_566' title='bbox 3237 2012 3354 2068; x_wconf 86' lang='lat' dir='ltr'><strong>illas</strong></span> <span class='ocrx_word' id='word_1_567' title='bbox 3380 2013 3597 2070; x_wconf 74' lang='lat' dir='ltr'><strong>divitias</strong></span> <span class='ocrx_word' id='word_1_568' title='bbox 3627 2018 3833 2087; x_wconf 71' lang='lat' dir='ltr'><strong>cogita.</strong></span> 
     </span>
    </p>
   </div>
   <div class='ocr_carea' id='block_1_81' title="bbox 2230 2097 3835 2171">
    <p class='ocr_par' dir='ltr' id='par_1_81' title="bbox 2230 2097 3835 2171">
     <span class='ocr_line' id='line_1_81' title="bbox 2230 2097 3835 2171; baseline 0.007 -20"><span class='ocrx_word' id='word_1_569' title='bbox 2230 2097 2381 2164; x_wconf 83' lang='lat' dir='ltr'><strong>Quod</strong></span> <span class='ocrx_word' id='word_1_570' title='bbox 2405 2099 2450 2154; x_wconf 89' lang='lat' dir='ltr'><strong>si</strong></span> <span class='ocrx_word' id='word_1_571' title='bbox 2472 2108 2751 2170; x_wconf 85' lang='lat' dir='ltr'><strong>postquam</strong></span> <span class='ocrx_word' id='word_1_572' title='bbox 2780 2101 2899 2156; x_wconf 87' lang='lat' dir='ltr'><strong>illas</strong></span> <span class='ocrx_word' id='word_1_573' title='bbox 2924 2104 3250 2171; x_wconf 78' lang='lat' dir='ltr'><strong>respexeris,</strong></span> <span class='ocrx_word' id='word_1_574' title='bbox 3272 2117 3302 2156; x_wconf 91' lang='lat' dir='ltr'><strong>a</strong></span> <span class='ocrx_word' id='word_1_575' title='bbox 3323 2105 3685 2162; x_wconf 70' lang='lat' dir='ltr'><strong>saecularibus</strong></span> <span class='ocrx_word' id='word_1_576' title='bbox 3714 2108 3835 2163; x_wconf 79' lang='lat' dir='ltr'><strong>istis</strong></span> 
     </span>
    </p>
   </div>
   <div class='ocr_carea' id='block_1_82' title="bbox 2231 2177 3834 2269">
    <p class='ocr_par' dir='ltr' id='par_1_82' title="bbox 2231 2177 3834 2269">
     <span class='ocr_line' id='line_1_82' title="bbox 2231 2177 3834 2269; baseline 0.006 -25"><span class='ocrx_word' id='word_1_577' title='bbox 2231 2190 2428 2245; x_wconf 87' lang='lat' dir='ltr'><strong>divitiis</strong></span> <span class='ocrx_word' id='word_1_578' title='bbox 2456 2192 2845 2259; x_wconf 89' lang='lat' dir='ltr'><strong>obtenebrcris,</strong></span> <span class='ocrx_word' id='word_1_579' title='bbox 2889 2195 3040 2264; x_wconf 84' lang='lat' dir='ltr'><strong>quasi</strong></span> <span class='ocrx_word' id='word_1_580' title='bbox 3090 2177 3396 2265; x_wconf 50' lang='lat' dir='ltr'><strong>in&#39;quodam</strong></span> <span class='ocrx_word' id='word_1_581' title='bbox 3425 2195 3715 2269; x_wconf 75' lang='lat' dir='ltr'><strong>naufragio</strong></span> <span class='ocrx_word' id='word_1_582' title='bbox 3756 2200 3834 2253; x_wconf 87' lang='lat' dir='ltr'><strong>fu-</strong></span> 
     </span>
    </p>
   </div>
   <div class='ocr_carea' id='block_1_83' title="bbox 2233 2284 3835 2355">
    <p class='ocr_par' dir='ltr' id='par_1_83' title="bbox 2233 2284 3835 2355">
     <span class='ocr_line' id='line_1_83' title="bbox 2233 2284 3835 2355; baseline 0.006 -18"><span class='ocrx_word' id='word_1_583' title='bbox 2233 2293 2383 2338; x_wconf 87' lang='lat' dir='ltr'><strong>rente</strong></span> <span class='ocrx_word' id='word_1_584' title='bbox 2413 2293 2748 2353; x_wconf 84' lang='lat' dir='ltr'><strong>tempestate,</strong></span> <span class='ocrx_word' id='word_1_585' title='bbox 2788 2284 2911 2340; x_wconf 88' lang='lat' dir='ltr'><strong>audi</strong></span> <span class='ocrx_word' id='word_1_586' title='bbox 2937 2285 3254 2341; x_wconf 87' lang='lat' dir='ltr'><strong>sententiam</strong></span> <span class='ocrx_word' id='word_1_587' title='bbox 3284 2284 3481 2343; x_wconf 83' lang='lat' dir='ltr'><strong>Christi</strong></span> <span class='ocrx_word' id='word_1_588' title='bbox 3530 2287 3835 2355; x_wconf 86' lang='lat' dir='ltr'><strong>dicentem.</strong></span> 
     </span>
    </p>
   </div>
   <div class='ocr_carea' id='block_1_84' title="bbox 2234 2374 3835 2449">
    <p class='ocr_par' dir='ltr' id='par_1_84' title="bbox 2234 2374 3835 2449">
     <span class='ocr_line' id='line_1_84' title="bbox 2234 2374 3835 2449; baseline 0.006 -21"><span class='ocrx_word' id='word_1_589' title='bbox 2234 2374 2564 2442; x_wconf 85' lang='lat' dir='ltr'><strong>impossibile</strong></span> <span class='ocrx_word' id='word_1_590' title='bbox 2588 2390 2708 2431; x_wconf 84' lang='lat' dir='ltr'><strong>esse</strong></span> <span class='ocrx_word' id='word_1_591' title='bbox 2729 2376 2945 2433; x_wconf 88' lang='lat' dir='ltr'><strong>divitem</strong></span> <span class='ocrx_word' id='word_1_592' title='bbox 2974 2378 3174 2434; x_wconf 89' lang='lat' dir='ltr'><strong>intrare</strong></span> <span class='ocrx_word' id='word_1_593' title='bbox 3199 2378 3252 2433; x_wconf 89' lang='lat' dir='ltr'><strong>in</strong></span> <span class='ocrx_word' id='word_1_594' title='bbox 3282 2394 3506 2449; x_wconf 72' lang='lat' dir='ltr'><strong>regnum</strong></span> <span class='ocrx_word' id='word_1_595' title='bbox 3540 2382 3835 2437; x_wconf 60' lang='lat' dir='ltr'><strong>caelorum.</strong></span> 
     </span>
    </p>
   </div>
   <div class='ocr_carea' id='block_1_85' title="bbox 2234 2464 3832 2540">
    <p class='ocr_par' dir='ltr' id='par_1_85' title="bbox 2234 2464 3832 2540">
     <span class='ocr_line' id='line_1_85' title="bbox 2234 2464 3832 2540; baseline 0.009 -24"><span class='ocrx_word' id='word_1_596' title='bbox 2234 2464 2313 2517; x_wconf 81' lang='lat' dir='ltr'><strong>Ad</strong></span> <span class='ocrx_word' id='word_1_597' title='bbox 2342 2467 2477 2519; x_wconf 88' lang='lat' dir='ltr'><strong>hanc</strong></span> <span class='ocrx_word' id='word_1_598' title='bbox 2508 2466 2823 2520; x_wconf 85' lang='lat' dir='ltr'><strong>sententiam</strong></span> <span class='ocrx_word' id='word_1_599' title='bbox 2854 2471 3038 2523; x_wconf 88' lang='lat' dir='ltr'><strong>confer</strong></span> <span class='ocrx_word' id='word_1_600' title='bbox 3062 2476 3117 2522; x_wconf 91' lang='lat' dir='ltr'><strong>tu</strong></span> <span class='ocrx_word' id='word_1_601' title='bbox 3140 2479 3371 2536; x_wconf 84' lang='lat' dir='ltr'><strong>montes,</strong></span> <span class='ocrx_word' id='word_1_602' title='bbox 3402 2478 3628 2539; x_wconf 85' lang='lat' dir='ltr'><strong>terrain,</strong></span> <span class='ocrx_word' id='word_1_603' title='bbox 3657 2490 3832 2540; x_wconf 86' lang='lat' dir='ltr'><strong>mare;</strong></span> 
     </span>
    </p>
   </div>
   <div class='ocr_carea' id='block_1_86' title="bbox 2231 2556 3836 2633">
    <p class='ocr_par' dir='ltr' id='par_1_86' title="bbox 2231 2556 3836 2633">
     <span class='ocr_line' id='line_1_86' title="bbox 2231 2556 3836 2633; baseline 0.006 -24"><span class='ocrx_word' id='word_1_604' title='bbox 2231 2564 2285 2609; x_wconf 88' lang='lat' dir='ltr'><strong>et</strong></span> <span class='ocrx_word' id='word_1_605' title='bbox 2308 2556 2509 2621; x_wconf 90' lang='lat' dir='ltr'><strong>omnia,</strong></span> <span class='ocrx_word' id='word_1_606' title='bbox 2541 2558 2585 2609; x_wconf 88' lang='lat' dir='ltr'><strong>si</strong></span> <span class='ocrx_word' id='word_1_607' title='bbox 2608 2556 2688 2610; x_wconf 89' lang='lat' dir='ltr'><strong>vis</strong></span> <span class='ocrx_word' id='word_1_608' title='bbox 2706 2557 3029 2627; x_wconf 71' lang='lat' dir='ltr'><strong>cogitatione</strong></span> <span class='ocrx_word' id='word_1_609' title='bbox 3044 2573 3237 2613; x_wconf 86' lang='lat' dir='ltr'><strong>aurum</strong></span> <span class='ocrx_word' id='word_1_610' title='bbox 3253 2560 3434 2625; x_wconf 82' lang='lat' dir='ltr'><strong>facito,</strong></span> <span class='ocrx_word' id='word_1_611' title='bbox 3460 2559 3711 2632; x_wconf 78' lang='lat' dir='ltr'><strong>nibif&#39;que</strong></span> <span class='ocrx_word' id='word_1_612' title='bbox 3738 2579 3836 2633; x_wconf 81' lang='lat' dir='ltr'><strong>per</strong></span> 
     </span>
    </p>
   </div>
   <div class='ocr_carea' id='block_1_87' title="bbox 2234 2648 3835 2726">
    <p class='ocr_par' dir='ltr' id='par_1_87' title="bbox 2234 2648 3835 2726">
     <span class='ocr_line' id='line_1_87' title="bbox 2234 2648 3835 2726; baseline 0.006 -24"><span class='ocrx_word' id='word_1_613' title='bbox 2234 2648 2473 2704; x_wconf 86' lang='lat' dir='ltr'><strong>invenies</strong></span> <span class='ocrx_word' id='word_1_614' title='bbox 2492 2650 2809 2721; x_wconf 86' lang='lat' dir='ltr'><strong>detrimento</strong></span> <span class='ocrx_word' id='word_1_615' title='bbox 2830 2651 2920 2705; x_wconf 88' lang='lat' dir='ltr'><strong>tibi</strong></span> <span class='ocrx_word' id='word_1_616' title='bbox 2944 2651 3069 2706; x_wconf 86' lang='lat' dir='ltr'><strong>hinc</strong></span> <span class='ocrx_word' id='word_1_617' title='bbox 3094 2652 3396 2721; x_wconf 89' lang='lat' dir='ltr'><strong>importato.</strong></span> <span class='ocrx_word' id='word_1_618' title='bbox 3424 2653 3495 2708; x_wconf 84' lang='lat' dir='ltr'><strong>Et</strong></span> <span class='ocrx_word' id='word_1_619' title='bbox 3523 2663 3579 2726; x_wconf 81' lang='lat' dir='ltr'><strong>tt_t</strong></span> <span class='ocrx_word' id='word_1_620' title='bbox 3604 2655 3835 2726; x_wconf 82' lang='lat' dir='ltr'><strong>quidem</strong></span> 
     </span>
    </p>
   </div>
   <div class='ocr_carea' id='block_1_88' title="bbox 2232 2713 3834 2817">
    <p class='ocr_par' dir='ltr' id='par_1_88' title="bbox 2232 2713 3834 2817">
     <span class='ocr_line' id='line_1_88' title="bbox 2232 2713 3834 2817; baseline 0.005 -22"><span class='ocrx_word' id='word_1_621' title='bbox 2232 2748 2309 2795; x_wconf 88' lang='lat' dir='ltr'><strong>tot</strong></span> <span class='ocrx_word' id='word_1_622' title='bbox 2340 2756 2602 2796; x_wconf 87' lang='lat' dir='ltr'><strong>memoras</strong></span> <span class='ocrx_word' id='word_1_623' title='bbox 2643 2720 2798 2797; x_wconf 62' lang='lat' dir='ltr'><strong>terra:</strong></span> <span class='ocrx_word' id='word_1_624' title='bbox 2822 2742 3028 2812; x_wconf 74' lang='lat' dir='ltr'><strong>jugera,</strong></span> <span class='ocrx_word' id='word_1_625' title='bbox 3061 2743 3252 2799; x_wconf 86' lang='lat' dir='ltr'><strong>domos</strong></span> <span class='ocrx_word' id='word_1_626' title='bbox 3266 2743 3475 2809; x_wconf 89' lang='lat' dir='ltr'><strong>decem,</strong></span> <span class='ocrx_word' id='word_1_627' title='bbox 3496 2713 3582 2800; x_wconf 48' lang='lat' dir='ltr'><strong>vel</strong></span> <span class='ocrx_word' id='word_1_628' title='bbox 3614 2747 3834 2817; x_wconf 70' lang='lat' dir='ltr'><strong>viginti,</strong></span> 
     </span>
    </p>
   </div>
   <div class='ocr_carea' id='block_1_89' title="bbox 2233 2830 3837 2898">
    <p class='ocr_par' dir='ltr' id='par_1_89' title="bbox 2233 2830 3837 2898">
     <span class='ocr_line' id='line_1_89' title="bbox 2233 2830 3837 2898; baseline 0.004 -14"><span class='ocrx_word' id='word_1_629' title='bbox 2233 2830 2418 2886; x_wconf 85' lang='lat' dir='ltr'><strong>balnea</strong></span> <span class='ocrx_word' id='word_1_630' title='bbox 2444 2832 2685 2898; x_wconf 85' lang='lat' dir='ltr'><strong>totidem,</strong></span> <span class='ocrx_word' id='word_1_631' title='bbox 2709 2847 2893 2887; x_wconf 87' lang='lat' dir='ltr'><strong>servos</strong></span> <span class='ocrx_word' id='word_1_632' title='bbox 2919 2833 3083 2898; x_wconf 89' lang='lat' dir='ltr'><strong>mille,</strong></span> <span class='ocrx_word' id='word_1_633' title='bbox 3103 2845 3197 2887; x_wconf 92' lang='lat' dir='ltr'><strong>aut</strong></span> <span class='ocrx_word' id='word_1_634' title='bbox 3214 2835 3294 2889; x_wconf 88' lang='lat' dir='ltr'><strong>bis</strong></span> <span class='ocrx_word' id='word_1_635' title='bbox 3322 2834 3483 2897; x_wconf 88' lang='lat' dir='ltr'><strong>mille,</strong></span> <span class='ocrx_word' id='word_1_636' title='bbox 3520 2852 3720 2892; x_wconf 89' lang='lat' dir='ltr'><strong>currus</strong></span> <span class='ocrx_word' id='word_1_637' title='bbox 3749 2854 3837 2891; x_wconf 83' lang='lat' dir='ltr'><strong>ar-</strong></span> 
     </span>
    </p>
   </div>
   <div class='ocr_carea' id='block_1_90' title="bbox 2230 2924 3836 3001">
    <p class='ocr_par' dir='ltr' id='par_1_90' title="bbox 2230 2924 3836 3001">
     <span class='ocr_line' id='line_1_90' title="bbox 2230 2924 3836 3001; baseline 0.006 -23"><span class='ocrx_word' id='word_1_638' title='bbox 2230 2924 2436 2993; x_wconf 77' lang='lat' dir='ltr'><strong>genteis</strong></span> <span class='ocrx_word' id='word_1_639' title='bbox 2461 2924 2671 2980; x_wconf 86' lang='lat' dir='ltr'><strong>laminis</strong></span> <span class='ocrx_word' id='word_1_640' title='bbox 2691 2924 2773 2980; x_wconf 87' lang='lat' dir='ltr'><strong>vel</strong></span> <span class='ocrx_word' id='word_1_641' title='bbox 2788 2940 2921 2981; x_wconf 89' lang='lat' dir='ltr'><strong>auro</strong></span> <span class='ocrx_word' id='word_1_642' title='bbox 2938 2936 3183 2996; x_wconf 87' lang='lat' dir='ltr'><strong>opertos:</strong></span> <span class='ocrx_word' id='word_1_643' title='bbox 3201 2941 3300 2995; x_wconf 74' lang='lat' dir='ltr'><strong>ego</strong></span> <span class='ocrx_word' id='word_1_644' title='bbox 3324 2934 3501 2982; x_wconf 87' lang='lat' dir='ltr'><strong>autem</strong></span> <span class='ocrx_word' id='word_1_645' title='bbox 3519 2927 3667 2996; x_wconf 89' lang='lat' dir='ltr'><strong>dico,</strong></span> <span class='ocrx_word' id='word_1_646' title='bbox 3687 2932 3836 3001; x_wconf 86' lang='lat' dir='ltr'><strong>quod</strong></span> 
     </span>
    </p>
   </div>
   <div class='ocr_carea' id='block_1_91' title="bbox 2232 3014 3837 3091">
    <p class='ocr_par' dir='ltr' id='par_1_91' title="bbox 2232 3014 3837 3091">
     <span class='ocr_line' id='line_1_91' title="bbox 2232 3014 3837 3091; baseline 0.006 -22"><span class='ocrx_word' id='word_1_647' title='bbox 2232 3015 2275 3069; x_wconf 89' lang='lat' dir='ltr'><strong>si</strong></span> <span class='ocrx_word' id='word_1_648' title='bbox 2298 3016 2522 3086; x_wconf 86' lang='lat' dir='ltr'><strong>quisque</strong></span> <span class='ocrx_word' id='word_1_649' title='bbox 2539 3014 2685 3071; x_wconf 86' lang='lat' dir='ltr'><strong>dives</strong></span> <span class='ocrx_word' id='word_1_650' title='bbox 2702 3016 2838 3071; x_wconf 87' lang='lat' dir='ltr'><strong>inter</strong></span> <span class='ocrx_word' id='word_1_651' title='bbox 2857 3030 2971 3081; x_wconf 78' lang='lat' dir='ltr'><strong>res,</strong></span> <span class='ocrx_word' id='word_1_652' title='bbox 2991 3015 3090 3071; x_wconf 84' lang='lat' dir='ltr'><strong>hac</strong></span> <span class='ocrx_word' id='word_1_653' title='bbox 3107 3017 3289 3072; x_wconf 89' lang='lat' dir='ltr'><strong>relicta</strong></span> <span class='ocrx_word' id='word_1_654' title='bbox 3311 3028 3630 3089; x_wconf 86' lang='lat' dir='ltr'><strong>paupertate</strong></span> <span class='ocrx_word' id='word_1_655' title='bbox 3674 3022 3691 3091; x_wconf 91' lang='lat'><strong>(</strong></span> <span class='ocrx_word' id='word_1_656' title='bbox 3717 3021 3837 3078; x_wconf 75' lang='lat' dir='ltr'><strong>lucc</strong></span> 
     </span>
    </p>
   </div>
   <div class='ocr_carea' id='block_1_92' title="bbox 2232 3109 3834 3186">
    <p class='ocr_par' dir='ltr' id='par_1_92' title="bbox 2232 3109 3834 3186">
     <span class='ocr_line' id='line_1_92' title="bbox 2232 3109 3834 3186; baseline 0.007 -24"><span class='ocrx_word' id='word_1_657' title='bbox 2232 3109 2373 3163; x_wconf 86' lang='lat' dir='ltr'><strong>enim</strong></span> <span class='ocrx_word' id='word_1_658' title='bbox 2407 3121 2689 3178; x_wconf 86' lang='lat' dir='ltr'><strong>paupertas</strong></span> <span class='ocrx_word' id='word_1_659' title='bbox 2714 3109 2830 3173; x_wconf 89' lang='lat' dir='ltr'><strong>fuit,</strong></span> <span class='ocrx_word' id='word_1_660' title='bbox 2859 3120 3162 3179; x_wconf 84' lang='lat' dir='ltr'><strong>comparata</strong></span> <span class='ocrx_word' id='word_1_661' title='bbox 3184 3127 3305 3167; x_wconf 87' lang='lat' dir='ltr'><strong>cum</strong></span> <span class='ocrx_word' id='word_1_662' title='bbox 3344 3114 3410 3168; x_wconf 90' lang='lat' dir='ltr'><strong>iis</strong></span> <span class='ocrx_word' id='word_1_663' title='bbox 3432 3130 3553 3186; x_wconf 73' lang='lat' dir='ltr'><strong>quzc</strong></span> <span class='ocrx_word' id='word_1_664' title='bbox 3576 3116 3834 3174; x_wconf 84' lang='lat' dir='ltr'><strong>dicturus</strong></span> 
     </span>
    </p>
   </div>
   <div class='ocr_carea' id='block_1_93' title="bbox 2231 3200 3835 3274">
    <p class='ocr_par' dir='ltr' id='par_1_93' title="bbox 2231 3200 3835 3274">
     <span class='ocr_line' id='line_1_93' title="bbox 2231 3200 3835 3274; baseline 0.005 -20"><span class='ocrx_word' id='word_1_665' title='bbox 2231 3200 2371 3270; x_wconf 84' lang='lat' dir='ltr'><strong>sum)</strong></span> <span class='ocrx_word' id='word_1_666' title='bbox 2385 3210 2551 3255; x_wconf 84' lang='lat' dir='ltr'><strong>totum</strong></span> <span class='ocrx_word' id='word_1_667' title='bbox 2566 3202 2861 3271; x_wconf 86' lang='lat' dir='ltr'><strong>possideret</strong></span> <span class='ocrx_word' id='word_1_668' title='bbox 2876 3206 3080 3265; x_wconf 85' lang='lat' dir='ltr'><strong>orbem,</strong></span> <span class='ocrx_word' id='word_1_669' title='bbox 3102 3202 3147 3257; x_wconf 85' lang='lat' dir='ltr'><strong>si</strong></span> <span class='ocrx_word' id='word_1_670' title='bbox 3159 3203 3382 3274; x_wconf 85' lang='lat' dir='ltr'><strong>quisque</strong></span> <span class='ocrx_word' id='word_1_671' title='bbox 3398 3213 3474 3258; x_wconf 91' lang='lat' dir='ltr'><strong>tot</strong></span> <span class='ocrx_word' id='word_1_672' title='bbox 3488 3203 3712 3261; x_wconf 82' lang='lat' dir='ltr'><strong>haberet</strong></span> <span class='ocrx_word' id='word_1_673' title='bbox 3730 3207 3835 3262; x_wconf 78' lang='lat' dir='ltr'><strong>bo-</strong></span> 
     </span>
    </p>
   </div>
   <div class='ocr_carea' id='block_1_94' title="bbox 2233 3291 3833 3371">
    <p class='ocr_par' dir='ltr' id='par_1_94' title="bbox 2233 3291 3833 3371">
     <span class='ocr_line' id='line_1_94' title="bbox 2233 3291 3833 3371; baseline 0.01 -28"><span class='ocrx_word' id='word_1_674' title='bbox 2233 3291 2426 3356; x_wconf 88' lang='lat' dir='ltr'><strong>mincs,</strong></span> <span class='ocrx_word' id='word_1_675' title='bbox 2458 3301 2588 3362; x_wconf 89' lang='lat' dir='ltr'><strong>quot</strong></span> <span class='ocrx_word' id='word_1_676' title='bbox 2612 3303 2738 3347; x_wconf 85' lang='lat' dir='ltr'><strong>sunt</strong></span> <span class='ocrx_word' id='word_1_677' title='bbox 2762 3310 2855 3362; x_wconf 89' lang='lat' dir='ltr'><strong>per</strong></span> <span class='ocrx_word' id='word_1_678' title='bbox 2869 3302 3040 3348; x_wconf 79' lang='lat' dir='ltr'><strong>totam</strong></span> <span class='ocrx_word' id='word_1_679' title='bbox 3070 3304 3267 3350; x_wconf 82' lang='lat' dir='ltr'><strong>terram</strong></span> <span class='ocrx_word' id='word_1_680' title='bbox 3287 3305 3344 3350; x_wconf 87' lang='lat' dir='ltr'><strong>et</strong></span> <span class='ocrx_word' id='word_1_681' title='bbox 3364 3312 3536 3361; x_wconf 88' lang='lat' dir='ltr'><strong>mare,</strong></span> <span class='ocrx_word' id='word_1_682' title='bbox 3560 3300 3606 3353; x_wconf 88' lang='lat' dir='ltr'><strong>si</strong></span> <span class='ocrx_word' id='word_1_683' title='bbox 3631 3300 3833 3371; x_wconf 77' lang='lat' dir='ltr'><strong>singuli</strong></span> 
     </span>
    </p>
   </div>
   <div class='ocr_carea' id='block_1_95' title="bbox 2236 3384 3832 3461">
    <p class='ocr_par' dir='ltr' id='par_1_95' title="bbox 2236 3384 3832 3461">
     <span class='ocr_line' id='line_1_95' title="bbox 2236 3384 3832 3461; baseline 0.008 -24"><span class='ocrx_word' id='word_1_684' title='bbox 2236 3390 2433 3438; x_wconf 82' lang='lat' dir='ltr'><strong>terram</strong></span> <span class='ocrx_word' id='word_1_685' title='bbox 2463 3394 2517 3439; x_wconf 93' lang='lat' dir='ltr'><strong>et</strong></span> <span class='ocrx_word' id='word_1_686' title='bbox 2539 3399 2688 3441; x_wconf 88' lang='lat' dir='ltr'><strong>mare</strong></span> <span class='ocrx_word' id='word_1_687' title='bbox 2714 3384 2991 3452; x_wconf 81' lang='lat' dir='ltr'><strong>baberent,</strong></span> <span class='ocrx_word' id='word_1_688' title='bbox 3018 3397 3074 3442; x_wconf 85' lang='lat' dir='ltr'><strong>et</strong></span> <span class='ocrx_word' id='word_1_689' title='bbox 3094 3387 3289 3457; x_wconf 87' lang='lat' dir='ltr'><strong>ubique</strong></span> <span class='ocrx_word' id='word_1_690' title='bbox 3306 3389 3530 3445; x_wconf 73' lang='lat' dir='ltr'><strong>aedilicia</strong></span> <span class='ocrx_word' id='word_1_691' title='bbox 3552 3404 3621 3447; x_wconf 61' lang='lat' dir='ltr'><strong>et,</strong></span> <span class='ocrx_word' id='word_1_692' title='bbox 3639 3395 3832 3461; x_wconf 87' lang='lat' dir='ltr'><strong>urbes,</strong></span> 
     </span>
    </p>
   </div>
   <div class='ocr_carea' id='block_1_96' title="bbox 2233 3476 3833 3548">
    <p class='ocr_par' dir='ltr' id='par_1_96' title="bbox 2233 3476 3833 3548">
     <span class='ocr_line' id='line_1_96' title="bbox 2233 3476 3833 3548; baseline 0.009 -20"><span class='ocrx_word' id='word_1_693' title='bbox 2233 3484 2287 3528; x_wconf 89' lang='lat' dir='ltr'><strong>et</strong></span> <span class='ocrx_word' id='word_1_694' title='bbox 2310 3483 2518 3543; x_wconf 71' lang='lat' dir='ltr'><strong>gentes,</strong></span> <span class='ocrx_word' id='word_1_695' title='bbox 2545 3488 2705 3547; x_wconf 90' lang='lat' dir='ltr'><strong>atque</strong></span> <span class='ocrx_word' id='word_1_696' title='bbox 2733 3476 2965 3547; x_wconf 89' lang='lat' dir='ltr'><strong>undique</strong></span> <span class='ocrx_word' id='word_1_697' title='bbox 2993 3492 3089 3545; x_wconf 87' lang='lat' dir='ltr'><strong>pro</strong></span> <span class='ocrx_word' id='word_1_698' title='bbox 3111 3493 3247 3548; x_wconf 87' lang='lat' dir='ltr'><strong>aqua</strong></span> <span class='ocrx_word' id='word_1_699' title='bbox 3280 3490 3336 3535; x_wconf 93' lang='lat' dir='ltr'><strong>et</strong></span> <span class='ocrx_word' id='word_1_700' title='bbox 3359 3480 3595 3537; x_wconf 90' lang='lat' dir='ltr'><strong>fontibus</strong></span> <span class='ocrx_word' id='word_1_701' title='bbox 3635 3500 3833 3542; x_wconf 86' lang='lat' dir='ltr'><strong>aurum</strong></span> 
     </span>
    </p>
   </div>
   <div class='ocr_carea' id='block_1_97' title="bbox 2233 3566 3831 3645">
    <p class='ocr_par' dir='ltr' id='par_1_97' title="bbox 2233 3566 3831 3645">
     <span class='ocr_line' id='line_1_97' title="bbox 2233 3566 3831 3645; baseline 0.009 -25"><span class='ocrx_word' id='word_1_702' title='bbox 2233 3566 2363 3635; x_wconf 89' lang='lat' dir='ltr'><strong>ipsis</strong></span> <span class='ocrx_word' id='word_1_703' title='bbox 2393 3566 2601 3633; x_wconf 83' lang='lat' dir='ltr'><strong>ﬂueret,</strong></span> <span class='ocrx_word' id='word_1_704' title='bbox 2632 3569 2755 3624; x_wconf 89' lang='lat' dir='ltr'><strong>illos</strong></span> <span class='ocrx_word' id='word_1_705' title='bbox 2782 3570 2871 3639; x_wconf 88' lang='lat' dir='ltr'><strong>qui</strong></span> <span class='ocrx_word' id='word_1_706' title='bbox 2896 3569 2966 3624; x_wconf 86' lang='lat' dir='ltr'><strong>ita</strong></span> <span class='ocrx_word' id='word_1_707' title='bbox 3005 3570 3197 3645; x_wconf 80' lang='lat' dir='ltr'><strong>divites</strong></span> <span class='ocrx_word' id='word_1_708' title='bbox 3217 3581 3419 3637; x_wconf 85' lang='lat' dir='ltr'><strong>essent,</strong></span> <span class='ocrx_word' id='word_1_709' title='bbox 3450 3576 3695 3645; x_wconf 80' lang='lat' dir='ltr'><strong>singulos</strong></span> <span class='ocrx_word' id='word_1_710' title='bbox 3720 3595 3831 3633; x_wconf 77' lang='lat' dir='ltr'><strong>non</strong></span> 
     </span>
    </p>
   </div>
   <div class='ocr_carea' id='block_1_98' title="bbox 2231 3658 3830 3729">
    <p class='ocr_par' dir='ltr' id='par_1_98' title="bbox 2231 3658 3830 3729">
     <span class='ocr_line' id='line_1_98' title="bbox 2231 3658 3830 3729; baseline 0.009 -20"><span class='ocrx_word' id='word_1_711' title='bbox 2231 3658 2387 3728; x_wconf 84' lang='lat' dir='ltr'><strong>pretii</strong></span> <span class='ocrx_word' id='word_1_712' title='bbox 2421 3659 2579 3712; x_wconf 88' lang='lat' dir='ltr'><strong>trium</strong></span> <span class='ocrx_word' id='word_1_713' title='bbox 2610 3658 2891 3715; x_wconf 88' lang='lat' dir='ltr'><strong>obolorum</strong></span> <span class='ocrx_word' id='word_1_714' title='bbox 2918 3674 3037 3717; x_wconf 80' lang='lat' dir='ltr'><strong>esse</strong></span> <span class='ocrx_word' id='word_1_715' title='bbox 3066 3660 3343 3728; x_wconf 88' lang='lat' dir='ltr'><strong>ducerem,</strong></span> <span class='ocrx_word' id='word_1_716' title='bbox 3387 3662 3432 3717; x_wconf 91' lang='lat' dir='ltr'><strong>si</strong></span> <span class='ocrx_word' id='word_1_717' title='bbox 3466 3680 3636 3729; x_wconf 66' lang='lat' dir='ltr'><strong>regno</strong></span> <span class='ocrx_word' id='word_1_718' title='bbox 3665 3669 3830 3724; x_wconf 61' lang='lat' dir='ltr'><strong>creto-</strong></span> 
     </span>
    </p>
   </div>
   <div class='ocr_carea' id='block_1_99' title="bbox 2232 3749 3831 3814">
    <p class='ocr_par' dir='ltr' id='par_1_99' title="bbox 2232 3749 3831 3814">
     <span class='ocr_line' id='line_1_99' title="bbox 2232 3749 3831 3814; baseline 0.007 -11"><span class='ocrx_word' id='word_1_719' title='bbox 2232 3764 2349 3803; x_wconf 90' lang='lat' dir='ltr'><strong>rum</strong></span> <span class='ocrx_word' id='word_1_720' title='bbox 2379 3749 2701 3804; x_wconf 71' lang='lat' dir='ltr'><strong>exciderent.</strong></span> <span class='ocrx_word' id='word_1_721' title='bbox 2730 3749 2861 3806; x_wconf 87' lang='lat' dir='ltr'><strong>Nam</strong></span> <span class='ocrx_word' id='word_1_722' title='bbox 2885 3750 2931 3806; x_wconf 87' lang='lat' dir='ltr'><strong>si</strong></span> <span class='ocrx_word' id='word_1_723' title='bbox 2958 3767 3095 3806; x_wconf 89' lang='lat' dir='ltr'><strong>nunc</strong></span> <span class='ocrx_word' id='word_1_724' title='bbox 3126 3751 3197 3805; x_wconf 88' lang='lat' dir='ltr'><strong>ita</strong></span> <span class='ocrx_word' id='word_1_725' title='bbox 3222 3750 3484 3811; x_wconf 79' lang='lat' dir='ltr'><strong>ﬂuxarum</strong></span> <span class='ocrx_word' id='word_1_726' title='bbox 3514 3754 3831 3814; x_wconf 84' lang='lat' dir='ltr'><strong>divitiarum</strong></span> 
     </span>
    </p>
   </div>
   <div class='ocr_carea' id='block_1_100' title="bbox 2232 3841 3829 3915">
    <p class='ocr_par' dir='ltr' id='par_1_100' title="bbox 2232 3841 3829 3915">
     <span class='ocr_line' id='line_1_100' title="bbox 2232 3841 3829 3915; baseline 0.007 -20"><span class='ocrx_word' id='word_1_727' title='bbox 2232 3841 2408 3911; x_wconf 88' lang='lat' dir='ltr'><strong>cupidi</strong></span> <span class='ocrx_word' id='word_1_728' title='bbox 2432 3842 2735 3897; x_wconf 88' lang='lat' dir='ltr'><strong>cruciantur</strong></span> <span class='ocrx_word' id='word_1_729' title='bbox 2775 3845 2819 3898; x_wconf 87' lang='lat' dir='ltr'><strong>si</strong></span> <span class='ocrx_word' id='word_1_730' title='bbox 2874 3859 2981 3899; x_wconf 87' lang='lat' dir='ltr'><strong>non</strong></span> <span class='ocrx_word' id='word_1_731' title='bbox 3020 3845 3319 3915; x_wconf 71' lang='lat' dir='ltr'><strong>acquirunt,</strong></span> <span class='ocrx_word' id='word_1_732' title='bbox 3380 3847 3423 3900; x_wconf 88' lang='lat' dir='ltr'><strong>si</strong></span> <span class='ocrx_word' id='word_1_733' title='bbox 3468 3847 3829 3906; x_wconf 70' lang='lat' dir='ltr'><strong>inelﬁtbilium</strong></span> 
     </span>
    </p>
   </div>
   <div class='ocr_carea' id='block_1_101' title="bbox 2232 3932 3827 4007">
    <p class='ocr_par' dir='ltr' id='par_1_101' title="bbox 2232 3932 3827 4007">
     <span class='ocr_line' id='line_1_101' title="bbox 2232 3932 3827 4007; baseline 0.004 -18"><span class='ocrx_word' id='word_1_734' title='bbox 2232 3932 2493 3989; x_wconf 80' lang='lat' dir='ltr'><strong>bonorum</strong></span> <span class='ocrx_word' id='word_1_735' title='bbox 2523 3934 2757 4004; x_wconf 83' lang='lat' dir='ltr'><strong>aliquem</strong></span> <span class='ocrx_word' id='word_1_736' title='bbox 2784 3949 2998 3989; x_wconf 85' lang='lat' dir='ltr'><strong>sensum</strong></span> <span class='ocrx_word' id='word_1_737' title='bbox 3029 3936 3277 4001; x_wconf 78' lang='lat' dir='ltr'><strong>habeant,</strong></span> <span class='ocrx_word' id='word_1_738' title='bbox 3305 3937 3429 4007; x_wconf 91' lang='lat' dir='ltr'><strong>quid</strong></span> <span class='ocrx_word' id='word_1_739' title='bbox 3461 3938 3564 3995; x_wconf 88' lang='lat' dir='ltr'><strong>illis</strong></span> <span class='ocrx_word' id='word_1_740' title='bbox 3600 3940 3671 3993; x_wconf 88' lang='lat' dir='ltr'><strong>ad</strong></span> <span class='ocrx_word' id='word_1_741' title='bbox 3696 3955 3827 3995; x_wconf 83' lang='lat' dir='ltr'><strong>con-</strong></span> 
     </span>
    </p>
   </div>
   <div class='ocr_carea' id='block_1_102' title="bbox 2232 4027 3828 4103">
    <p class='ocr_par' dir='ltr' id='par_1_102' title="bbox 2232 4027 3828 4103">
     <span class='ocr_line' id='line_1_102' title="bbox 2232 4027 3828 4103; baseline 0.004 -22"><span class='ocrx_word' id='word_1_742' title='bbox 2232 4027 2547 4082; x_wconf 89' lang='lat' dir='ltr'><strong>solationem</strong></span> <span class='ocrx_word' id='word_1_743' title='bbox 2592 4030 2723 4082; x_wconf 83' lang='lat' dir='ltr'><strong>satis</strong></span> <span class='ocrx_word' id='word_1_744' title='bbox 2762 4029 2902 4082; x_wconf 85' lang='lat' dir='ltr'><strong>erit?</strong></span> <span class='ocrx_word' id='word_1_745' title='bbox 2928 4027 3071 4081; x_wconf 84' lang='lat' dir='ltr'><strong>Nihil</strong></span> <span class='ocrx_word' id='word_1_746' title='bbox 3099 4038 3263 4083; x_wconf 87' lang='lat' dir='ltr'><strong>certe.</strong></span> <span class='ocrx_word' id='word_1_747' title='bbox 3307 4028 3385 4085; x_wconf 89' lang='lat' dir='ltr'><strong>Ne</strong></span> <span class='ocrx_word' id='word_1_748' title='bbox 3413 4030 3541 4083; x_wconf 86' lang='lat' dir='ltr'><strong>mihi</strong></span> <span class='ocrx_word' id='word_1_749' title='bbox 3572 4046 3707 4103; x_wconf 71' lang='lat' dir='ltr'><strong>ergo</strong></span> <span class='ocrx_word' id='word_1_750' title='bbox 3737 4049 3828 4100; x_wconf 86' lang='lat' dir='ltr'><strong>pe-</strong></span> 
     </span>
    </p>
   </div>
   <div class='ocr_carea' id='block_1_103' title="bbox 2233 4119 3831 4193">
    <p class='ocr_par' dir='ltr' id='par_1_103' title="bbox 2233 4119 3831 4193">
     <span class='ocr_line' id='line_1_103' title="bbox 2233 4119 3831 4193; baseline 0.006 -20"><span class='ocrx_word' id='word_1_751' title='bbox 2233 4119 2512 4174; x_wconf 83' lang='lat' dir='ltr'><strong>cuniarum</strong></span> <span class='ocrx_word' id='word_1_752' title='bbox 2555 4121 2763 4189; x_wconf 86' lang='lat' dir='ltr'><strong>copiam</strong></span> <span class='ocrx_word' id='word_1_753' title='bbox 2815 4135 3132 4189; x_wconf 85' lang='lat' dir='ltr'><strong>recenseas;</strong></span> <span class='ocrx_word' id='word_1_754' title='bbox 3190 4120 3283 4175; x_wconf 87' lang='lat' dir='ltr'><strong>sed</strong></span> <span class='ocrx_word' id='word_1_755' title='bbox 3332 4122 3505 4193; x_wconf 75' lang='lat' dir='ltr'><strong>cogita</strong></span> <span class='ocrx_word' id='word_1_756' title='bbox 3559 4134 3831 4193; x_wconf 84' lang='lat' dir='ltr'><strong>quantum</strong></span> 
     </span>
    </p>
   </div>
   <div class='ocr_carea' id='block_1_104' title="bbox 2235 4197 3829 4286">
    <p class='ocr_par' dir='ltr' id='par_1_104' title="bbox 2235 4197 3829 4286">
     <span class='ocr_line' id='line_1_104' title="bbox 2235 4197 3829 4286; baseline 0.003 -19"><span class='ocrx_word' id='word_1_757' title='bbox 2235 4197 2484 4267; x_wconf 84' lang='lat' dir='ltr'><strong>damnum</strong></span> <span class='ocrx_word' id='word_1_758' title='bbox 2514 4212 2636 4281; x_wconf 87' lang='lat' dir='ltr'><strong>hinc</strong></span> <span class='ocrx_word' id='word_1_759' title='bbox 2667 4212 2913 4266; x_wconf 85' lang='lat' dir='ltr'><strong>hauriant</strong></span> <span class='ocrx_word' id='word_1_760' title='bbox 2937 4213 3146 4268; x_wconf 85' lang='lat' dir='ltr'><strong>illarum</strong></span> <span class='ocrx_word' id='word_1_761' title='bbox 3177 4224 3466 4280; x_wconf 85' lang='lat' dir='ltr'><strong>amatores,</strong></span> <span class='ocrx_word' id='word_1_762' title='bbox 3499 4217 3591 4284; x_wconf 86' lang='lat' dir='ltr'><strong>qui</strong></span> <span class='ocrx_word' id='word_1_763' title='bbox 3620 4231 3721 4286; x_wconf 88' lang='lat' dir='ltr'><strong>pro</strong></span> <span class='ocrx_word' id='word_1_764' title='bbox 3762 4218 3829 4272; x_wconf 84' lang='lat' dir='ltr'><strong>iis</strong></span> 
     </span>
    </p>
   </div>
   <div class='ocr_carea' id='block_1_105' title="bbox 2232 4303 3827 4378">
    <p class='ocr_par' dir='ltr' id='par_1_105' title="bbox 2232 4303 3827 4378">
     <span class='ocr_line' id='line_1_105' title="bbox 2232 4303 3827 4378; baseline 0.003 -19"><span class='ocrx_word' id='word_1_765' title='bbox 2232 4306 2393 4359; x_wconf 67' lang='lat' dir='ltr'><strong>cados</strong></span> <span class='ocrx_word' id='word_1_766' title='bbox 2412 4303 2681 4371; x_wconf 84' lang='lat' dir='ltr'><strong>amittunt,</strong></span> <span class='ocrx_word' id='word_1_767' title='bbox 2712 4304 3048 4376; x_wconf 88' lang='lat' dir='ltr'><strong>idipsumque</strong></span> <span class='ocrx_word' id='word_1_768' title='bbox 3080 4307 3371 4373; x_wconf 87' lang='lat' dir='ltr'><strong>patiuntur,</strong></span> <span class='ocrx_word' id='word_1_769' title='bbox 3402 4321 3464 4360; x_wconf 88' lang='lat' dir='ltr'><strong>ac</strong></span> <span class='ocrx_word' id='word_1_770' title='bbox 3502 4308 3548 4361; x_wconf 85' lang='lat' dir='ltr'><strong>si</strong></span> <span class='ocrx_word' id='word_1_771' title='bbox 3578 4309 3707 4378; x_wconf 86' lang='lat' dir='ltr'><strong>quis</strong></span> <span class='ocrx_word' id='word_1_772' title='bbox 3730 4308 3827 4364; x_wconf 81' lang='lat' dir='ltr'><strong>bo-</strong></span> 
     </span>
    </p>
   </div>
   <div class='ocr_carea' id='block_1_106' title="bbox 2234 4397 3828 4469">
    <p class='ocr_par' dir='ltr' id='par_1_106' title="bbox 2234 4397 3828 4469">
     <span class='ocr_line' id='line_1_106' title="bbox 2234 4397 3828 4469; baseline 0.004 -18"><span class='ocrx_word' id='word_1_773' title='bbox 2234 4411 2366 4453; x_wconf 86' lang='lat' dir='ltr'><strong>t.ore</strong></span> <span class='ocrx_word' id='word_1_774' title='bbox 2413 4398 2529 4463; x_wconf 86' lang='lat' dir='ltr'><strong>illo,</strong></span> <span class='ocrx_word' id='word_1_775' title='bbox 2581 4398 2672 4468; x_wconf 87' lang='lat' dir='ltr'><strong>qui</strong></span> <span class='ocrx_word' id='word_1_776' title='bbox 2716 4398 2768 4452; x_wconf 88' lang='lat' dir='ltr'><strong>in</strong></span> <span class='ocrx_word' id='word_1_777' title='bbox 2817 4398 2961 4469; x_wconf 73' lang='lat' dir='ltr'><strong>regia</strong></span> <span class='ocrx_word' id='word_1_778' title='bbox 3012 4397 3261 4461; x_wconf 81' lang='lat' dir='ltr'><strong>habetur.</strong></span> <span class='ocrx_word' id='word_1_779' title='bbox 3314 4400 3533 4465; x_wconf 82' lang='lat' dir='ltr'><strong>amisso,</strong></span> <span class='ocrx_word' id='word_1_780' title='bbox 3565 4406 3828 4458; x_wconf 87' lang='lat' dir='ltr'><strong>stercoris</strong></span> 
     </span>
    </p>
   </div>
   <div class='ocr_carea' id='block_1_107' title="bbox 2234 4489 3826 4564">
    <p class='ocr_par' dir='ltr' id='par_1_107' title="bbox 2234 4489 3826 4564">
     <span class='ocr_line' id='line_1_107' title="bbox 2234 4489 3826 4564; baseline 0.004 -21"><span class='ocrx_word' id='word_1_781' title='bbox 2234 4503 2485 4561; x_wconf 80' lang='lat' dir='ltr'><strong>acervum</strong></span> <span class='ocrx_word' id='word_1_782' title='bbox 2514 4489 2793 4558; x_wconf 85' lang='lat' dir='ltr'><strong>possidens</strong></span> <span class='ocrx_word' id='word_1_783' title='bbox 2829 4489 3107 4560; x_wconf 73' lang='lat' dir='ltr'><strong>glorietur,</strong></span> <span class='ocrx_word' id='word_1_784' title='bbox 3134 4501 3190 4545; x_wconf 90' lang='lat' dir='ltr'><strong>et</strong></span> <span class='ocrx_word' id='word_1_785' title='bbox 3208 4490 3375 4545; x_wconf 83' lang='lat' dir='ltr'><strong>altum</strong></span> <span class='ocrx_word' id='word_1_786' title='bbox 3408 4491 3477 4547; x_wconf 91' lang='lat' dir='ltr'><strong>de</strong></span> <span class='ocrx_word' id='word_1_787' title='bbox 3504 4492 3601 4546; x_wconf 90' lang='lat' dir='ltr'><strong>illo</strong></span> <span class='ocrx_word' id='word_1_788' title='bbox 3628 4495 3826 4564; x_wconf 85' lang='lat' dir='ltr'><strong>sapiat.</strong></span> 
     </span>
    </p>
   </div>
   <div class='ocr_carea' id='block_1_108' title="bbox 2234 4577 3825 4650">
    <p class='ocr_par' dir='ltr' id='par_1_108' title="bbox 2234 4577 3825 4650">
     <span class='ocr_line' id='line_1_108' title="bbox 2234 4577 3825 4650; baseline 0.004 -19"><span class='ocrx_word' id='word_1_789' title='bbox 2234 4577 2411 4632; x_wconf 80' lang='lat' dir='ltr'><strong>Nihilo</strong></span> <span class='ocrx_word' id='word_1_790' title='bbox 2437 4578 2577 4632; x_wconf 87' lang='lat' dir='ltr'><strong>enim</strong></span> <span class='ocrx_word' id='word_1_791' title='bbox 2609 4579 2816 4643; x_wconf 87' lang='lat' dir='ltr'><strong>melior,</strong></span> <span class='ocrx_word' id='word_1_792' title='bbox 2855 4581 2964 4634; x_wconf 89' lang='lat' dir='ltr'><strong>imo</strong></span> <span class='ocrx_word' id='word_1_793' title='bbox 3002 4582 3152 4650; x_wconf 84' lang='lat' dir='ltr'><strong>pejor</strong></span> <span class='ocrx_word' id='word_1_794' title='bbox 3180 4589 3265 4637; x_wconf 84' lang='lat' dir='ltr'><strong>est</strong></span> <span class='ocrx_word' id='word_1_795' title='bbox 3291 4582 3603 4638; x_wconf 86' lang='lat' dir='ltr'><strong>divitiarum</strong></span> <span class='ocrx_word' id='word_1_796' title='bbox 3632 4600 3825 4640; x_wconf 60' lang='lat' dir='ltr'><strong>comm</strong></span> 
     </span>
    </p>
   </div>
   <div class='ocr_carea' id='block_1_109' title="bbox 2236 4667 3826 4751">
    <p class='ocr_par' dir='ltr' id='par_1_109' title="bbox 2236 4667 3826 4751">
     <span class='ocr_line' id='line_1_109' title="bbox 2236 4667 3826 4751; baseline 0.006 -30"><span class='ocrx_word' id='word_1_797' title='bbox 2236 4667 2339 4732; x_wconf 88' lang='lat' dir='ltr'><strong>lus,</strong></span> <span class='ocrx_word' id='word_1_798' title='bbox 2369 4668 2638 4737; x_wconf 83' lang='lat' dir='ltr'><strong>quamille</strong></span> <span class='ocrx_word' id='word_1_799' title='bbox 2662 4684 2904 4724; x_wconf 75' lang='lat' dir='ltr'><strong>acervus.</strong></span> <span class='ocrx_word' id='word_1_800' title='bbox 2932 4669 3066 4726; x_wconf 87' lang='lat' dir='ltr'><strong>Nam</strong></span> <span class='ocrx_word' id='word_1_801' title='bbox 3092 4679 3301 4727; x_wconf 85' lang='lat' dir='ltr'><strong>stercus</strong></span> <span class='ocrx_word' id='word_1_802' title='bbox 3324 4680 3406 4728; x_wconf 89' lang='lat' dir='ltr'><strong>est</strong></span> <span class='ocrx_word' id='word_1_803' title='bbox 3434 4671 3509 4741; x_wconf 89' lang='lat' dir='ltr'><strong>ad</strong></span> <span class='ocrx_word' id='word_1_804' title='bbox 3532 4675 3826 4751; x_wconf 68' lang='lat' dir='ltr'><strong>agricultu-</strong></span> 
     </span>
    </p>
   </div>
   <div class='ocr_carea' id='block_1_110' title="bbox 2236 4759 3827 4832">
    <p class='ocr_par' dir='ltr' id='par_1_110' title="bbox 2236 4759 3827 4832">
     <span class='ocr_line' id='line_1_110' title="bbox 2236 4759 3827 4832; baseline 0.006 -18"><span class='ocrx_word' id='word_1_805' title='bbox 2236 4774 2349 4814; x_wconf 85' lang='lat' dir='ltr'><strong>ram</strong></span> <span class='ocrx_word' id='word_1_806' title='bbox 2398 4759 2547 4827; x_wconf 88' lang='lat' dir='ltr'><strong>utilc,</strong></span> <span class='ocrx_word' id='word_1_807' title='bbox 2596 4776 2803 4817; x_wconf 87' lang='lat' dir='ltr'><strong>necnon</strong></span> <span class='ocrx_word' id='word_1_808' title='bbox 2844 4762 2912 4829; x_wconf 79' lang='lat' dir='ltr'><strong>ad</strong></span> <span class='ocrx_word' id='word_1_809' title='bbox 2957 4761 3144 4818; x_wconf 88' lang='lat' dir='ltr'><strong>balnea</strong></span> <span class='ocrx_word' id='word_1_810' title='bbox 3192 4762 3554 4820; x_wconf 78' lang='lat' dir='ltr'><strong>calefacienda</strong></span> <span class='ocrx_word' id='word_1_811' title='bbox 3580 4766 3622 4832; x_wconf 80' lang='lat'><strong>&#39;,</strong></span> <span class='ocrx_word' id='word_1_812' title='bbox 3662 4778 3721 4822; x_wconf 89' lang='lat' dir='ltr'><strong>et</strong></span> <span class='ocrx_word' id='word_1_813' title='bbox 3759 4770 3827 4823; x_wconf 86' lang='lat' dir='ltr'><strong>ad</strong></span> 
     </span>
    </p>
   </div>
   <div class='ocr_carea' id='block_1_111' title="bbox 2235 4851 3829 4923">
    <p class='ocr_par' dir='ltr' id='par_1_111' title="bbox 2235 4851 3829 4923">
     <span class='ocr_line' id='line_1_111' title="bbox 2235 4851 3829 4923; baseline 0.004 -17"><span class='ocrx_word' id='word_1_814' title='bbox 2235 4851 2477 4923; x_wconf 61' lang='lat' dir='ltr'><strong>quadam</strong></span> <span class='ocrx_word' id='word_1_815' title='bbox 2520 4852 2745 4917; x_wconf 81' lang='lat' dir='ltr'><strong>similia;</strong></span> <span class='ocrx_word' id='word_1_816' title='bbox 2775 4868 2963 4908; x_wconf 89' lang='lat' dir='ltr'><strong>aurum</strong></span> <span class='ocrx_word' id='word_1_817' title='bbox 2992 4868 3119 4913; x_wconf 88' lang='lat' dir='ltr'><strong>vero</strong></span> <span class='ocrx_word' id='word_1_818' title='bbox 3144 4854 3430 4909; x_wconf 82' lang='lat' dir='ltr'><strong>sull‘ossunt</strong></span> <span class='ocrx_word' id='word_1_819' title='bbox 3458 4856 3526 4911; x_wconf 88' lang='lat' dir='ltr'><strong>ad</strong></span> <span class='ocrx_word' id='word_1_820' title='bbox 3557 4857 3691 4912; x_wconf 80' lang='lat' dir='ltr'><strong>nihil</strong></span> <span class='ocrx_word' id='word_1_821' title='bbox 3731 4857 3829 4912; x_wconf 85' lang='lat' dir='ltr'><strong>bo-</strong></span> 
     </span>
    </p>
   </div>
   <div class='ocr_carea' id='block_1_112' title="bbox 2236 4944 3827 5015">
    <p class='ocr_par' dir='ltr' id='par_1_112' title="bbox 2236 4944 3827 5015">
     <span class='ocr_line' id='line_1_112' title="bbox 2236 4944 3827 5015; baseline 0.005 -18"><span class='ocrx_word' id='word_1_822' title='bbox 2236 4959 2353 5015; x_wconf 80' lang='lat' dir='ltr'><strong>rum</strong></span> <span class='ocrx_word' id='word_1_823' title='bbox 2402 4944 2643 4999; x_wconf 82' lang='lat' dir='ltr'><strong>adhiberi</strong></span> <span class='ocrx_word' id='word_1_824' title='bbox 2692 4953 3093 5015; x_wconf 14' lang='lat' dir='ltr'><strong>potestztatque</strong></span> <span class='ocrx_word' id='word_1_825' title='bbox 3136 4947 3337 5000; x_wconf 81' lang='lat' dir='ltr'><strong>utinam</strong></span> <span class='ocrx_word' id='word_1_826' title='bbox 3382 4946 3571 5001; x_wconf 85' lang='lat' dir='ltr'><strong>inutile</strong></span> <span class='ocrx_word' id='word_1_827' title='bbox 3616 4956 3827 5005; x_wconf 80' lang='lat' dir='ltr'><strong>tantum</strong></span> 
     </span>
    </p>
   </div>
   <div class='ocr_carea' id='block_1_113' title="bbox 2236 5037 3823 5109">
    <p class='ocr_par' dir='ltr' id='par_1_113' title="bbox 2236 5037 3823 5109">
     <span class='ocr_line' id='line_1_113' title="bbox 2236 5037 3823 5109; baseline 0.004 -16"><span class='ocrx_word' id='word_1_828' title='bbox 2236 5045 2409 5101; x_wconf 82' lang='lat' dir='ltr'><strong>esset;</strong></span> <span class='ocrx_word' id='word_1_829' title='bbox 2444 5053 2585 5093; x_wconf 86' lang='lat' dir='ltr'><strong>nunc</strong></span> <span class='ocrx_word' id='word_1_830' title='bbox 2601 5046 2778 5092; x_wconf 87' lang='lat' dir='ltr'><strong>autem</strong></span> <span class='ocrx_word' id='word_1_831' title='bbox 2808 5037 3003 5093; x_wconf 86' lang='lat' dir='ltr'><strong>multas</strong></span> <span class='ocrx_word' id='word_1_832' title='bbox 3024 5037 3237 5092; x_wconf 87' lang='lat' dir='ltr'><strong>habenti</strong></span> <span class='ocrx_word' id='word_1_833' title='bbox 3257 5039 3535 5109; x_wconf 81' lang='lat' dir='ltr'><strong>succendit</strong></span> <span class='ocrx_word' id='word_1_834' title='bbox 3551 5038 3823 5108; x_wconf 79' lang='lat' dir='ltr'><strong>fumaces,</strong></span> 
     </span>
    </p>
   </div>
   <div class='ocr_carea' id='block_1_114' title="bbox 2234 5112 3833 5201">
    <p class='ocr_par' dir='ltr' id='par_1_114' title="bbox 2234 5112 3833 5201">
     <span class='ocr_line' id='line_1_114' title="bbox 2234 5112 3833 5201; baseline 0.004 -17"><span class='ocrx_word' id='word_1_835' title='bbox 2234 5112 2335 5195; x_wconf 82' lang='lat' dir='ltr'><strong>nisi</strong></span> <span class='ocrx_word' id='word_1_836' title='bbox 2382 5144 2449 5184; x_wconf 90' lang='lat' dir='ltr'><strong>eo</strong></span> <span class='ocrx_word' id='word_1_837' title='bbox 2497 5137 2555 5185; x_wconf 86' lang='lat' dir='ltr'><strong>ut</strong></span> <span class='ocrx_word' id='word_1_838' title='bbox 2601 5139 2813 5199; x_wconf 74' lang='lat' dir='ltr'><strong>Oportet</strong></span> <span class='ocrx_word' id='word_1_839' title='bbox 2855 5141 3070 5185; x_wconf 81' lang='lat' dir='ltr'><strong>utatur:</strong></span> <span class='ocrx_word' id='word_1_840' title='bbox 3103 5130 3246 5185; x_wconf 88' lang='lat' dir='ltr'><strong>mille</strong></span> <span class='ocrx_word' id='word_1_841' title='bbox 3290 5132 3487 5201; x_wconf 86' lang='lat' dir='ltr'><strong>quippe</strong></span> <span class='ocrx_word' id='word_1_842' title='bbox 3515 5133 3657 5187; x_wconf 85' lang='lat' dir='ltr'><strong>mala</strong></span> <span class='ocrx_word' id='word_1_843' title='bbox 3702 5123 3833 5191; x_wconf 62' lang='lat' dir='ltr'><strong>ltiuc&#39;</strong></span> 
     </span>
    </p>
   </div>
   <div class='ocr_carea' id='block_1_115' title="bbox 2235 5218 3824 5289">
    <p class='ocr_par' dir='ltr' id='par_1_115' title="bbox 2235 5218 3824 5289">
     <span class='ocr_line' id='line_1_115' title="bbox 2235 5218 3824 5289; baseline 0.003 -14"><span class='ocrx_word' id='word_1_844' title='bbox 2235 5222 2447 5275; x_wconf 89' lang='lat' dir='ltr'><strong>oriuntu</strong></span> <span class='ocrx_word' id='word_1_845' title='bbox 2455 5236 2502 5274; x_wconf 89' lang='lat' dir='ltr'><strong>r.</strong></span> <span class='ocrx_word' id='word_1_846' title='bbox 2517 5218 2627 5287; x_wconf 85' lang='lat' dir='ltr'><strong>Qua</strong></span> <span class='ocrx_word' id='word_1_847' title='bbox 2636 5226 2854 5288; x_wconf 86' lang='lat' dir='ltr'><strong>propter</strong></span> <span class='ocrx_word' id='word_1_848' title='bbox 2869 5219 3035 5274; x_wconf 78' lang='lat' dir='ltr'><strong>exteri</strong></span> <span class='ocrx_word' id='word_1_849' title='bbox 3058 5219 3158 5275; x_wconf 90' lang='lat' dir='ltr'><strong>seri</strong></span> <span class='ocrx_word' id='word_1_850' title='bbox 3165 5228 3345 5289; x_wconf 82' lang='lat' dir='ltr'><strong>plores</strong></span> <span class='ocrx_word' id='word_1_851' title='bbox 3359 5236 3543 5277; x_wconf 84' lang='lat' dir='ltr'><strong>arcem</strong></span> <span class='ocrx_word' id='word_1_852' title='bbox 3562 5224 3714 5277; x_wconf 68' lang='lat' dir='ltr'><strong>male.</strong></span> <span class='ocrx_word' id='word_1_853' title='bbox 3738 5240 3824 5280; x_wconf 88' lang='lat' dir='ltr'><strong>uot</strong></span> 
     </span>
    </p>
   </div>
   <div class='ocr_carea' id='block_1_116' title="bbox 2236 5312 3827 5385">
    <p class='ocr_par' dir='ltr' id='par_1_116' title="bbox 2236 5312 3827 5385">
     <span class='ocr_line' id='line_1_116' title="bbox 2236 5312 3827 5385; baseline 0.004 -19"><span class='ocrx_word' id='word_1_854' title='bbox 2236 5313 2508 5383; x_wconf 81' lang='lat' dir='ltr'><strong>avaritiam</strong></span> <span class='ocrx_word' id='word_1_855' title='bbox 2551 5312 2785 5378; x_wconf 59' lang='lat' dir='ltr'><strong>vocant;</strong></span> <span class='ocrx_word' id='word_1_856' title='bbox 2822 5315 3007 5378; x_wconf 83' lang='lat' dir='ltr'><strong>beatos</strong></span> <span class='ocrx_word' id='word_1_857' title='bbox 3032 5329 3159 5369; x_wconf 83' lang='lat' dir='ltr'><strong>vero</strong></span> <span class='ocrx_word' id='word_1_858' title='bbox 3186 5314 3402 5380; x_wconf 86' lang='lat' dir='ltr'><strong>Paulus,</strong></span> <span class='ocrx_word' id='word_1_859' title='bbox 3432 5316 3590 5385; x_wconf 78' lang='lat' dir='ltr'><strong>longe</strong></span> <span class='ocrx_word' id='word_1_860' title='bbox 3630 5318 3827 5373; x_wconf 86' lang='lat' dir='ltr'><strong>melius</strong></span> 
     </span>
    </p>
   </div>
   <div class='ocr_carea' id='block_1_117' title="bbox 2237 5404 3824 5475">
    <p class='ocr_par' dir='ltr' id='par_1_117' title="bbox 2237 5404 3824 5475">
     <span class='ocr_line' id='line_1_117' title="bbox 2237 5404 3824 5475; baseline 0.002 -13"><span class='ocrx_word' id='word_1_861' title='bbox 2237 5416 2290 5462; x_wconf 88' lang='lat' dir='ltr'><strong>et</strong></span> <span class='ocrx_word' id='word_1_862' title='bbox 2312 5422 2434 5461; x_wconf 87' lang='lat' dir='ltr'><strong>euut</strong></span> <span class='ocrx_word' id='word_1_863' title='bbox 2470 5406 2670 5475; x_wconf 86' lang='lat' dir='ltr'><strong>majore</strong></span> <span class='ocrx_word' id='word_1_864' title='bbox 2707 5406 2969 5471; x_wconf 69' lang='lat' dir='ltr'><strong>emphasi,</strong></span> <span class='ocrx_word' id='word_1_865' title='bbox 3000 5404 3232 5462; x_wconf 90' lang='lat' dir='ltr'><strong>radicem</strong></span> <span class='ocrx_word' id='word_1_866' title='bbox 3277 5405 3541 5461; x_wconf 86' lang='lat' dir='ltr'><strong>malorum</strong></span> <span class='ocrx_word' id='word_1_867' title='bbox 3584 5408 3824 5465; x_wconf 83' lang='lat' dir='ltr'><strong>omnium</strong></span> 
     </span>
    </p>
   </div>
   <div class='ocr_carea' id='block_1_118' title="bbox 2238 5492 3827 5568">
    <p class='ocr_par' dir='ltr' id='par_1_118' title="bbox 2238 5492 3827 5568">
     <span class='ocr_line' id='line_1_118' title="bbox 2238 5492 3827 5568; baseline 0.001 -17"><span class='ocrx_word' id='word_1_868' title='bbox 2238 5496 2404 5567; x_wconf 89' lang='lat' dir='ltr'><strong>ipsam</strong></span> <span class='ocrx_word' id='word_1_869' title='bbox 2442 5497 2722 5567; x_wconf 83' lang='lat' dir='ltr'><strong>appellavit</strong></span> <span class='ocrx_word' id='word_1_870' title='bbox 2751 5496 2840 5568; x_wconf 79' lang='grc'><strong>(1.</strong></span> <span class='ocrx_word' id='word_1_871' title='bbox 2870 5495 3002 5549; x_wconf 83' lang='lat' dir='ltr'><strong>Tim.</strong></span> <span class='ocrx_word' id='word_1_872' title='bbox 3030 5496 3084 5551; x_wconf 82' lang='lat'><strong>6.</strong></span> <span class='ocrx_word' id='word_1_873' title='bbox 3113 5496 3184 5550; x_wconf 76' lang='lat' dir='ltr'><strong>lo</strong></span> <span class='ocrx_word' id='word_1_874' title='bbox 3209 5492 3252 5564; x_wconf 9' lang='lat' dir='ltr'><strong>)s.</strong></span> <span class='ocrx_word' id='word_1_875' title='bbox 3280 5495 3403 5550; x_wconf 64' lang='lat' dir='ltr'><strong>ﬂare</strong></span> <span class='ocrx_word' id='word_1_876' title='bbox 3432 5496 3612 5567; x_wconf 89' lang='lat' dir='ltr'><strong>itaque</strong></span> <span class='ocrx_word' id='word_1_877' title='bbox 3647 5502 3827 5553; x_wconf 85' lang='lat' dir='ltr'><strong>omnia</strong></span> 
     </span>
    </p>
   </div>
   <div class='ocr_carea' id='block_1_119' title="bbox 2237 5586 3825 5660">
    <p class='ocr_par' dir='ltr' id='par_1_119' title="bbox 2237 5586 3825 5660">
     <span class='ocr_line' id='line_1_119' title="bbox 2237 5586 3825 5660; baseline 0.001 -17"><span class='ocrx_word' id='word_1_878' title='bbox 2237 5588 2551 5660; x_wconf 74' lang='lat' dir='ltr'><strong>cogitantes,</strong></span> <span class='ocrx_word' id='word_1_879' title='bbox 2577 5587 2893 5657; x_wconf 64' lang='lat' dir='ltr'><strong>aemulentur</strong></span> <span class='ocrx_word' id='word_1_880' title='bbox 2908 5602 2970 5643; x_wconf 89' lang='lat' dir='ltr'><strong>ea</strong></span> <span class='ocrx_word' id='word_1_881' title='bbox 2992 5602 3109 5658; x_wconf 72' lang='lat' dir='ltr'><strong>qua:</strong></span> <span class='ocrx_word' id='word_1_882' title='bbox 3132 5586 3294 5657; x_wconf 74' lang='lat' dir='ltr'><strong>digna</strong></span> <span class='ocrx_word' id='word_1_883' title='bbox 3317 5596 3441 5643; x_wconf 87' lang='lat' dir='ltr'><strong>sunt</strong></span> <span class='ocrx_word' id='word_1_884' title='bbox 3457 5589 3825 5645; x_wconf 63' lang='lat' dir='ltr'><strong>aemulatione:</strong></span> 
     </span>
    </p>
   </div>
   <div class='ocr_carea' id='block_1_120' title="bbox 2234 5704 3837 5828">
    <p class='ocr_par' dir='ltr' id='par_1_120' title="bbox 2234 5704 3837 5828">
     <span class='ocr_line' id='line_1_120' title="bbox 2234 5704 3837 5828; baseline 0.002 -75"><span class='ocrx_word' id='word_1_885' title='bbox 2234 5708 2496 5828; x_wconf 42' lang='lat'><strong>“$333:</strong></span> <span class='ocrx_word' id='word_1_886' title='bbox 2518 5705 2656 5758; x_wconf 79' lang='lat' dir='ltr'><strong>Savil.</strong></span> <span class='ocrx_word' id='word_1_887' title='bbox 2680 5704 2945 5771; x_wconf 76' lang='lat' dir='ltr'><strong>legemlum</strong></span> <span class='ocrx_word' id='word_1_888' title='bbox 2991 5712 3141 5768; x_wconf 79' lang='lat' dir='ltr'><strong>esset,</strong></span> <span class='ocrx_word' id='word_1_889' title='bbox 3186 5708 3536 5768; x_wconf 67' lang='lat' dir='ltr'><strong>praeparanda,</strong></span> <span class='ocrx_word' id='word_1_890' title='bbox 3563 5712 3671 5769; x_wconf 80' lang='lat' dir='ltr'><strong>pro,</strong></span> <span class='ocrx_word' id='word_1_891' title='bbox 3703 5710 3837 5757; x_wconf 71' lang='lat' dir='ltr'><strong>calc-</strong></span> 
     </span>
    </p>
   </div>
  </div>
