4040 6422
313 401 414 458 ωε)

308 492 727 587 ιιοιιιωαιιὶῆοι
762 506 1009 573 aedilicia,
1057 520 1164 561 non
1210 502 1478 559 uberrima
1522 496 1756 570 prsidia;
1806 492 1901 549 sed

308 613 450 665 viros
475 622 567 678 qut
594 617 841 674 magnam
886 599 1029 671 apud
1069 597 1237 654 Deum
1283 593 1531 649 iiduciam
1560 589 1778 652 habent,
1806 587 1899 659 qui

1270 386 1337 442 ιιι
1377 378 1787 440 ΙΙΑΤΊῚΙΒΙΙΜ
1830 377 2061 437 IIOMIL.
2103 373 2403 432 LXIV.'aI.
2448 370 2610 427 LXV.

3517 362 3627 419 mo

2022 508 2147 559 res;
2178 500 2236 546 ut
2260 500 2462 546 :eteroa
2489 488 2629 543 bona
2652 499 3071 557 consequamur,
3108 484 3359 555 gratia‘et
3383 481 3627 553 lieuigiii-

2016 593 2126 639 tate
2176 580 2387 638 Domini
2436 579 2606 635 nostri
2650 577 2789 633 Jesuv
2810 574 3032 643 Christi,
3080 574 3299 646 quicum
3340 572 3487 630 Patri
3520 588 3628 631 una

308 702 359 757 in
381 665 519 756 caelo
545 665 736 754 divites
761 702 904 758 mut,
922 665 1018 763 qui
1059 688 1341 745 thesauros
1365 685 1486 741 illos
1515 680 1813 753 possident,
1837 693 1905 733 ac
2010 691 2133 731 eum
2154 673 2355 745 Spiritu
2376 679 2565 726 sancto
2583 670 2775 741 gloria,
2794 666 2989 733 honor,
3015 666 3321 738 imperium,
3350 665 3623 733 adoratto,

307 808 436 850 vere
461 787 701 861 opulenti
726 796 873 851 sunt,
898 783 990 855 qui
1014 789 1233 853 propter
1254 777 1528 834 Christum
1551 782 1677 829 sunt
1696 784 1899 843 paupe-

314 926 1988 968 _________________._.___.

2010 784 2154 824 nunc
2198 776 2254 821 ct
2288 779 2545 836 sertiper,
2586 772 2642 819 et
2692 761 2747 817 in
2799 760 2999 817 saecula
3052 758 3396 816 mulorum.
3430 760 3625 814 Amen.

1466 1006 1803 1073 HOMILIA
1849 1001 2075 1065 LXIV.
2121 999 2208 1062 al.
2256 996 2455 1059 LXV.

309 1177 444 1233 Car.
493 1173 579 1229 l9.
620 1186 677 1225 ν.
717 1168 810 1225 27.
855 1165 1010 1222 Tunc
1043 1161 1356 1235 respondens
1404 1158 1589 1212 Petrus
1635 1154 1765 1211 dixit
1808 1152 1857 1207 ei
1892 1168 1913 1207 :

383 1262 520 1318 Ecce
542 1276 635 1315 nos
657 1260 954 1326 reliquimus
966 1254 1159 1318 omnia,
1187 1261 1233 1306 et
1257 1249 1455 1321 sequuti
1476 1262 1654 1302 uiuus
1685 1254 1733 1299 te
1753 1240 1913 1313 ;quid

387 1371 510 1425 ergo
530 1354 626 1407 erit
654 1349 796 1405 nobis
822 1349 849 1402 Γ

385 1423 459 1503 Li
483 1445 738 1513 Quanam
768 1438 975 1505 Omnia,
997 1435 1156 1493 beate
1180 1433 1339 1490 Petre
1362 1432 1389 1486 ἵ
1412 1430 1679 1485 calamum
1705 1427 1730 1481 τ
1753 1423 1913 1481 rete?

314 1537 618 1595 naviculam
647 1536 673 1588 τ
729 1529 950 1588 artem?
1004 1527 1249 1585 llazccine
1302 1523 1482 1579 omnia
1533 1520 1671 1576 dicis
1730 1516 1915 1573 mihi?

315 1630 524 1694 Etiam,
567 1627 758 1698 inquit.
809 1622 917 1679 Sed
967 1636 1073 1676 non
1117 1634 1211 1689 per
1254 1615 1600 1671 ambitionem
1630 1609 1916 1683 quamdam

323 1722 442 1776 haec
468 1719 622 1783 dico,
672 1715 764 1773 sed
797 1724 855 1769 ut
891 1728 989 1784 per
1029 1712 1169 1767 hanc
1213 1706 1698 1777 interrogationem
1719 1716 1921 1772 paupe-

317 1827 432 1866 rum
469 1809 684 1879 plebem
723 1804 1079 1861 introducam.
1104 1802 1241 1871 Quia
1271 1800 1415 1855 enim
1452 1796 1588 1852 dixit
1614 1792 1871 1850 Dominus
1901 1810 1915 1845 :

316 1901 378 1956 Si
418 1902 494 1955 vis
534 1898 783 1970 perfectus
811 1912 940 1963 esse,
972 1894 1129 1949 unde
1155 1907 1271 1963 qua
1296 1889 1468 1952 habes,
1496 1897 1544 1942 et
1570 1887 1641 1941 da
1667 1886 1914 1956 pauperi-

317 1995 442 2055 bus,
483 2002 530 2047 et
569 1989 773 2046 habebis
810 1990 1101 2043 thesaurum
1143 1986 1197 2039 in
1239 1982 1367 2038 creto
1392 1980 1607 2053 (Matth.
1633 1978 1722 2034 l9.
1748 1976 1864 2047 21)
1901 1993 1916 2031 :

318 2101 389 2142 ne
416 2086 538 2157 quis
560 2097 856 2155 pauperum
887 2079 1033 2136 dicat
1058 2095 1073 2131 :
1101 2076 1239 2146 Quid
1269 2090 1399 2146 ergo
1424 2072 1449 2126 ἲ
1474 2072 1519 2127 si
1548 2086 1653 2126 non
1684 2069 1913 2124 habeam

325 2178 719 2247 possessionem
741 2214 757 2241 ,
788 2187 896 2228 non
926 2185 1142 2243 possum
1171 2183 1294 2224 esse
1324 2162 1645 2237 perfectus?
1679 2163 1915 2247 interro-

321 2242 409 2335 gat
441 2266 637 2322 Petrus
656 2305 671 2325 .
703 2271 760 2318 ut
796 2271 854 2318 tu
885 2275 1088 2331 pauper
1110 2260 1286 2314 discas
1306 2299 1322 2324 ,
1352 2255 1483 2310 nihil
1514 2263 1566 2309 te
1596 2242 1722 2307 hinc
1742 2252 1919 2307 minus

319 2356 555 2420 habere;
601 2355 893 2423 interrogat
941 2350 1166 2413 Petrus,
1197 2358 1364 2410 utne,
1387 2344 1433 2399 si
1462 2359 1491 2398 a
1534 2343 1693 2398 Petro
1721 2341 1772 2395 id
1804 2340 1922 2395 edi-

320 2464 476 2514 scas,
525 2446 738 2502 dubites
787 2443 1027 2513 (etenim
1070 2437 1415 2509 imperfectus
1457 2435 1633 2490 adlmc
1676 2441 1822 2499 erat,
1869 2441 1924 2487 ct

311 2536 523 2610 'Spiritu
568 2533 852 2603 vacuus),
906 2529 1003 2588 scd
1054 2539 1113 2585 ut
1159 2546 1189 2583 a
1224 2528 1482 2597 magistro
1514 2525 1654 2580 Petri
1700 2531 1942 2592 accepta,

324 2626 613 2692 sententia,
662 2624 919 2680 conﬁdas.
964 2618 1423 2691 Quemadmodum
1469 2616 1613 2673 enim
1645 2630 1743 2670 nos
1788 2614 1920 2667 iaci—

325 2734 465 2786 mus,
493 2733 616 2772 cum
644 2731 742 2787 pro
765 2714 886 2770 aliis
904 2714 1239 2783 disputantes
1261 2727 1345 2766 res
1364 2709 1517 2765 nobis
1537 2707 1881 2763 attrihuimus
1904 2722 1918 2760 :

324 2814 402 2868 sic
429 2821 484 2865 et
523 2809 799 2879 apostolus
822 2807 981 2873 fecit,
1009 2822 1130 2861 cum
1167 2820 1264 2875 pro
1310 2804 1443 2858 orbe
1487 2813 1601 2857 toto
1630 2802 1791 2857 talem
1820 2800 1918 2868 ipsi

326 2901 800 2971 interrogationem
852 2898 1063 2952 obtulit.
1126 2896 1258 2951 Nam
1308 2895 1449 2965 quod
1497 2910 1559 2949 ea
1602 2910 1719 2961 qua:
1762 2892 1828 2944 ad
1865 2906 1924 2946 se

327 2992 644 3062 spectabant
662 2991 772 3060 jam
800 2989 948 3045 clare
973 2988 1157 3051 sciret,
1192 2987 1366 3057 palam
1386 2996 1468 3040 est
1489 2985 1557 3039 ab
1595 2984 1662 3038 iis
1686 2998 1803 3053 quae
1832 2997 1923 3037 su-

326 3098 419 3153 pra
472 3072 614 3136 dicta
654 3086 781 3134 sunt
817 3097 832 3134 :
864 3077 1069 3134 etenim
1117 3076 1205 3147 qui
1245 3075 1425 3130 claves
1466 3075 1614 3144 regni
1663 3074 1922 3127 caelorum

328 3174 451 3230 inde
472 3173 587 3244 jam
612 3181 933 3243 acceperat,
960 3169 1129 3225 multo
1158 3168 1328 3238 magis
1373 3166 1440 3220 de
1465 3166 1676 3221 caeteris
1704 3179 1824 3234 quae
1867 3163 1920 3217 in

325 3268 459 3322 czelo
517 3274 676 3333 sunt,
731 3262 1006 3319 conlidere
1064 3260 1268 3316 debuit.
1312 3258 1695 3313 Animadverte
1741 3266 1921 3311 autem

324 3358 594 3429 quomodo
632 3365 883 3411 accurate
926 3353 1249 3424 respondeat
1293 3350 1357 3405 ad
1401 3366 1464 3405 ea
1508 3365 1626 3419 quae
1671 3348 1920 3403 Christus

327 3450 602 3520 qurerebat
630 3466 643 3501 :
682 3464 805 3502 nam
838 3441 925 3502 ﬁlo
952 3461 980 3500 a
1005 3446 1169 3500 divite
1209 3442 1319 3498 duo
1348 3442 1462 3496 inec
1496 3440 1812 3510 expetebat,
1862 3448 1921 3495 ut

324 3558 417 3596 sua
444 3542 597 3597 daret
628 3541 972 3611 pauperibus,
1003 3548 1062 3594 et
1088 3545 1407 3608 sequeretur
1433 3549 1511 3588 se.
1532 3580 1533 3583 η
1554 3532 1786 3603 Ideoque
1812 3531 1916 3587 Pe-

325 3646 435 3690 trus
466 3641 579 3693 lure
607 3637 715 3692 duo
742 3635 921 3705 ponit,
947 3643 1001 3687 et
1029 3629 1173 3702 quod
1198 3628 1547 3699 reliquerint,
1578 3636 1632 3681 et
1648 3624 1803 3696 'qnod
1837 3640 1926 3679 se-

329 3739 560 3797 quantur
591 3744 605 3792 ;
631 3743 753 3781 nam
779 3726 853 3779 ait
880 3744 893 3778 :
922 3722 1057 3777 Ecce
1084 3736 1176 3775 nos
1200 3718 1497 3787 reliquimus
1523 3719 1692 3772 omnia
1714 3758 1730 3783 ,
1761 3726 1809 3770 et
1842 3732 1923 3770 se-

319 3822 459 3891 quuti
495 3836 669 3874 simius
712 3828 777 3871 te.
812 3816 944 3871 Nam
992 3814 1301 3881 relinquunt
1328 3818 1385 3863 ut
1426 3820 1722 3879 sequantur
1745 3850 1761 3875 ,
1792 3806 1923 3861 iaci.

326 3890 535 3983 iitlsqtlc
588 3920 705 3966 erat
749 3908 898 3980 sequi
948 3916 1229 3979 postquam
1282 3890 1648 3971 reliquerant,
1698 3909 1753 3955 et
1794 3900 1919 3969 quia

322 4006 646 4075 reliquerant
672 4046 688 4069 ,
721 4002 969 4056 ﬁduciam
1029 3997 1159 4069 ipsis
1202 4004 1257 4050 et
1298 3993 1549 4066 gaudium
1592 3991 1914 4048 conciliavit.

319 4095 453 4165 Quid
502 4110 631 4166 ergo
676 4094 764 4149 ille
792 4097 817 4148 τ
854 4092 945 4148 28.
988 4090 1145 4144 Amen
1184 4089 1297 4142 dico
1342 4087 1516 4153 vobis,
1547 4086 1684 4157 quod
1712 4103 1799 4141 vos
1833 4087 1920 4153 qui

320 4188 513 4257 sequuti
551 4189 669 4241 estis
709 4203 808 4252 nte,
848 4187 901 4239 in
927 4183 1326 4255 regeneratione,
1361 4197 1474 4235 cum
1514 4180 1701 4235 sederit
1748 4180 1918 4235 Filius

319 4278 535 4331 hominis
556 4278 609 4330 in
629 4277 809 4330 throno
835 4276 1113 4344 maiestatis
1138 4289 1245 4326 sua:
1274 4311 1291 4337 ,
1319 4272 1552 4327 sedcbitis
1578 4282 1624 4326 et
1646 4289 1733 4326 vos
1761 4288 1917 4341 super

320 4371 526 4424 thronos
566 4369 853 4433 duodecim,
889 4367 1178 4439 judicantes
1216 4365 1484 4418 duodecim
1527 4365 1684 4418 tribus
1716 4363 1907 4419 Israel.

317 4458 453 4527 Quid
488 4459 699 4528 igitur?
744 4474 810 4512 an
838 4458 1023 4522 Judas,
1081 4455 1327 4527 inquies,
1373 4454 1627 4509 sedebit?
1670 4455 1907 4509 Minime.

323 4550 607 4617 Quomodo
638 4549 799 4621 igitur
826 4549 954 4603 dicit
978 4587 994 4613 ,
1040 4544 1107 4600 Et
1132 4563 1218 4601 vos
1243 4563 1398 4616 super
1416 4546 1683 4600 duodecim
1706 4547 1914 4601 thronos

316 4641 549 4697 sedebitis
575 4641 602 4695 2
635 4640 905 4711 quomodo
936 4640 1221 4709 promissio
1252 4638 1339 4691 illa
1373 4638 1680 4707 implebitur
1708 4636 1733 4690 Ἰ
1774 4638 1910 4691 Audi

314 4730 608 4803 quomodo.
634 4730 743 4785 Lex
771 4740 848 4786 est
886 4745 915 4785 a
961 4730 1071 4784 Deo
1111 4728 1304 4798 posita.
1351 4743 1444 4797 per
1466 4726 1752 4783 Jercmiam
1782 4742 1909 4797 pro-

318 4821 530 4891 phetam
561 4819 764 4876 ludatis
809 4822 979 4887 lecta,
1026 4836 1145 4890 quae
1186 4820 1263 4875 sic
1291 4818 1452 4873 habet
1495 4836 1511 4874 :
1552 4820 1631 4872 Ad
1660 4836 1912 4873 summam

316 4916 494 4982 loquar
519 4929 675 4984 super
718 4925 916 4985 gentem
963 4922 1011 4968 st
1046 4930 1200 4983 super
1229 4929 1437 4983 regnum
1458 4953 1471 4977 ,
1509 4922 1564 4964 ut
1602 4914 1834 4983 auferam
1863 4922 1910 4966 et

317 5006 562 5077 perdam;
587 5017 633 5061 et
662 5007 709 5061 si
751 5022 993 5060 conuersa
1018 5007 1171 5077 fuerit
1197 5022 1319 5077 gens
1344 5005 1436 5059 illa
1455 5022 1486 5057 a
1512 5006 1661 5060 malis
1680 5007 1807 5072 suis,
1832 5022 1909 5061 me

311 5119 505 5173 quoque
550 5102 805 5172 pauitebit
835 5102 1122 5166 malorum,
1165 5114 1275 5168 qua
1320 5100 1535 5170 cogitaui
1562 5100 1732 5169 facere
1779 5100 1902 5158 illis.

313 5194 377 5247 Et
402 5195 469 5249 ad
489 5212 736 5249 summam
770 5195 950 5265 loquar
985 5210 1139 5263 super
1165 5202 1361 5263 gentem
1384 5203 1430 5247 et
1455 5210 1686 5264 regnum,
1717 5204 1771 5246 ut
1786 5207 1913 5246 rear-

313 5285 512 5353 diﬁcem
540 5295 587 5341 et
618 5287 841 5355 plantem
877 5302 895 5339 :
925 5296 972 5339 et
1011 5285 1056 5339 si
1097 5285 1308 5356 fecerint
1334 5286 1527 5338 malum
1562 5286 1615 5339 in
1638 5294 1904 5355 conspectu

312 5394 439 5442 meo,
471 5389 523 5432 ut
551 5396 651 5433 non
673 5378 887 5433 audiant
915 5394 1085 5432 vocem
1113 5394 1295 5441 meam,
1335 5394 1414 5431 rte
1434 5394 1628 5447 quoque
1657 5379 1907 5447 paenitebit

312 5477 551 5527 bonorum
570 5511 586 5535 ,
617 5486 731 5539 quis
760 5471 955 5524 locutus
981 5486 1092 5524 sum
1116 5479 1171 5522 ut
1202 5472 1420 5541 facerem
1444 5470 1516 5521 eis
1546 5471 1567 5534 (
1586 5467 1697 5521 Jer.
1730 5468 1817 5523 18.
1842 5468 1905 5522 7-

315 5560 420 5629 10).
457 5560 715 5628 ldipsum,
739 5561 930 5631 inquit,
954 5560 1183 5615 servabo
1212 5560 1372 5615 etiam
1399 5560 1449 5613 in
1474 5559 1649 5614 bonis.
1678 5558 1904 5613 Etiamsi

313 5655 450 5707 cnim
481 5654 668 5707 dixero
698 5668 785 5707 me
817 5652 1270 5709 remdilicaturum
1316 5667 1437 5707 esse
1458 5694 1472 5715 ,
1516 5653 1559 5707 si
1591 5666 1649 5705 se
1677 5652 1907 5720 promis-

313 5748 459 5801 sione
499 5747 746 5815 indignos
792 5748 1151 5811 reddiderint,
1187 5746 1237 5801 id
1267 5763 1371 5801 non
1405 5747 1612 5799 iaciam.
1663 5746 1717 5801 Id
1764 5748 1905 5814 quod

315 5844 464 5895 etiam
513 5844 683 5909 primo
726 5842 923 5895 homini
970 5832 1157 5893 accidit
1192 5862 1200 5892 :
1236 5840 1441 5892 Tt't’mut'
1474 5844 1648 5902 enim,
1693 5838 1896 5907 inquit,

2019 1156 2182 1202 vester
2219 1155 2267 1200 et
2298 1146 2453 1199 timor
2482 1144 2580 1201 erit
2606 1159 2762 1213 super
2788 1143 2928 1215 fera
2962 1139 3123 1212 (Gen.
3150 1140 3206 1197 9.
3233 1140 3295 1213 2)
3314 1152 3519 1213 ;neque
3549 1151 3631 1197 ta—

2020 1252 2141 1293 men
2162 1235 2214 1291 id
2243 1234 2442 1291 factum
2472 1243 2556 1289 est
2588 1250 2605 1289 :
2632 1248 2755 1289 nam
2778 1232 2868 1288 ille
2896 1247 2957 1287 se
2978 1230 3069 1287 tali
3101 1231 3331 1303 imperio
3356 1231 3630 1303 indignant

2022 1326 2257 1383 reddidit
2283 1343 2298 1393 ;
2331 1324 2786 1397 quemadmodum
2814 1334 2870 1378 et
2898 1323 3087 1379 Judas.
3124 1322 3202 1379 Ne
3228 1323 3373 1379 enim
3406 1339 3471 1378 ex
3499 1340 3634 1396 sup.

2023 1421 2166 1492 plieii
2194 1419 2460 1475 sententia
2491 1418 2848 1488 desperantes
2877 1416 3097 1487 quidam
3129 1415 3379 1473 duriores
3406 1415 3631 1485 ﬁerent,

2023 1527 2158 1567 neve
2183 1526 2250 1567 ex
2294 1511 2563 1566 bonorum
2604 1509 2964 1579 promissione
2990 1509 3081 1563 alii
3114 1509 3395 1578 segniores
3434 1509 3633 1567 erade-

2023 1612 2179 1667 rent,
2210 1604 2452 1673 utrisque
2477 1600 2776 1657 remedium
2804 1601 3025 1655 adhibet
3052 1600 3241 1656 dicens
3266 1620 3280 1657 :
3309 1600 3365 1655 Si
3395 1602 3634 1657 minatus

2025 1698 2181 1749 luero
2201 1735 2216 1759 ,
2246 1708 2315 1748 ne
2339 1693 2598 1763 desperes
2630 1709 2647 1747 :
2692 1700 2848 1763 potes
2874 1691 3025 1763 enim
3046 1692 3418 1760 pmoitentiam
3446 1709 3633 1764 agerc,

2024 1785 2453 1855 sententiamque
2474 1798 2649 1840 meam
2679 1783 2913 1847 solvere,
2946 1794 3000 1837 ut
3029 1782 3276 1838 Ninivitae
3307 1802 3323 1839 :
3349 1792 3405 1839 et
3423 1783 3472 1839 si
3501 1785 3628 1841 boui

2024 1877 2299 1947 quidpiam
2330 1874 2658 1946 promittam,
2694 1892 2760 1929 ne
2777 1874 2961 1945 segnis
2980 1874 3055 1929 sis
3080 1873 3152 1932 ob
3180 1876 3635 1945 promissionem:

2027 1984 2153 2024 nam
2182 1968 2229 2022 si
2257 1967 2512 2038 indignus
2552 1965 2815 2033 reddaris,
2847 1965 2980 2020 nihil
3007 1976 3060 2021 te
3079 1965 3296 2035 juvabit
3323 1968 3634 2038 promissio,

2030 2058 2128 2115 sed
2151 2057 2327 2129 maius
2353 2059 2681 2129 supplicium
2703 2057 2809 2114 erit
2840 2072 2980 2129 :ego
3008 2059 3154 2114 enim
3186 2060 3444 2128 promitto
3472 2060 3523 2118 ei
3545 2061 3641 2132 qui

2027 2149 2221 2222 dignus
2249 2161 2353 2206 est.
2387 2151 2593 2206 Idcirco
2621 2158 2749 2205 tunc
2772 2164 2987 2220 quoque
3009 2148 3304 2220 discipulos
3326 2151 3634 2223 alloquens,

2030 2258 2139 2298 non
2166 2242 2489 2311 simpliciter
2515 2241 2779 2312 promittit
2804 2257 2820 2304 ;
2853 2256 2962 2295 non
2988 2240 3134 2295 enim
3160 2240 3506 2298 solummodo
3539 2244 3639 2309 ait,

2042 2332 2158 2395 Vos,
2209 2331 2303 2388 sed
2342 2331 2512 2397 addit,
2571 2330 2675 2399 Qui
2703 2330 2907 2400 sequuti
2933 2331 3053 2387 estis
3090 2347 3203 2397 me,
3251 2341 3311 2387 ut
3338 2344 3394 2388 et
3440 2331 3635 2390 Judam

2029 2425 2271 2494 cjiccret,
2299 2436 2355 2481 et
2405 2439 2502 2480 eos
2552 2424 2643 2495 qui
2685 2433 2871 2493 postea
2920 2424 3080 2479 futuri
3125 2434 3282 2481 erant
3321 2424 3640 2483 attraheret.

2030 2518 2215 2589 Neque
2242 2520 2386 2574 enim
2421 2516 2489 2572 ad
2528 2516 2651 2572 illos
2688 2516 2890 2572 dictum
2919 2526 3002 2572 est
3029 2515 3199 2581 solos,
3230 2533 3408 2590 neque
3448 2519 3517 2574 ad
3545 2519 3642 2577 Ju-

2030 2611 2154 2665 dam
2177 2653 2190 2675 ,
2224 2610 2314 2681 qui
2359 2625 2419 2665 se
2460 2609 2734 2680 indignum
2786 2608 3041 2665 reddidit.
3073 2609 3359 2681 Discipulis
3388 2625 3519 2683 ergo
3559 2612 3643 2669 tuo

2032 2712 2149 2756 tura
2200 2701 2467 2771 promittit
2520 2699 2753 2755 dicendo
2808 2717 2823 2755 :
2868 2698 3121 2756 Sedebitis
3165 2717 3322 2771 super
3372 2702 3643 2759 duodecim

2033 2796 2242 2847 thronos
2273 2809 2291 2845 :
2319 2791 2664 2847 sublimiores
2701 2790 2846 2846 enim
2887 2790 3063 2847 eﬂ'ecti
3112 2792 3244 2846 nihil
3296 2794 3641 2862 praesentium

2031 2886 2348 2965 «parebant
2382 2899 2397 2949 ;
2430 2882 2645 2938 exteris
2675 2892 2856 2937 autem
2903 2884 3190 2953 praisentia
3236 2900 3453 2956 quoque
3485 2887 3642 2956 polli-

2030 2984 2182 3029 cetur
2211 2975 2395 3029 dicens
2437 2992 2451 3029 :
2503 2973 2595 3029 29.
2640 2974 2962 3045 Quicumque
2994 2975 3245 3028 dimiserit
3282 2980 3504 3046 fratres,
3552 2987 3643 3034 aut

2030 3082 2252 3130 sorores,
2281 3074 2368 3119 aut
2400 3075 2619 3135 patrem,
2663 3072 2754 3119 aut
2780 3076 3014 3130 matrem,
3048 3074 3138 3118 aut
3164 3082 3397 3132 uxorem,
3446 3078 3536 3123 aut
3573 3071 3639 3138 fi-

2031 3157 2147 3219 lios,
2179 3164 2269 3209 aut
2295 3172 2481 3226 agros,
2514 3164 2724 3225 propter
2758 3170 2942 3209 nomen
2973 3171 3162 3220 meum,
3192 3158 3485 3227 centuplum
3510 3162 3644 3215 acci-

2032 3251 2134 3321 piet
2162 3250 2214 3303 in
2252 3248 2357 3303 hoc
2389 3249 2589 3304 sacculo
2610 3290 2624 3313 ,
2667 3256 2714 3301 et
2750 3249 2907 3301 vitam
2938 3258 3181 3302 retentam
3223 3251 3520 3318 possidebit.
3564 3253 3644 3310 Ne

2030 3340 2247 3411 quidam
2282 3341 2437 3396 enim‘
2462 3339 2617 3404 illud,
2676 3338 2796 3405 Vos,
2844 3339 3153 3403 audientes.
3203 3340 3336 3399 illud
3372 3345 3525 3414 quasi
3574 3346 3644 3402 ad

2029 3432 2324 3503 discipulos
2360 3433 2539 3488 solum
2577 3432 2858 3498 pertinens
2897 3432 3208 3502 acciperent
3250 3431 3364 3507 (de
3395 3436 3643 3495 maximis

2031 3526 2222 3598 loquor
2262 3536 2319 3583 et
2338 3526 2406 3583 de
2436 3526 2623 3597 primis
2650 3524 2870 3581 sedibus
2900 3523 2920 3595 )
2945 3567 2959 3589 ,
3002 3525 3053 3579 in
3083 3541 3178 3581 eos
3203 3527 3299 3597 qui
3332 3530 3641 3587 mercedem

2028 3621 2297 3689 accepturi
2348 3627 2504 3673 erant
2546 3632 2852 3673 sermonem
2904 3616 3166 3681 extendit,
3220 3626 3276 3673 ct
3322 3621 3641 3688 promissio-

2030 3726 2151 3764 nem
2181 3709 2339 3763 latius
2367 3708 2581 3763 dill‘udit
2610 3708 2663 3761 iu
2696 3716 2868 3762 totum
2892 3706 3099 3771 orbem,
3130 3717 3293 3779 atque
3310 3725 3379 3765 ex
3409 3726 3642 3780 prasen-

2030 3801 2171 3855 tibus
2206 3798 2381 3854 futura
2429 3798 2733 3853 confirmat.
2772 3797 3059 3868 Discipulis
3088 3810 3269 3854 autem
3304 3802 3357 3855 in
3384 3802 3638 3871 exordio,

2027 3906 2149 3946 eum
2181 3890 2358 3945 adhuc
2390 3889 2813 3959 imperiectiores
2839 3899 3043 3955 essent,
3066 3904 3135 3945 ex
3175 3893 3534 3960 praesentibus
3561 3894 3641 3949 lo-

2025 3982 2311 4054 quebatur.
2356 3981 2491 4036 Cum
2542 3982 2695 4043 enim
2739 3979 2965 4034 abduxit
3016 3994 3110 4036 eos
3160 3996 3230 4035 ex
3288 3983 3424 4037 mari
3477 3993 3533 4039 et
3572 4002 3641 4043 ex

2025 4085 2143 4129 arte
2180 4089 2279 4129 sua
2302 4116 2317 4141 ,
2361 4075 2630 4143 jussitque
2658 4071 2961 4126 naviculam
3000 4071 3277 4138 deserere,
3312 4089 3421 4129 non
3449 4076 3637 4142 cados,

2028 4184 2135 4223 non
2166 4166 2390 4223 thronos
2412 4166 2735 4223 memoravit
2766 4182 2782 4231 ;
2810 4165 2905 4219 sed
2938 4180 3025 4219 res
3055 4176 3375 4235 prazsentes,
3400 4167 3590 4226 dicens
3620 4188 3634 4224 :

2026 4260 2242 4315 Faciam
2272 4276 2357 4315 uos
2386 4259 2663 4329 piscatores
2693 4261 2954 4311 homtnum
2982 4255 3197 4324 (Matth.
3223 4259 3278 4313 4.
3314 4259 3437 4331 i9);
3485 4273 3635 4331 post-

2022 4368 2183 4422 quam
2210 4360 2388 4406 autem
2425 4351 2547 4404 illos
2576 4348 2921 4405 snblimiores
2944 4346 3219 4415 ell‘ecerat,
3244 4358 3372 4404 tunc
3416 4351 3629 4407 demun:

2024 4447 2186 4498 etiam
2214 4443 2284 4497 de
2304 4442 2616 4498 caelestibus
2642 4442 2898 4511 loquitur.

2092 4537 2147 4592 2.
2190 4536 2327 4605 Quid
2355 4536 2457 4591 sibi
2488 4536 2603 4589 vult
2640 4533 2767 4588 illud
2791 4576 2807 4601 ,
2845 4532 3144 4587 Judicantes
3172 4533 3444 4588 duodecim
3474 4538 3635 4592 tribus

2020 4628 2238 4685 Israel?
2285 4629 2341 4683 Id
2386 4638 2491 4691 est,
2523 4626 2967 4683 condemnanles.
3011 4625 3197 4697 Neque
3233 4628 3375 4681 enim
3402 4638 3463 4683 ut
3486 4629 3637 4698 judi-

2019 4738 2111 4777 ces
2156 4721 2422 4777 sedebant
2456 4737 2469 4774 :
2510 4720 2606 4775 sed
2635 4721 2771 4775 sicut
2805 4721 3046 4789 reginam
3075 4720 3256 4774 Austri
3278 4720 3622 4778 condemna-

2022 4824 2193 4868 turam
2236 4823 2451 4884 gentem
2495 4813 2641 4867 illam
2690 4812 2940 4879 dicebat,
2993 4820 3051 4867 et
3097 4810 3360 4866 Ninivitas
3406 4828 3627 4884 quoque

2017 4908 2470 4964 condemnaturos
2519 4921 2643 4961 esse
2696 4903 2929 4975 (Matth.
2982 4904 3071 4958 i2.
3124 4905 3217 4959 42.
3261 4903 3374 4973 41)
3405 4922 3416 4957 :
3450 4906 3532 4961 sic
3577 4918 3632 4961 et

2016 5001 2241 5072 apostoli
2272 4998 2727 5055 condemuahunt.
2756 4998 2987 5067 Ideoque
3018 5012 3123 5051 non
3151 4996 3315 5062 dixit,
3346 4998 3553 5053 Gentes
3577 5010 3632 5056 et

2012 5094 2202 5147 orbem
2223 5133 2238 5157 ,
2270 5092 2363 5147 sed
2390 5133 2405 5158 ,
2436 5089 2617 5145 Tribus
2644 5088 2831 5143 Israel.
2860 5089 2997 5156 Quia
3026 5088 3172 5143 enim
3214 5087 3268 5143 in
3304 5088 3498 5144 iisdem
3530 5107 3628 5145 tut-

2017 5186 2127 5241 trili
2172 5195 2325 5240 erant
2363 5194 2419 5240 et
2466 5183 2673 5253 legibus
2712 5192 2766 5236 et
2815 5182 3062 5236 moribus
3113 5192 3167 5235 et
3206 5181 3464 5236 institutis
3518 5192 3625 5237 tam

2014 5278 2181 5333 Judzei
2218 5293 2377 5347 quam
2422 5275 2689 5345 apostoli,
2733 5288 2855 5327 cum
2885 5272 3055 5327 Judaei
3092 5271 3367 5335 dicerent,
3400 5287 3463 5326 se
3498 5272 3623 5327 ideo

2016 5370 2230 5427 Christo
2271 5370 2494 5424 credere
2533 5383 2639 5421 non
2669 5367 2938 5436 potuisse,
2970 5366 3095 5436 quia
3122 5365 3206 5421 lex
3246 5364 3497 5419 mandata
3532 5365 3621 5434 ip-

2014 5468 2126 5520 sius
2163 5463 2401 5533 rccipere
2437 5460 2787 5531 prohibebat,
2827 5457 2912 5511 his
2941 5457 2993 5510 in
3024 5455 3260 5510 medium
3308 5455 3611 5524 productis,

2013 5558 2103 5628 qui
2131 5556 2377 5611 eamdem
2408 5556 2584 5625 legem
2614 5561 2941 5622 acceperant
2962 5560 3014 5605 et
3036 5549 3399 5614 crediderant,
3430 5562 3620 5603 omnes

2014 5654 2134 5706 illos
2156 5650 2484 5705 condemnat
2517 5666 2530 5703 :
2566 5647 2615 5701 id
2648 5646 2791 5715 quod
2818 5647 2981 5699 etiam
3007 5646 3119 5714 jam
3151 5642 3286 5697 dixit
3318 5657 3338 5695 :
3378 5640 3611 5711 Ideoju-

2011 5747 2147 5799 dices
2196 5746 2345 5797 vestri
2392 5726 2537 5795 erunt
2572 5739 2744 5811 (Ibid.
2778 5757 2826 5795 υ.
2875 5740 2944 5792 ‘27
2974 5741 3010 5807 ).
3065 5737 3132 5791 Et
3179 5734 3305 5807 quid
3364 5750 3615 5803 maguum

2015 5839 2139 5905 ipsis
2192 5836 2469 5907 promisit,
2510 5854 2537 5867 ·’
2568 5838 2716 5891 rmfvs
2740 5875 2753 5899 ,
2790 5834 2832 5887 si
2869 5832 2916 5885 id
2943 5876 2954 5897 ,
3005 5828 3145 5899 quod
3194 5826 3387 5882 habent
3437 5827 3618 5895 regina
