4040 6438
460 375 571 426 ’611

475 483 654 539 Austri
683 489 737 537 et
772 480 1037 545 Ninivittc,
1078 479 1305 534 habituri
1341 488 1460 533 sunt
1489 479 1511 531 ἳ
1538 477 1697 533 Certe
1732 477 1895 531 multa
1933 474 2035 528 alia

464 576 577 630 illis
616 584 770 628 antea
801 573 1059 642 promisit,
1087 580 1142 627 et
1185 580 1369 639 postea
1407 570 1567 623 etiam
1606 568 1879 637 promittet
1910 584 1925 621 :
1955 581 2042 620 ae-

470 665 723 735 queillud
767 665 937 717 solum
981 663 1406 731 estprternium.
1458 660 1701 730 Alioquin
1734 671 1911 714 autem
1957 658 2043 712 hic

474 771 678 825 quoque
736 754 931 824 aliquid
995 753 1169 822 majus
1221 751 1770 809 sobindicavit.-Nam
1818 750 1885 805 de
1937 750 2043 804 illis

469 846 778 915 simpliciter
830 847 960 901 dixit
1011 863 1023 898 :
1074 844 1179 897 Viri
1232 843 1474 898 Ninivita:
1528 850 1763 910 surgent,
1813 850 1861 895 et
1906 857 2043 893 con-

467 939 772 993 demnabunt
831 939 1193 1007 generatione»:
1255 937 1429 999 hanc;
1492 944 1577 1000 et,
1626 932 1821 1004 Regina
1870 930 2041 985 Austri

468 1030 814 1085 condemnabit
846 1030 955 1085 :de
986 1030 1066 1083 his
1092 1045 1219 1083 vero
1265 1044 1367 1083 non
1391 1028 1700 1096 simpliciter
1733 1042 1748 1078 :
1783 1022 1875 1078 sed
1903 1035 2067 1092 quo-'

465 1121 635 1174 modo
655 1122 679 1170 ἲ
709 1120 834 1174 Cum
871 1122 1052 1174 sederit
1082 1119 1127 1172 F
1129 1120 1245 1173 ilius
1270 1120 1483 1173 hominis
1513 1119 1565 1171 in
1610 1118 1727 1171 sede
1764 1113 2038 1183 majestatis

462 1230 591 1273 suat.
621 1225 737 1266 tunc
763 1213 991 1267 «debitis
1018 1222 1066 1265 et
1091 1227 1173 1265 vos
1200 1227 1351 1280 super
1377 1210 1641 1265 duodecim
1668 1208 1872 1261 thronos
1896 1220 1914 1268 ,'
1942 1220 2034 1259 os-

469 1305 695 1359 tendens
718 1303 869 1371 ipsos
910 1314 964 1357 et
1004 1311 1416 1370 conregnaturos
1437 1341 1453 1364 ,
1478 1311 1531 1355 et
1558 1299 1739 1369 gloria:
1761 1306 2036 1353 consortes

463 1395 690 1449 futuros.
721 1393 850 1447 Nam
883 1391 944 1447 Si
978 1395 1300 1454 sustinemus,
1330 1392 1525 1459 inquit,
1546 1402 1593 1443 et
1622 1388 2035 1457 conregnabintus

469 1484 565 1554 (2.
589 1483 720 1538 Tim.
760 1483 814 1538 2.
847 1484 971 1555 12).
999 1483 1181 1551 Neque
1204 1483 1345 1535 enim
1387 1479 1560 1533 throni
1596 1478 1777 1533 sedem
1825 1475 2029 1547 signifi~

464 1586 583 1629 cant
608 1592 625 1627 :
654 1575 801 1630 solus
846 1576 1042 1643 quippe
1073 1576 1183 1640 ipse
1206 1586 1450 1625 sessurus
1488 1580 1542 1624 et
1563 1568 1893 1637 iudicaturus
1914 1577 2030 1632 est;

468 1668 565 1723 sed
598 1683 691 1737 per
718 1666 938 1721 thronos
966 1666 1083 1721 illos
1102 1664 1359 1719 honorem
1386 1674 1439 1717 et
1465 1661 1685 1732 gloriam
1716 1661 2033 1715 ineffabilem

461 1760 795 1830 significavit.
828 1757 922 1812 His
950 1758 1128 1827 itaque
1160 1757 1273 1807 luce
1303 1754 1435 1807 dixit
1473 1772 1485 1807 :
1522 1753 1741 1821 reliquis
1769 1767 1893 1805 vero
1920 1766 2033 1806 om-

468 1852 623 1905 nibus
670 1851 830 1902 vitam
871 1857 1161 1911 mteruam,
1206 1856 1259 1901 et
1308 1845 1395 1898 hic
1435 1848 1758 1913 centuplum.
1802 1841 1858 1897 Si
1908 1856 2035 1895 vero

464 1941 706 2004 reliquis.
735 1939 903 1993 multo
925 1939 1090 2006 magis
1117 1937 1396 2004 apostolis,
1424 1936 1582 1989 etiam
1618 1937 1665 1986 in
1694 1934 1793 1986 hoc
1815 1932 2031 1985 sacculo.

462 2032 519 2086 Id
546 2032 687 2101 quod
707 2032 865 2086 etiam
895 2031 1087 2084 evenit.
1131 2029 1351 2083 Calam'o
1379 2028 1521 2082 enim
1548 2036 1601 2081 et
1626 2027 1825 2080 retibus
1845 2025 2031 2078 dimis-

464 2128 571 2191 sis,
599 2121 835 2179 omnium
870 2125 1004 2177 bona
1039 2122 1091 2176 in
1119 2137 1211 2176 sua
1247 2131 1504 2190 potestate
1531 2118 1814 2182 habebant,
1842 2116 2030 2170 domo-

464 2230 581 2268 rum
611 2214 779 2284 pretia
807 2225 860 2267 et
894 2228 1163 2283 agrorum,
1197 2213 1414 2281 ipsaque
1434 2224 1657 2277 corpora
1679 2207 2028 2261 credentium.

465 2305 595 2359 Nam
639 2304 799 2357 ctiam
829 2304 961 2357 mori
994 2317 1089 2372 pro
1118 2303 1244 2369 ipsis
1273 2315 1416 2369 smpe
1439 2300 1749 2361 voluissent,
1791 2309 1845 2349 ut
1872 2297 2032 2351 etiam

464 2400 657 2452 Paulus
705 2397 883 2451 multis
939 2396 1249 2449 testiﬁcatur
1270 2434 1285 2458 ,
1317 2407 1437 2446 cum
1469 2392 1607 2445 dixit
1636 2408 1647 2442 :
1684 2391 1743 2444 Si
1788 2390 1993 2456 possetis
2015 2429 2030 2453 ,

464 2492 611 2543 etiam
637 2493 806 2542 (πνέοι
834 2501 1015 2540 uestros
1037 2488 1235 2539 «pulsos
1263 2486 1381 2538 mihi
1403 2485 1664 2538 dedissetis
1686 2484 1898 2557 (Gabi.
1922 2483 2028 2549 15).

465 2582 596 2638 Cum
638 2592 811 2635 autem
849 2578 1005 2643 dicit,
1041 2578 1351 2645 Quicumque
1378 2576 1635 2645 reliquerit
1666 2591 1894 2638 uxorem,
1928 2587 2033 2626 non

466 2675 579 2728 vult
611 2670 902 2727 dirimenda
928 2685 1047 2725 esse
1070 2668 1403 2722 matrimonia
1428 2684 1442 2731 ;
1472 2667 1564 2721 sed
1594 2666 1731 2719 sicut
1754 2665 1822 2719 de
1860 2664 2035 2718 anima

466 2767 702 2831 dicebat,
747 2763 846 2829 Qui
871 2761 1142 2831 perdiderit
1166 2761 1386 2813 animam
1414 2774 1555 2811 suam
1582 2766 1787 2826 propter
1814 2772 1923 2819 me,
1953 2756 2035 2806 in-

465 2858 622 2911 veniet
650 2872 757 2908 eam
797 2854 815 2923 (
848 2854 1033 2907 Matth.
1080 2850 1167 2905 10.
1198 2851 1267 2905 59
1299 2852 1316 2920 )
1351 2864 1495 2904 :non
1538 2849 1636 2901 hoc
1684 2847 1816 2900 dixit
1847 2856 1905 2899 ut
1940 2859 2036 2899 nos

464 2950 767 3004 oceidamns
798 2963 811 3011 ;
845 2961 1020 3015 ueqtie
1066 2954 1124 2998 ut
1156 2946 1276 2999 ideo
1320 2956 1630 3011 st-paremus
1674 2938 1816 2992 illam
1856 2954 1885 2992 a
1912 2952 2033 2993 cor-

468 3058 617 3112 pore.
650 3042 741 3097 sed
772 3052 827 3094 ut
856 3039 1104 3094 omnibus
1132 3040 1381 3108 pietatem
1406 3049 1775 3105 pntiponamus
1808 3052 1821 3086 :
1851 3033 1952 3087 hoc
1980 3041 2037 3087 et

467 3134 534 3189 de
562 3148 728 3187 uxore
772 3140 825 3187 et
868 3130 934 3185 do
964 3130 1213 3184 fratribus
1240 3127 1386 3182 dicit.
1428 3126 1642 3180 Videtur
1669 3124 1844 3179 autem
1874 3124 2032 3178 etiam

467 3223 904 3294 persequutiones
932 3220 1016 3275 hic
1057 3219 1418 3274 subiudicare.
1459 3216 1591 3270 Nam
1620 3215 1740 3285 quia
1764 3214 1909 3268 multi
1947 3228 2038 3282 pa-

467 3324 575 3371 tres
598 3315 850 3384 erantqui
879 3314 1015 3368 filios
1034 3353 1050 3379 ,
1082 3320 1135 3367 et
1160 3323 1357 3365 uxores
1384 3323 1503 3379 qua:
1529 3308 1672 3361 viros
1698 3304 1762 3359 ad
1790 3303 2037 3373 impieta-

470 3417 576 3459 tem
606 3405 884 3458 trahebant
924 3421 938 3457 ε
978 3401 1108 3457 Cum
1139 3402 1253 3456 ba-e
1287 3399 1669 3471 praeceperint,
1704 3397 1907 3467 inquit,
1937 3409 2035 3450 nec

468 3510 662 3551 uxores
707 3494 1034 3559 habeantur,
1080 3508 1249 3562 neque
1297 3498 1516 3560 patres,
1550 3488 1689 3559 quod
1743 3499 1797 3541 et
1846 3485 2037 3541 Paulus

466 3587 674 3641 dicebat
722 3602 737 3639 :
787 3581 1020 3652 Inﬁdelis
1053 3598 1168 3636 vero
1196 3584 1240 3636 si
1266 3581 1494 3645 discedit,
1528 3576 1793 3645 discedat(
1813 3578 1865 3632 1.
1913 3573 2033 3630 Cor.

466 3680 521 3734 7.
555 3678 684 3747 15).
730 3676 930 3731 Eorum
972 3676 1149 3744 itaque
1178 3672 1388 3728 animos
1420 3671 1665 3741 erigens,
1708 3679 1765 3725 et
1806 3668 2038 3725 suadetis

467 3770 574 3825 illis
595 3778 651 3823 ut
678 3779 733 3823 et
761 3769 829 3822 de
853 3783 912 3822 se
933 3775 987 3822 et
1012 3766 1080 3820 de
1102 3774 1213 3821 toto
1236 3765 1368 3820 orbe
1396 3763 1727 3820 confiderent
1746 3802 1761 3829 ,
1790 3761 2035 3817 addidit:

466 3860 558 3916 30.
600 3859 751 3913 Multi
780 3868 950 3911 autent
975 3867 1120 3911 erant
1162 3857 1313 3925 primi
1354 3857 1643 3920 novissimi,
1697 3865 1745 3908 et
1782 3854 2039 3908 novissimi

466 3952 638 4020 primi.
674 3949 783 4003 lloc
808 3958 985 4003 autem
1016 3948 1287 4003 indefinite
1307 3957 1361 4002 et
1386 3947 1454 4001 de
1482 3947 1665 4002 multis
1688 3948 1804 4001 aliis
1834 3947 2035 4002 dictum

465 4048 580 4105 est;
626 4040 824 4094 dictum
858 4050 1032 4092 tamen
1074 4038 1171 4091 fuit
1210 4047 1264 4090 et
1295 4037 1361 4092 de
1392 4038 1508 4103 his,
1537 4045 1593 4090 et
1615 4037 1683 4091 de
1717 4036 2000 4091 Pharismis
2020 4075 2036 4100 ,

467 4136 557 4204 qui
587 4151 692 4189 nou
716 4129 1056 4188 crediderunt
1083 4173 1098 4199 ,
1128 4131 1270 4200 quod
1297 4141 1352 4185 et
1391 4131 1443 4184 in
1484 4129 1848 4199 superioribus
1889 4128 2039 4184 dice-

469 4228 595 4283 bat:
630 4224 782 4279 Multi
810 4224 1003 4278 venient
1044 4223 1107 4277 ab
1136 4221 1338 4275 Oriente
1374 4230 1420 4275 et
1460 4218 1748 4281 Occidente,
1781 4229 1827 4274 et
1854 4235 2044 4273 recum-

468 4317 582 4371 bent
624 4332 735 4368 cum
771 4314 1026 4369 Abraham
1048 4354 1063 4378 ,
1095 4311 1243 4366 Isaac
1278 4320 1323 4365 et
1349 4310 1512 4365 Iacob
1534 4328 1552 4365 :
1582 4311 1677 4380 ﬁlii
1705 4319 1872 4364 autem
1898 4310 2040 4381 regni

470 4407 735 4475 ejicientur
775 4408 913 4475 {oras
949 4402 1183 4474 (Matth.
1216 4403 1270 4459 8.
1306 4404 1365 4456 11
1397 4402 1438 4471 ).
1484 4402 1684 4456 Deinde
1735 4402 2040 4471 parabola'm

467 4496 669 4565 adjicit,
690 4512 790 4565 qua
814 4509 998 4549 eorum
1023 4494 1109 4562 qui
1127 4492 1278 4547 tarde
1297 4500 1559 4546 venerunt
1575 4490 1747 4545 studia
1769 4489 2045 4545 fiduciam-

466 4604 570 4659 que
611 4586 864 4643 incendit.
908 4588 994 4641 Ait
1047 4587 1228 4641 enim:
1259 4583 1425 4656 (Cap.
1478 4583 1577 4639 XX
1597 4583 1698 4655 )1.
1750 4583 1931 4638 Simile
1971 4592 2047 4639 est

467 4696 677 4752 regnum
717 4679 951 4733 oculorum
991 4678 1180 4731 homini
1208 4676 1585 4746 patrifamilias,
1612 4675 1696 4742 qui
1733 4674 1851 4727 exiit
1882 4675 2043 4742 primo

471 4788 617 4825 mane
639 4771 915 4824 conducere
942 4770 1196 4839 operarios
1224 4768 1276 4819 in
1304 4768 1498 4820 vineam
1534 4781 1697 4819 suam.
1728 4764 1785 4819 2.
1816 4762 2045 4818 Conven-

468 4864 605 4919 tione
646 4872 813 4915 autem
841 4861 976 4930 facta
1022 4877 1134 4913 cum
1178 4858 1423 4928 operariis
1475 4873 1537 4910 ea:
1574 4857 1781 4910 denario
1822 4854 2044 4921 diurno,

468 4956 603 5009 misit
637 4971 724 5008 eos
745 4956 795 5006 in
838 4947 1031 5005 vineam
1057 4968 1219 5004 suam.
1256 4952 1311 5005 ὅ.
1355 4948 1423 5002 Et
1452 4950 1596 5002 tertia
1622 4950 1748 5002 hora
1774 4949 1895 5001 vidit
1920 4947 2050 5003 alios

470 5058 653 5105 stantes
681 5048 866 5101 otiosos
886 5087 898 5109 ,
931 5046 985 5099 4.
1015 5055 1060 5098 et
1097 5045 1224 5097 dixit
1267 5044 1368 5097 illis
1403 5059 1423 5096 :
1450 5041 1533 5096 Ite
1568 5051 1615 5095 et
1655 5057 1741 5095 vos
1769 5042 1820 5093 in
1854 5041 2047 5093 vineam

454 5157 664 5204 -meum,
695 5150 740 5193 et
779 5139 915 5209 quod
935 5140 1128 5208 justum
1161 5138 1310 5206 fuerit
1353 5136 1481 5189 dabo
1523 5136 1679 5190 vobis.
1712 5136 1767 5192 5.
1813 5131 1882 5187 Et
1915 5134 2050 5187 circa

472 5245 664 5287 sextam
694 5242 738 5285 et
769 5246 955 5284 nonam
990 5229 1164 5282 horam
1200 5228 1315 5296 fecit
1354 5228 1599 5281 similiter.
1630 5227 1685 5281 6.
1718 5226 1865 5281 Circa
1887 5225 2048 5279 unde-

474 5324 654 5377 cimam
679 5331 843 5374 autem
870 5321 1067 5384 horam,
1108 5318 1225 5372 vidit
1247 5318 1377 5371 alios
1407 5327 1590 5371 stantes
1625 5319 1828 5382 otiosos,
1861 5326 1908 5369 et
1931 5315 2049 5371 dicit

475 5414 578 5466 illis
631 5428 650 5464 :
696 5411 829 5476 Quid
858 5412 938 5463 hic
980 5412 1123 5465 statis
1160 5419 1264 5464 tota
1301 5409 1626 5463 die.otiosi?
1669 5411 1722 5463 7.
1757 5407 1845 5462 Illi
1886 5420 2049 5462 autem

478 5506 648 5558 dicunt
674 5504 717 5556 ei
744 5519 761 5557 :
792 5502 841 5555 Ν
848 5519 955 5556 cuto
994 5520 1085 5556 nos
1108 5502 1365 5557 conduxit.
1401 5500 1536 5556 Dicit
1566 5501 1636 5555 eis
1660 5516 1677 5555 :
1699 5499 1781 5555 Ite
1806 5512 1851 5555 et
1890 5518 1973 5555 vos
1997 5503 2049 5555 iu

476 5598 672 5651 tineam
705 5613 887 5660 meam,
916 5610 957 5649 et
984 5595 1116 5665 quod
1133 5596 1331 5665 justum
1359 5596 1508 5663 fuerit
1535 5594 1811 5663 accipietis.
1852 5594 1905 5649 8.
1950 5592 2048 5647 Ve-

484 5709 555 5755 spa
572 5706 624 5742 re
646 5698 813 5742 autem
836 5688 991 5757 facta,
1007 5688 1126 5741 dicit
1152 5688 1384 5741 dominus
1405 5688 1560 5739 vinea:
1587 5687 1899 5757 procuratori
1918 5703 2008 5738 suo
2030 5700 2049 5738 .'

492 5779 619 5838 Voca
648 5782 907 5854 Operm-ias
964 5790 1009 5837 et
1036 5780 1103 5837 da
1142 5781 1212 5837 eis
1238 5779 1509 5835 mercedem
1530 5821 1545 5846 ,
1575 5780 1817 5852 incipiens
1848 5778 1907 5831 ab
1934 5778 2051 5831 ulti-

1189 365 1246 421 λς.
1279 339 1559 421 ‘toanms
1596 361 2063 419 CllRYSOSTOMt
2102 362 2417 422 ancnmp.
2455 369 2982 430 CONSTANTINOP.

2163 379 2417 466 uultur.
2455 379 2982 430 CUNSTANTINOP.
3618 379 3677 433 (il
3689 379 3728 434 Ξ

2149 479 2243 527 mis
2264 492 2417 547 usque
2442 481 2510 532 ad
2528 484 2736 550 primos.
2756 485 2809 539 9.
2839 487 2961 540 Cum
2982 489 3225 544 uenissent
3246 492 3284 544 ii
3307 493 3395 559 qui
3413 494 3547 547 circa
3562 493 3726 546 Inde-

2149 565 2330 619 cimam
2366 566 2543 623 horam
2573 585 2838 640 venerant,
2877 580 3428 652 acceperunt'singulos
3452 584 3713 640 denarios.

2150 656 2236 710 10.
2280 656 2347 711 Et
2376 661 2620 719 venientes
2648 664 2798 728 primi
2832 668 3235 723 existimaverunt
3261 674 3397 741 quod
3421 676 3535 743 plus
3559 690 3725 733 essent

2149 751 2418 819 accepturi,
2458 760 2502 802 et
2527 764 2825 821 acceperunt
2852 756 2951 824 ipsi
2978 774 3171 828 quoque
3198 763 3425 833 singulos
3459 766 3722 833 denarios.

2155 839 2237 890 11.
2267 848 2315 891 et
2350 840 2646 905 accipientes
2689 847 3066 900 murmurabant
3093 852 3333 904 adversus
3378 859 3723 926 patremfami-

2149 928 2244 981 lias
2269 972 2281 993 ,
2316 929 2400 984 12.
2448 931 2664 988 dicentes
2694 948 2711 987 :
2747 933 2815 988 Ili
2860 938 3117 991 novissimi
3149 957 3246 993 una
3271 942 3397 994 hora
3425 946 3651 1014 fecerunt
3681 949 3724 1013 ⁸,

2147 1030 2192 1073 et
2219 1039 2362 1090 pares
2391 1023 2506 1077 illos
2538 1026 2679 1080 nobis
2707 1026 2887 1095 fecisti,
2913 1031 2997 1095 qui
3036 1035 3343 1100 portavimus
3371 1036 3569 1104 pondus
3598 1041 3720 1103 diei,

2147 1123 2192 1166 et
2217 1125 2393 1167 testam
2418 1116 2443 1169 .9
2477 1119 2565 1173 15.
2585 1116 2704 1185 Ipse
2724 1131 2887 1173 autem
2908 1125 3212 1191 respondens
3234 1127 3321 1178 uni
3349 1143 3519 1180 eorum
3546 1130 3675 1184 dixit
3702 1148 3727 1187 :
3782 1118 3785 1121 I

2149 1202 2338 1267 Amice,
2373 1223 2471 1259 non
2502 1210 2633 1277 facio
2664 1209 2750 1262 tibi
2770 1210 3008 1278 injuriam
3043 1229 3061 1266 :
3083 1229 3247 1268 nonne
3274 1232 3336 1269 ea:
3362 1217 3569 1272 denario
3598 1236 3725 1273 con-

2145 1298 2319 1349 venisti
2341 1314 2529 1351 mecum
2562 1300 2587 1353 7
2612 1300 2697 1354 14.
2738 1300 2879 1355 Tolle
2897 1305 3031 1371 quod
3051 1315 3189 1358 tuum
3209 1317 3302 1370 est,
3337 1318 3383 1361 ct
3410 1310 3553 1363 vade.
3597 1310 3723 1367 Volo

2145 1394 2311 1437 autem
2342 1386 2464 1440 dare
2492 1399 2538 1440 et
2560 1390 2737 1444 ultimo
2757 1392 2874 1444 huic
2912 1394 3039 1446 sicut
3064 1405 3111 1448 et
3140 1394 3244 1447 tibi.
3275 1398 3363 1452 15.
3396 1398 3578 1452 Annon
3607 1401 3725 1455 licet

2145 1478 2271 1530 mihi
2296 1480 2432 1548 quod
2456 1480 2565 1534 volo
2604 1484 2770 1553 facere
2798 1485 2850 1537 in
2879 1486 2941 1537 iis
2960 1502 3073 1551 qua:
3100 1503 3208 1539 mea
3236 1499 3357 1541 sunt
3386 1491 3412 1541 .7
3439 1490 3517 1543 An
3545 1493 3723 1545 oculus

2146 1579 2264 1621 tuus
2302 1586 2516 1640 nequam
2546 1583 2650 1637 est,
2690 1574 2809 1643 quia
2847 1590 2937 1643 ego
2972 1576 3127 1629 bonus
3152 1593 3262 1629 sum
3292 1577 3317 1630 ?
3346 1579 3429 1632 l6.
3462 1576 3549 1631 Ita
3576 1589 3722 1633 erunt

2145 1661 2400 1713 novissimi
2445 1663 2625 1729 primi,
2658 1673 2703 1716 et
2746 1664 2892 1733 primi
2928 1665 3203 1721 novissimi.
3256 1665 3410 1720 Multi
3437 1668 3571 1722 enim
3602 1679 3722 1723 sunt

2142 1756 2337 1816 vocati,
2367 1755 2514 1822 pauci
2542 1769 2655 1807 vero
2679 1755 2838 1808 electi.

2214 1843 2266 1896 ὅ.
2309 1843 2445 1908 Quid
2475 1845 2573 1897 sibi
2607 1846 2715 1898 vult
2743 1848 2854 1898 tunc
2877 1846 3122 1913 parabola
3153 1847 3177 1899 2
3204 1846 3385 1917 Neque
3402 1849 3541 1903 enim
3568 1849 3717 1919 prin-

2140 1934 2279 2002 cipio
2304 1936 2566 1987 consentit
2601 1935 2725 1988 illud
2758 1936 2898 2005 quod
2931 1938 2980 1989 iu
3014 1939 3116 1990 line
3142 1938 3355 2005 dicitur,
3384 1940 3475 1993 sed
3504 1952 3718 1995 contra-

2144 2024 2278 2075 rium
2311 2026 2527 2077 omnino
2556 2026 2813 2079 enuntiat.
2858 2027 2913 2080 In
2960 2027 3057 2081 hac
3099 2028 3241 2081 enim
3290 2012 3503 2083 exhibet
3534 2046 3721 2085 omnes

2143 2112 2325 2165 eadem
2358 2115 2570 2181 praemia
2598 2116 2937 2183 accipientes,
2978 2131 3147 2185 neque
3176 2117 3309 2171 alios
3334 2118 3554 2187 eiectos,
3586 2120 3722 2175 alios

2144 2218 2271 2256 vero
2300 2205 2560 2258 admissos
2589 2222 2603 2269 ;
2653 2206 2763 2273 ipse
2796 2218 2971 2258 autem
3007 2216 3061 2261 et
3088 2200 3213 2262 ante
3253 2219 3305 2262 et
3345 2221 3465 2278 post
3492 2212 3720 2280 parabo-

2146 2294 2249 2348 lam
2280 2297 2602 2350 contrarium
2634 2297 2765 2352 dixit
2800 2314 2811 2349 :
2846 2296 3008 2351 Erunt
3043 2299 3195 2358 primi
3219 2302 3506 2365 novissimi,
3549 2312 3595 2355 et
3622 2319 3720 2356 ua-

2142 2387 2333 2439 vissimi
2374 2389 2566 2455 primi,-
2600 2389 2647 2441 id
2674 2398 2751 2442 est
2774 2429 2787 2452 ,
2821 2390 2946 2458 ipsis
2983 2390 3169 2458 primis
3201 2392 3437 2458 priores,
3466 2394 3571 2447 illis
3613 2411 3721 2450 non

2146 2478 2329 2547 primis
2360 2477 2713 2545 manentibus,
2739 2478 2831 2533 sed
2863 2488 2981 2547 post
3002 2479 3124 2533 illos
3153 2481 3361 2549 positis.
3392 2480 3543 2548 Quod
3574 2486 3719 2537 enim

2146 2570 2247 2624 hoc
2263 2570 2522 2640 significet
2540 2570 2773 2624 declarat
2793 2571 2975 2625 dicens
3005 2590 3019 2625 :
3057 2571 3110 2624 Μ
3117 2572 3206 2625 ulti
3233 2573 3366 2625 cnint
3388 2556 3505 2626 sunt
3534 2575 3716 2640 vocati,

2146 2660 2297 2730 pauci
2326 2677 2440 2715 vero
2483 2660 2624 2714 electi
2652 2676 2671 2714 :
2702 2662 2770 2713 ita
2814 2672 2868 2715 ut
2916 2661 3114 2730 duplici
3147 2664 3309 2717 modo
3338 2673 3394 2719 et
3425 2643 3543 2719 illos
3570 2681 3721 2719 mor-

2145 2754 2307 2818 deat,
2335 2763 2388 2808 ct
2415 2754 2513 2807 hos
2543 2754 2846 2808 consoletur
2871 2764 2923 2808 et
2951 2753 3209 2809 hortetur.
3252 2756 3507 2811 Parabola
3536 2768 3718 2812 autem

2144 2858 2251 2897 non
2282 2842 2331 2896 id
2357 2840 2523 2907 dicit;
2555 2842 2649 2896 sed
2686 2843 2805 2897 illos
2833 2845 3069 2912 probatis
3104 2846 3249 2908 viris,
3273 2847 3363 2915 qui
3385 2848 3608 2900 multum
3642 2848 3722 2901 la-

2143 2931 2488 3000 boraverint,
2541 2927 2697 3003 pares
2742 2934 2943 2989 futuros
2980 2952 2995 2988 :
3028 2950 3147 2989 nam
3184 2937 3365 3007 aiunt,
3400 2935 3561 2991 Pares
3605 2938 3723 2990 illos

2144 3030 2290 3083 nobis
2313 3027 2501 3095 fecistis
2525 3068 2538 3089 ,
2579 3028 2663 3093 qui
2697 3029 3005 3094 portavimus
3046 3028 3245 3096 pondus
3288 3029 3406 3090 diei,
3444 3039 3492 3081 et
3519 3038 3720 3083 testam.

2143 3115 2275 3185 Quid
2320 3132 2451 3187 ergo
2502 3118 2604 3172 sibi
2658 3117 2768 3170 vult
2823 3116 3120 3185 parabola?
3164 3118 3532 3173 Necessarium
3576 3120 3723 3174 enim

2142 3220 2225 3265 est
2252 3210 2353 3264 hoc
2380 3210 2551 3280 primo
2576 3209 2850 3264 declarare
2869 3250 2885 3275 ,
2913 3217 2968 3263 et
2990 3221 3113 3265 tunc
3149 3211 3596 3267 illud'solremus.
3625 3211 3722 3267 Vi-

2146 3318 2299 3357 neam
2320 3302 2476 3373 igitur
2504 3301 2747 3356 mandata
2772 3304 2881 3368 Dei,
2903 3303 3157 3373 operandi
3180 3314 3383 3372 tempus
3406 3314 3723 3373 prtesentem

2146 3395 2307 3449 vitam
2334 3394 2568 3463 appellat
2599 3412 2612 3447 :
2654 3395 2926 3464 Operarios
2946 3437 2961 3458 ,
2989 3411 3083 3449 eos
3112 3396 3198 3465 qui
3229 3396 3444 3451 diverso
3474 3397 3631 3451 modo
3652 3396 3722 3451 ad

2147 3484 2239 3540 Dei
2269 3493 2529 3555 prtecepta
2553 3486 2719 3539 vocati
2742 3496 2906 3551 sunt;
2941 3501 3111 3549 mane,
3148 3487 3321 3551 tertia,
3354 3496 3519 3551 sexta,
3554 3503 3719 3553 nona,

2145 3576 2424 3631 undecima
2469 3574 2599 3628 hora
2623 3617 2636 3636 ,
2669 3576 2758 3644 qui
2788 3575 3027 3630 diversis
3063 3576 3309 3631 tetatibus
3345 3588 3722 3646 accesserunt,

2143 3676 2199 3722 et
2252 3683 2366 3722 rem
2412 3666 2548 3721 bene
2589 3674 2887 3736 gesserunt.
2919 3666 3023 3721 Sed
3068 3668 3357 3737 qumritur,
3404 3684 3532 3721 num
3564 3668 3723 3739 primi

2144 3762 2234 3832 qui
2256 3760 2461 3831 probati
2491 3760 2655 3823 fuere,
2684 3768 2737 3813 et
2766 3759 2872 3814 Deo
2905 3758 3169 3827 placuere,
3199 3761 3393 3831 quique
3422 3777 3514 3829 per
3550 3772 3721 3817 totum

2141 3850 2393 3906 diurnum
2433 3849 2666 3903 laborem
2693 3845 2950 3918 splendidi
2981 3848 3127 3904 fuere
3147 3890 3161 3913 ,
3192 3860 3433 3904 extremo
3472 3851 3723 3919 nequitia:

2142 3942 2332 3998 morbo
2371 3939 2742 4002 laboraverint,
2776 3939 2967 3992 invidia
3002 3954 3191 4008 nempe
3216 3950 3267 3994 et
3303 3940 3494 3993 livore.
3525 3940 3724 3994 Viden-

2147 4042 2227 4087 tes
2270 4031 2411 4086 enim
2451 4030 2570 4083 illos
2594 4029 2777 4083 eadem
2808 4029 3055 4085 mercede
3092 4029 3316 4084 donatos
3340 4070 3355 4092 ,
3396 4030 3579 4083 dicunt
3609 4048 3621 4083 :
3656 4029 3727 4085 lli

2146 4121 2401 4176 novissimi
2423 4135 2525 4172 una
2550 4118 2675 4171 hora
2702 4122 2923 4189 fecerunt
2945 4160 2959 4184 ,
2985 4127 3029 4171 et
3057 4135 3204 4188 pares
3227 4120 3345 4172 illos
3375 4118 3515 4172 nobis
3540 4121 3723 4190 fecisti,

2147 4218 2232 4285 qui
2250 4216 2557 4285 portavimus
2597 4215 2793 4283 pondus
2819 4214 2917 4267 diei
2944 4255 2958 4278 ,
2993 4224 3037 4268 et
3072 4226 3247 4269 testam
3272 4217 3298 4269 ?
3328 4215 3397 4269 Et
3434 4232 3553 4269 cum
3586 4215 3724 4269 nihil

2147 4305 2324 4360 datnui
2365 4305 2666 4373 acciperent
2689 4345 2703 4367 ,
2739 4320 2835 4357 nec
2867 4305 3099 4373 ipsorum
3142 4320 3347 4360 merces
3370 4306 3724 4369 minueretur.

2146 4396 2317 4451 aliena
2347 4397 2481 4450 bona
2503 4410 2643 4465 a'gre
2672 4406 2724 4449 ct
2759 4395 2971 4463 indigne
3013 4396 3251 4450 lci-ebant
3280 4414 3295 4460 ;
3324 4382 3465 4466 quad
3495 4413 3558 4451 ex
3594 4396 3730 4450 invi-

2147 4486 2232 4542 dia
2271 4498 2325 4542 et
2356 4487 2519 4540 livore
2550 4484 2725 4539 fiebat.
2768 4485 2846 4539 Ad
2890 4485 3003 4540 lucc
3043 4502 3168 4540 vero
3197 4487 3309 4556 ipse
3346 4486 3728 4555 paterfamilias

2149 4593 2246 4647 pro
2272 4577 2401 4647 ipsis
2430 4576 2778 4645 respondens,
2804 4586 2858 4630 ct
2887 4578 3141 4630 adversus
3162 4592 3283 4632 eum
3311 4578 3402 4645 qui
3433 4576 3544 4632 huic
3574 4576 3735 4631 dixe-

2150 4680 2231 4725 rat
2250 4684 2368 4725 sese
2391 4668 2705 4731 defendens,
2737 4668 2981 4738 nequitia:
3010 4684 3129 4723 eum
3156 4684 3486 4737 summa:th
3516 4669 3730 4722 invitlite

2148 4760 2384 4825 damnat,
2418 4759 2497 4813 bis
2526 4759 2702 4813 verbis
2731 4776 2743 4811 :
2782 4757 2967 4813 Nonne
2992 4776 3054 4813 ea:
3093 4760 3300 4813 denario
3338 4760 3609 4813 convenisti
3634 4776 3730 4813 nte-

2150 4852 2310 4905 cum?
2349 4849 2493 4904 Tolle
2532 4850 2664 4917 quod
2689 4859 2831 4903 tuum
2860 4860 2951 4917 est,
2992 4859 3039 4903 et
3080 4854 3222 4904 vade.
3265 4849 3387 4903 Vola
3420 4836 3590 4903 autem
3611 4851 3730 4903 huic

2152 4941 2331 4995 ultimo
2359 4943 2481 4994 dare
2526 4941 2652 5007 sicut
2702 4952 2746 4993 et
2775 4940 2880 4993 tibi.
2924 4942 2999 4993 An
3026 4942 3203 4994 oculus
3232 4953 3344 4994 tuus
3384 4957 3598 5009 nequam
3632 4950 3729 5008 est,

2150 5035 2270 5105 quia
2297 5049 2385 5104 ego
2412 5033 2569 5086 bonus
2605 5049 2717 5085 sum
2746 5034 2769 5085 .7
2810 5032 2943 5099 Quid
2989 5033 3145 5101 igitur
3173 5048 3236 5085 ex
3293 5032 3376 5085 his
3427 5033 3597 5086 verbis
3630 5034 3730 5084 atl-

2152 5124 2416 5186 struitur?
2445 5124 2572 5177 Nam
2604 5132 2656 5177 et
2696 5125 2747 5175 in
2770 5124 2888 5178 aliis
2916 5124 3179 5191 parabolis
3206 5122 3307 5176 hoc
3348 5124 3517 5193 ipsum
3550 5124 3731 5177 videre

2151 5224 2253 5270 est.
2303 5215 2470 5270 Filius
2497 5216 2638 5268 enim
2682 5214 2768 5267 ille
2813 5213 3011 5282 probus
3053 5212 3103 5266 in
3136 5212 3279 5267 hunc
3325 5229 3537 5282 quoque
3566 5214 3733 5269 animi

2154 5308 2398 5363 morbum
2456 5306 2705 5360 incidisse
2745 5304 3097 5374 perhibetur,
3145 5304 3357 5374 quando
3400 5304 3533 5357 vidit
3581 5304 3729 5358 illmu

2154 5399 2430 5469 prodigum
2480 5397 2728 5459 fratrem,
2784 5396 2871 5462 qui
2904 5395 3071 5448 multo
3103 5393 3378 5449 fruebatur
3409 5395 3645 5456 honore,
3680 5405 3731 5448 et

2153 5489 2355 5558 majore
2399 5501 2558 5557 quam
2591 5488 2703 5555 ipse
2732 5484 3001 5537 liahuisSct
3027 5487 3043 5553 (
3072 5482 3321 5558 Lucam.
3362 5483 3451 5537 28.
3482 5501 3585 5553 sqq.
3595 5499 3633 5553 ).
3668 5483 3735 5538 Ut

2157 5584 2294 5638 enim
2326 5581 2375 5633 hi
2406 5578 2662 5647 majorem
2698 5580 2819 5631 inde
2850 5576 3152 5630 mercedem
3184 5575 3555 5646 accipiebant,
3586 5573 3728 5643 quod

2195 5717 2432 5831 ututiorel.
2456 5725 2508 5767 et
2533 5714 2726 5780 quidam
2758 5712 2838 5765 alii
2874 5696 3073 5775 habent,
3109 5710 3296 5775 operati
3318 5717 3445 5773 sunt,
3480 5724 3587 5774 pro,
3609 5710 3737 5772 [θῦεν

2153 5797 2281 5831 τιωι.
2952 5818 2959 5825 .
