4040 6418
206 424 314 477 615

204 535 364 604 primi
409 534 740 604 acciperent,
774 530 850 584 sic
891 529 980 584 ille
1007 527 1160 597 copia
1190 526 1456 581 donorum
1498 520 1668 592 magis
1706 520 1802 571 Ito-

206 626 502 681 norabutur
532 635 623 682 :ct
645 625 757 679 lucc
793 624 880 678 ille
907 622 1106 692 probus
1137 620 1275 674 filius
1305 617 1640 674 testificatur.
1666 613 1804 680 Quid

207 719 370 788 igitur
397 719 582 774 dicere
632 732 913 786 possumus
941 717 964 768 ?
992 713 1158 768 Nemo
1188 713 1257 768 de
1301 712 1388 766 tali
1418 712 1538 778 jure
1570 708 1808 778 disputat

203 814 258 869 in
314 827 485 882 regno
529 811 781 865 caelorum
820 807 1038 871 :absit;
1095 807 1243 862 locus
1271 805 1415 861 enim
1449 805 1537 858 ille
1566 819 1595 856 a
1636 803 1806 857 livore

202 915 259 961 et
287 903 485 958 invidia
516 918 682 971 purus
707 911 810 957 est.
836 898 968 954 Nam
997 900 1040 953 si
1069 900 1237 953 sancti
1270 899 1320 952 in
1346 897 1446 950 hac
1469 896 1572 950 vita
1600 895 1807 949 animas

203 1010 328 1050 suas
372 1011 469 1063 pro
513 993 883 1064 peccatoribus
926 991 1223 1056 dederunt,
1258 989 1428 1044 multo
1469 989 1638 1059 magis
1675 1002 1807 1057 gau-

201 1094 352 1156 dent,
381 1105 504 1144 eum
532 1090 646 1142 illos
673 1087 743 1142 ibi
779 1087 965 1141 vident
996 1085 1150 1139 bouis
1190 1084 1290 1138 l'rui
1319 1083 1649 1146 caelestibus,
1685 1095 1806 1150 quae

203 1187 342 1236 bona
371 1181 474 1235 sibi
517 1179 820 1235 communia
858 1186 1065 1248 putant.
1099 1176 1212 1244 Qua
1252 1190 1384 1245 ergo
1409 1173 1478 1230 de
1507 1187 1666 1226 causa
1706 1172 1806 1226 bac

206 1273 375 1344 figura
423 1271 694 1326 sermonis
725 1285 850 1323 usus
890 1269 1023 1322 est?
1065 1267 1319 1322 Parabola
1375 1275 1660 1330 narratur,
1706 1278 1805 1318 nec

203 1371 419 1432 oportet
450 1364 502 1416 in
535 1361 803 1431 parabolis
833 1361 1010 1414 omnia
1038 1359 1103 1412 ad
1134 1359 1341 1411 literam
1367 1356 1677 1425 explorare,
1709 1353 1804 1408 sed

206 1471 330 1509 cum
369 1469 594 1524 scopum
642 1452 908 1523 parabola:
945 1450 1232 1504 didicimus
1257 1489 1271 1504 .
1301 1448 1444 1502 hunc
1471 1446 1764 1516 decerpere
1787 1485 1802 1510 ,

206 1563 305 1601 nec
334 1557 531 1599 eactera
570 1545 835 1598 curiosius
865 1541 1196 1596 examinare.
1233 1541 1341 1594 Cur
1385 1553 1517 1609 ergo
1558 1537 1673 1591 hu-c
1708 1551 1802 1606 pa-

206 1639 388 1690 rabola
417 1637 496 1689 sic
537 1635 858 1689 concinnata
907 1633 1040 1698 fuit,
1087 1643 1141 1686 et
1184 1631 1309 1702 quid
1350 1631 1461 1683 vult
1516 1627 1806 1685 statuelc?

208 1728 333 1782 Vult
358 1744 451 1782 803
478 1771 492 1790 ,
530 1730 618 1797 qui
664 1729 714 1780 in
757 1739 1003 1782 extrema
1048 1734 1326 1779 Senectute
1357 1723 1603 1778 conversi
1637 1731 1802 1785 sunt,

203 1822 558 1874 studiosiores
583 1820 828 1883 reddere,
864 1834 1038 1888 neque
1061 1827 1248 1888 putare
1267 1817 1392 1872 sinit
1416 1831 1536 1872 esse
1563 1817 1680 1870 illos
1702 1831 1806 1870 czc~

205 1912 338 1966 teris
369 1912 672 1965 inferiores.
719 1910 844 1966 Ideo
873 1908 1073 1964 inducit
1093 1910 1230 1962 alios
1251 1923 1394 1978 aegre
1423 1907 1656 1965 ferentes
1683 1906 1806 1961 illo-

205 2018 324 2056 rum
355 2003 493 2056 bona
513 2043 526 2064 ,
561 2017 668 2056 non
701 2012 754 2054 ut
785 2001 995 2056 invidia:
1021 2001 1142 2054 tabe
1175 1999 1482 2054 laborantes
1506 1997 1762 2053 ostendat
1787 2013 1801 2052 :

203 2097 344 2150 absit
374 2111 390 2160 ;
419 2094 513 2149 sed
547 2103 602 2147 ut
627 2095 823 2150 doceat
854 2094 974 2150 illos
1009 2103 1157 2148 tanto
1191 2092 1292 2146 frui
1322 2093 1559 2157 honore,
1589 2103 1645 2146 ut
1677 2108 1803 2162 pos-

202 2189 311 2241 sint
344 2173 508 2240 etiam
545 2187 680 2240 alios
724 2185 790 2240 ad
823 2185 1079 2240 invidiam
1114 2201 1333 2240 movere
1369 2201 1383 2249 ;
1433 2192 1491 2238 ut
1515 2185 1676 2239 etiam
1706 2191 1805 2238 nos

203 2280 524 2350 plerumque
546 2280 778 2334 dicimus
809 2299 822 2332 :
852 2280 946 2335 Ille
974 2296 1059 2334 me
1090 2281 1395 2347 accusavit,
1427 2280 1571 2350 quod
1597 2289 1803 2334 tantum

202 2372 296 2426 tibi
337 2371 597 2427 honorem
645 2372 954 2436 tribuerim;
1002 2388 1106 2425 non
1137 2370 1278 2441 quod
1329 2386 1681 2438 accuscmur,
1722 2372 1804 2428 vel

205 2462 348 2532 quod
397 2462 473 2514 illi
502 2463 708 2516 crimen
742 2462 1008 2516 intentare
1038 2462 1263 2516 velimus
1284 2503 1299 2523 ,
1323 2461 1419 2516 sed
1461 2473 1515 2515 ut
1537 2462 1661 2518 doni
1692 2479 1806 2516 ma-

199 2553 536 2622 gnitudinem
586 2552 923 2608 declaremus
955 2554 990 2604 ⁸.
1044 2553 1152 2609 Sed
1201 2570 1299 2608 cur
1330 2571 1435 2609 non
1467 2569 1658 2609 omnes
1697 2568 1805 2610 sta-

201 2648 292 2700 tim
339 2646 596 2701 mcrrede
632 2645 884 2701 conduxit
918 2645 1234 2714 ?Quantum
1269 2648 1320 2701 in
1356 2662 1417 2702 se
1444 2657 1578 2711 erat,
1614 2664 1803 2704 omnes

198 2739 462 2793 conduxit
496 2758 507 2792 :
543 2739 684 2810 quod
713 2739 758 2794 si
788 2755 893 2793 non
925 2740 1082 2794 simul
1125 2755 1314 2796 omnes
1344 2741 1627 2811 obscqunti
1652 2751 1797 2808 sunt,

199 2830 560 2884 differentiam
585 2831 824 2886 exhibuit
845 2847 1032 2886 eorum
1056 2836 1143 2902 qui
1174 2835 1342 2887 vocati
1371 2831 1519 2889 fuere
1534 2835 1802 2889 voluntas.

203 2919 326 2973 ldco
356 2920 449 2974 alii
497 2935 688 2986 mane,
714 2921 809 2977 alii
854 2923 1032 2988 tertia,
1066 2922 1153 2976 alii
1182 2932 1331 2978 sexta
1367 2925 1452 2978 vel
1501 2939 1640 2978 nona
1673 2925 1800 2980 liora

199 3021 500 3069 vocantur.
541 3011 630 3064 alii
677 3012 957 3067 undet-ima
984 3054 997 3076 ,
1045 3015 1166 3083 quia
1213 3023 1338 3070 tunc
1380 3015 1802 3085 obtemperaturl

200 3112 370 3156 erant.
421 3101 534 3157 lloc
584 3103 707 3158 item
757 3103 953 3161 Paulus
996 3106 1288 3162 declaravit
1333 3108 1602 3174 :Quando
1633 3122 1804 3166 autem

200 3197 359 3248 risum
387 3207 461 3249 est
493 3193 620 3261 Deo,
664 3199 748 3267 qui
771 3215 849 3250 me
876 3202 1158 3270 segregavit
1182 3218 1244 3253 ea:
1279 3211 1420 3256 utero
1460 3206 1638 3258 matris
1679 3222 1804 3261 utea

204 3286 363 3350 (Gal.
405 3289 453 3342 1.
497 3288 610 3358 15).
641 3290 992 3356 Quandonam
1027 3292 1077 3346 id
1118 3295 1168 3348 ei
1216 3295 1386 3350 visum
1414 3305 1497 3350 est
1522 3297 1544 3349 ?
1572 3297 1800 3366 Quando

202 3377 287 3433 ille
328 3379 793 3448 obtemperaturus
819 3391 954 3438 erat.
989 3383 1122 3437 Nam
1158 3385 1272 3455 ipse
1303 3402 1332 3439 a
1363 3389 1626 3457 principio
1655 3391 1802 3445 volc-

202 3470 290 3522 bat
322 3487 334 3522 :
365 3469 488 3538 quia
531 3480 710 3525 autem
745 3472 836 3527 ille
879 3483 1004 3528 tunc
1057 3491 1162 3528 non
1207 3491 1459 3531 cessurus
1489 3489 1606 3534 erat
1629 3522 1642 3543 ,
1677 3489 1802 3536 tunc

201 3560 298 3627 ipsi
330 3561 502 3614 visum
535 3561 649 3628 fuit,
682 3577 802 3616 cum
824 3563 910 3618 ille
930 3565 1324 3636 obsequuturus
1354 3578 1488 3622 erat.
1521 3569 1610 3624 Sic
1639 3573 1799 3626 etiam

201 3650 463 3706 latronem
515 3655 746 3716 vocavit,
794 3655 895 3710 etsi
943 3658 1116 3724 potuis
1151 3667 1204 3712 et
1245 3669 1402 3713 antea
1437 3676 1666 3726 vocare;
1707 3663 1800 3719 sed

202 3742 286 3797 ille
317 3755 443 3798 tunc
471 3760 579 3798 non
609 3744 1050 3814 obtemperasset.
1078 3748 1207 3802 Nam
1241 3751 1284 3802 si
1336 3751 1532 3806 Paulus
1554 3754 1622 3806 ab
1652 3755 1803 3808 initio

203 3850 305 3888 non
331 3837 633 3906 paruisset,
667 3840 835 3894 multo
865 3840 1043 3894 minus
1076 3841 1231 3895 latro.
1257 3843 1407 3908 Quod
1440 3844 1482 3898 si
1517 3845 1566 3898 bi
1600 3845 1801 3913 dicant,

204 3926 368 3981 Nemo
402 3946 492 3982 nos
523 3930 768 3984 conduxit
797 3946 816 3984 :
844 3931 930 3986 hic
962 3949 1065 3986 non
1096 3944 1306 4004 opertet
1327 3977 1342 4000 ,
1382 3945 1440 3990 ut
1464 3935 1596 4002 dixi,
1623 3938 1800 3994 omnia

201 4021 252 4075 in
283 4022 550 4091 parabolis
582 4023 746 4092 posita
776 4025 1043 4078 curiosius
1083 4027 1389 4092 exiilorare.
1421 4027 1517 4082 Hie
1538 4045 1666 4083 vero
1696 4046 1800 4086 non

202 4111 586 4181 paterfamilias
631 4115 730 4168 hoc
765 4114 930 4181 dicit,
970 4116 1064 4171 sed
1097 4117 1172 4172 illi
1216 4117 1422 4174 dicunt.
1472 4119 1588 4190 Ipse
1623 4133 1800 4177 autt-m

202 4220 307 4259 nou
334 4203 537 4260 refutat
577 4205 719 4271 illos,
754 4215 810 4260 ut
847 4221 951 4261 nou
988 4209 1270 4278 perplexos
1302 4210 1590 4277 redderet,
1619 4214 1712 4268 sed
1746 4224 1802 4269 ut

202 4296 523 4352 attraheret.
569 4296 701 4352 Nam
733 4299 874 4369 quod
901 4313 1116 4362 omnes.
1147 4311 1404 4370 quantum
1434 4303 1499 4356 ad
1544 4319 1604 4358 se
1637 4307 1802 4374 perti-

203 4389 362 4456 nebat
389 4429 406 4454 ,
441 4389 612 4460 prima
641 4392 822 4445 statim
848 4391 982 4446 liora
1024 4395 1314 4457 vocaverit.
1340 4395 1662 4466 significavit
1690 4399 1800 4470 ipsa

203 4482 494 4552 parabola,
539 4499 658 4553 qua:
703 4484 866 4552 dicit,
899 4501 1056 4540 mane
1083 4488 1257 4558 ipsum
1285 4488 1353 4543 ad
1394 4490 1801 4547 conducendum

201 4577 452 4632 exivisse.

270 4668 328 4722 ι.
372 4666 624 4738 Undique
655 4683 784 4739 ergo
826 4669 1170 4726 manifestum
1217 4680 1298 4726 est
1346 4673 1523 4742 nobis,
1568 4675 1632 4730 ad
1657 4677 1798 4740 illos,

201 4758 287 4825 qui
319 4773 384 4811 ex
409 4758 582 4827 prima
609 4768 786 4826 astate,
812 4770 867 4815 et
890 4760 956 4814 ad
987 4761 1130 4825 illos,
1178 4765 1266 4832 qui
1298 4767 1502 4821 tardius
1542 4776 1702 4839 atque
1747 4772 1800 4824 in

201 4858 477 4904 senectute
509 4851 755 4904 virtutem
783 4854 1202 4922 amplectuntur,
1227 4857 1423 4911 dictam
1455 4858 1620 4915 fuisse
1655 4877 1802 4930 para-

203 4940 380 4996 bolam
417 4957 429 4992 :
461 4941 528 4995 ad
554 4942 695 5004 illos.
743 4958 811 4999 ne
840 4946 1201 5013 superbirent,
1253 4964 1386 5003 neve
1412 4952 1804 5020 exprobrarent

203 5033 286 5098 iis,
333 5033 426 5103 qui
451 5033 597 5088 circa
628 5035 965 5091 undecimam
1015 5035 1201 5091 horam
1245 5050 1540 5106 venerunt;
1592 5043 1657 5097 ad
1705 5046 1802 5099 bos

202 5133 408 5189 autem,
461 5131 520 5177 ut
565 5123 860 5188 discerent,
907 5126 1052 5181 brevi
1100 5135 1341 5198 tempore
1388 5140 1556 5187 totum
1599 5135 1806 5206 acquiri

201 5229 383 5283 posse.
436 5214 570 5269 Nam
621 5217 743 5286 quia
788 5216 856 5271 de.
897 5218 1205 5274 vebemcn:i
1249 5221 1428 5277 studio
1459 5224 1798 5294 laquebatur,

200 5309 266 5365 dc
296 5303 610 5374 abjicieudis
631 5308 890 5377 pecuniis,
917 5310 986 5364 de
1005 5320 1314 5382 contemptu
1338 5330 1517 5369 rerum
1535 5320 1795 5384 omnium,

203 5411 506 5467 magnoque
550 5398 616 5451 ad
663 5415 780 5452 eam
826 5417 938 5454 rem
986 5404 1169 5456 animo
1215 5404 1545 5479 juvenilique
1588 5409 1801 5467 fervore

202 5506 338 5558 opus
382 5501 534 5558 erat,
580 5495 880 5549 accendens
929 5496 981 5550 in
1035 5496 1140 5551 illis
1198 5498 1469 5555 flammam
1523 5505 1800 5571 caritatis,

205 5594 649 5656 coiistautemqne
700 5588 751 5640 in
801 5589 931 5658 ipsis
981 5605 1176 5657 parans
1233 5593 1514 5660 animum,
1568 5599 1805 5652 ostendit

207 5692 366 5750 posse
391 5692 488 5733 eos
517 5679 606 5748 qui
638 5680 891 5748 postremi
926 5690 1214 5749 venerunt,
1270 5686 1430 5740 totius
1458 5685 1564 5741 diei
1597 5704 1803 5744 merce-

212 5830 502 5944 ὠδῖσι-ειη
518 5829 608 5880 sed
632 5841 680 5884 ut
698 5833 812 5882 doni
837 5837 964 5900 quod
988 5832 1218 5899 accepisti
1242 5837 1622 5907 magnitudinem
1646 5831 1805 5896 decla-

325 5907 384 5944 ιι.

325 5907 384 5944 ιι.

534 5990 784 6055 Parum.
860 6000 978 6058 Gn.
1035 6001 1247 6063 Lilil.

1175 411 1238 467 IN
1280 405 1688 465 SlAT'l'llAlUil
1732 401 1965 458 1103111..
2007 405 2194 462 LXIV.
2235 407 2305 462 al.
2350 408 2511 465 LXV.

3416 417 3520 472 (ili

1916 516 2039 572 dem
2083 521 2348 591 accipere.
2393 522 2500 579 Sed
2529 523 2632 580 ltoc
2664 541 2772 580 non
2801 525 2952 589 dicit,
2982 543 3049 580 ue
3084 527 3203 581 illos
3236 528 3288 582 in
3323 544 3520 602 snper-

1913 611 2052 665 biam
2081 612 2374 682 conjiceret
2401 631 2415 668 :
2444 615 2680 670 ostendit
2710 626 2890 670 autem
2923 625 3092 671 totum
3134 636 3201 674 cx
3227 620 3347 690 ejus
3369 621 3523 677 beni-

1911 703 2118 773 gnitate
2147 720 2289 768 esse,
2332 705 2559 777 ejusque
2587 724 2691 778 ope
2729 709 2877 779 ipsos
2927 726 3032 764 nou
3081 711 3329 782 lapsuros
3376 729 3517 779 esse,

1912 795 2006 850 scd
2039 796 2324 852 ineffabilia
2357 799 2494 853 bona
2523 812 2974 870 consenpmturos.
3036 801 3104 858 Et
3148 804 3248 860 hoc
3287 806 3521 862 maxime

1912 899 1994 942 est
2023 888 2164 957 quod
2196 905 2292 960 per
2321 890 2458 946 hanc
2507 893 2816 963 parabolam
2849 893 2961 948 vult
2987 895 3224 953 efficere.
3270 898 3427 968 Quod
3475 898 3519 953 si

1912 982 2224 1053 sobjungat,
2276 983 2344 1037 Et
2393 997 2541 1039 erunt
2587 987 2848 1041 novissimi
2878 989 3052 1058 primi,
3103 1001 3150 1043 et
3177 992 3325 1056 primi
3354 993 3523 1045 noris-

1911 1075 2048 1139 simi,
2089 1086 2178 1140 et,
2225 1075 2380 1131 Multi
2409 1078 2545 1132 enim
2582 1089 2702 1133 sunt
2756 1079 2954 1146 vocati,
3000 1083 3152 1150 pauci
3189 1098 3307 1136 vero
3353 1086 3516 1144 electi,

1914 1183 1980 1222 ne
2011 1168 2244 1225 mireris.
2268 1168 2383 1224 Non
2405 1171 2548 1225 enim
2580 1171 2681 1227 lioc
2705 1173 2859 1242 quasi
2884 1189 2950 1228 ex
2979 1174 3232 1242 parabola
3260 1177 3523 1247 colligens

1911 1259 2061 1324 dicit,
2096 1260 2189 1316 sed
2227 1263 2331 1316 hoc
2374 1263 2640 1332 significat
2690 1281 2704 1318 :
2748 1263 2900 1321 Sicut
2937 1267 3041 1321 hoc
3081 1268 3327 1337 contigit,
3358 1269 3435 1324 sic
3468 1278 3523 1326 et

1913 1350 2042 1406 illud
2073 1354 2370 1424 (Ontinget.
2402 1353 2497 1408 llic
2523 1356 2667 1409 enim
2703 1372 2810 1410 non
2842 1356 2965 1412 facti
2997 1366 3123 1412 sunt
3153 1360 3313 1429 primi
3342 1362 3524 1415 novis-

1911 1443 2054 1505 simi,
2088 1445 2181 1500 sed
2210 1446 2399 1501 eadem
2427 1447 2701 1516 asseqnuti
2731 1460 2857 1503 sunt
2898 1465 3089 1507 omnes
3123 1462 3330 1526 .prtelet‘
3371 1470 3521 1524 spem

1910 1545 1964 1589 et
1990 1541 2479 1608 CXSPL'ClaliOIICIlI.
2525 1542 2678 1599 Sicut
2703 1553 2884 1598 autem
2910 1545 3038 1600 illud
3067 1556 3262 1617 pncter
3288 1565 3438 1620 spem
3469 1561 3526 1607 ct

1905 1633 2372 1698 .cxsjwctmiouem
2405 1637 2606 1700 evenit,
2637 1644 2692 1690 et
2721 1636 2810 1704 qui
2843 1647 3027 1706 postca
3061 1653 3340 1708 venerunt,
3376 1645 3523 1710 prio-

1913 1722 2060 1778 ribus
2089 1741 2247 1791 parcs
2277 1726 2491 1782 fuerunt
2526 1747 2539 1782 :
2573 1728 2641 1781 ita
2667 1739 2721 1783 et
2747 1728 2848 1784 ltoe
2878 1732 3028 1800 quod
3052 1733 3223 1801 majus
3252 1745 3336 1791 est
3364 1738 3525 1791 tniru-

1915 1812 2070 1868 bilius
2097 1817 2393 1888 continget,
2428 1820 2568 1890 quod
2611 1821 2820 1876 scilicet
2850 1825 3130 1879 omission
3161 1837 3287 1882 ante
3318 1829 3526 1898 priores

1911 1904 2017 1959 sint
2040 1946 2056 1971 ,
2101 1917 2154 1960 ct
2188 1909 2391 1977 priores
2438 1922 2558 1981 post
2599 1913 2949 1971 novissimos.
2981 1917 3137 1972 Aliud
3169 1919 3330 1988 igitur
3365 1921 3519 1986 illud,

1911 1999 2055 2053 aliud
2081 2001 2181 2056 hoc
2208 2011 2310 2057 est.
2334 2003 2555 2059 \‘idetur
2581 2015 2761 2061 autem
2787 2007 2889 2064 hoc
2910 2010 3048 2063 mibi
3077 2010 3278 2077 dicere,
3305 2013 3526 2069 Judsros

1913 2093 2278 2157 subiudicans,
2329 2105 2385 2150 et
2431 2098 2615 2153 fideles
2648 2101 2766 2155 illos
2793 2103 2881 2172 qui
2911 2119 2942 2158 e
2974 2104 3238 2174 principio
3265 2106 3523 2171 ﬂoruere.

1912 2182 2217 2256 deindcqnc
2248 2189 2488 2258 neglecta
2517 2192 2716 2247 virtute
2745 2205 2892 2248 retro
2927 2209 3248 2262 cesserunt;
3286 2200 3524 2272 illosque

1912 2289 2120 2342 rursus,
2146 2279 2236 2347 qui
2264 2295 2294 2334 a
2331 2283 2566 2352 nequitia
2593 2299 2952 2356 emergentes.
2987 2289 3184 2343 multos
3209 2301 3522 2350 antecche-

1911 2379 2054 2422 runt.
2122 2370 2254 2428 Nam
2303 2376 2631 2433 minationes
2687 2379 2808 2435 illas
2854 2393 2904 2436 et
2959 2383 3010 2437 in
3065 2384 3170 2441 fide
3213 2397 3267 2442 ot
3317 2387 3370 2442 in
3418 2390 3522 2444 vita

1911 2460 2170 2518 videmtIS.

1997 2551 2108 2607 Vita
2136 2556 2266 2609 bona
2292 2568 2341 2611 et
2366 2569 2500 2614 recta
2530 2561 2660 2630 ﬁdes
2684 2564 2754 2617 ad
2778 2566 2996 2620 salutent
3027 2574 3341 2629 itcecssariru.
3389 2574 3523 2628 Pars

1909 2646 2108 2700 uirtutis
2156 2661 2447 2721 contempta
2492 2654 2875 2712 damnationem
2932 2660 3104 2726 a/Icrt.
3174 2663 3525 2737 Hecmosyme

1911 2740 2090 2792 modus
2119 2743 2251 2807 quis.
2282 2772 2354 2784 —
2380 2745 2775 2812 Quamobrem,
2832 2753 3091 2820 obsecro,
3150 2761 3274 2812 totis
3318 2761 3522 2818 viribus

1911 2832 2247 2899 Studeamus,
2302 2847 2358 2890 ut
2401 2839 2450 2892 iu
2488 2849 2630 2894 recta
2669 2842 2770 2897 lide
2812 2856 3038 2910 sturnus,
3085 2863 3137 2906 et
3177 2853 3338 2908 vitam
3382 2860 3527 2926 opti-

1911 2939 2052 2978 mam
2076 2927 2446 2985 exltibeamus.
2465 2931 2572 2986 Nisi
2599 2936 2743 2990 enim
2774 2938 2937 2992 vitam
2967 2940 3072 2996 fide
3099 2956 3280 2999 nostra
3302 2947 3521 3018 dignam

1909 3015 2189 3082 ducamus,
2233 3032 2510 3077 extremas
2539 3027 2786 3082 dabimus
2817 3045 3021 3097 ιιαειιςιε.
3075 3035 3138 3088 Et
3170 3035 3272 3091 boc
3302 3015 3382 3093 ex.
3404 3042 3518 3108 pri-

1907 3109 2017 3165 scis
2044 3110 2149 3167 illis
2176 3117 2506 3185 temporibus
2543 3118 2841 3177 declaravit
2890 3124 3077 3182 beatus
3127 3127 3347 3197 Paulus,
3393 3150 3518 3190 cum

1908 3201 2043 3257 dixit
2086 3221 2102 3263 :
2155 3204 2344 3262 Omnes
2388 3211 2614 3264 eamdem
2652 3231 2820 3268 escam
2858 3219 3181 3288 spiritualent
3229 3226 3521 3282 manduca-

1909 3309 2108 3360 vcrnnt,
2157 3309 2204 3354 ct
2247 3317 2420 3357 omnes
2460 3307 2691 3358 eumdem
2720 3321 2895 3378 potum
2923 3315 3243 3382 spirimalem
3288 3320 3520 3376 biberunt

1914 3391 1989 3460 (1.
2017 3391 2139 3446 Cor.
2166 3394 2253 3450 10.
2284 3397 2381 3453 5-5
2406 3400 2442 3467 ),
2471 3401 2724 3472 additque
2755 3421 2861 3460 non
2890 3408 3119 3464 salutem
3151 3423 3341 3469 nactos
3372 3431 3516 3481 csso,

1907 3491 1963 3537 et
1998 3483 2053 3537 in
2079 3485 2300 3541 deserto
2330 3500 2635 3558 prostratos
2668 3494 2858 3551 fuisse.
2893 3494 3136 3567 ldipsum
3163 3510 3217 3555 et
3249 3503 3316 3559 de
3349 3521 3521 3563 evan-

1909 3575 2116 3644 gelistis
2143 3577 2364 3647 (Matth.
2398 3582 2453 3637 7.
2477 3585 2569 3637 22.
2601 3585 2693 3656 23)
2719 3588 2980 3642 Christus
3013 3591 3334 3660 declaravit,
3362 3599 3526 3656 indu-

1905 3682 2036 3722 cens
2060 3673 2329 3740 quosdam
2354 3677 2446 3745 qui
2472 3677 2755 3735 daemonas
2778 3681 3054 3752 cjeecrant
3074 3694 3125 3739 et
3150 3691 3515 3759 propltetave-

1905 3771 2051 3827 rant,
2073 3766 2207 3819 etad
2231 3768 2564 3837 supplicium
2583 3773 2803 3828 abducti
2833 3774 3072 3831 fuerant.
3094 3780 3172 3833 Ad
3195 3780 3310 3838 haec
3327 3799 3519 3844 omnes

1910 3853 2026 3923 ejus
2052 3856 2322 3927 parabolae
2347 3875 2362 3923 ;
2394 3861 2582 3930 quales
2610 3863 2716 3918 illa:
2741 3865 3030 3936 virginum,
3060 3885 3301 3941 sageure,
3338 3873 3521 3943 spina-

1911 3961 2050 4012 rum,
2093 3948 2302 4002 arboris
2350 3951 2578 4006 fructum
2626 3971 2732 4010 non
2780 3957 3045 4027 facientis,
3095 3963 3352 4020 virtutem
3392 3982 3514 4020 cum

1909 4039 2162 4106 operibus
2211 4042 2453 4112 exigunt.
2509 4045 2583 4102 De
2610 4047 2956 4118 dogmatibus
2985 4071 3109 4108 raro
3135 4056 3377 4125 disserit,
3425 4059 3515 4114 illa

1909 4131 2108 4201 quippe
2160 4133 2342 4190 labore
2384 4153 2489 4192 non
2522 4150 2714 4208 egent;
2749 4143 2818 4198 de
2846 4146 2951 4199 vita
2981 4159 3161 4204 autem
3190 4165 3360 4220 saepe,
3411 4154 3520 4206 imo

1911 4222 2136 4291 ubique;
2166 4238 2483 4296 perpetuum
2513 4234 2658 4286 enim
2682 4234 2877 4290 bellum
2901 4252 2964 4292 ea
2996 4241 3046 4292 in
3074 4256 3134 4295 re
3159 4244 3355 4310 agitur,
3383 4245 3522 4298 ideo.

1911 4328 2015 4383 que
2059 4315 2209 4369 labor
2239 4318 2307 4371 ibi
2355 4321 2626 4377 aSsiduus.
2673 4325 2878 4394 quuid
2927 4329 3118 4401 loquor
3157 4333 3224 4388 de
3269 4336 3520 4390 universo

1912 4407 2034 4460 vita:
2082 4408 2366 4464 instituto?
2417 4413 2546 4469 Pars
2596 4417 2740 4472 enim
2791 4421 2934 4477 illius
2980 4434 3290 4497 contempta
3326 4445 3519 4500 magna

1911 4500 2070 4554 infert
2109 4503 2283 4568 mala;
2336 4509 2569 4578 cxctiipli
2615 4527 2774 4568 causa
2806 4532 2817 4566 :
2853 4517 3204 4591 elccmosyna
3237 4524 3478 4592 neglecta
3507 4569 3522 4586 .

1909 4594 2168 4649 socordes
2209 4596 2260 4650 in
2302 4601 2607 4668 gehennam
2649 4607 2908 4676 conjicit;
2944 4611 3071 4667 licet
3113 4631 3217 4669 non
3265 4618 3516 4672 universa

1913 4684 2082 4739 virtus
2130 4687 2222 4754 sit,
2272 4689 2366 4745 sed
2419 4709 2542 4762 pars
2582 4705 2789 4753 tantum
2823 4702 2966 4770 ejus.
2999 4706 3252 4761 Attamen
3287 4710 3524 4779 virgines

1913 4778 2054 4847 quod
2100 4781 2198 4836 bac
2245 4785 2446 4842 virtute
2488 4800 2695 4845 ornata:
2743 4809 2849 4848 non
2898 4807 3101 4861 essent,
3139 4816 3327 4868 ῃοριιειε
3354 4778 3522 4859 dede-

1911 4877 2039 4923 runt
2083 4889 2095 4926 :
2143 4873 2294 4930 dives
2331 4893 2547 4948 quoque
2593 4881 2694 4938 hac
2734 4885 2802 4940 de
2841 4901 3000 4943 causa
3045 4894 3416 4962 torquebatur.
3470 4907 3526 4955 et

1910 4963 2002 5032 qui
2033 4963 2333 5022 famelicum
2369 4986 2473 5025 non
2504 4973 2774 5042 cibarunt,
2815 4993 2878 5032 ea
2918 4979 2987 5035 de
3037 4997 3196 5036 causa
3243 5002 3367 5041 cum
3410 4987 3526 5043 din-

1914 5056 2039 5110 bolo
2065 5060 2512 5119 condemnamur.
2543 5065 2754 5124 Rursus
2782 5086 2889 5125 non
2930 5074 3260 5134 maledicere
3288 5094 3412 5146 pars
3438 5091 3522 5140 est

1913 5154 2033 5224 ejus
2060 5155 2279 5211 minima
2312 5175 2326 5210 :
2359 5168 2415 5212 et
2455 5169 2635 5216 tamen
2677 5163 2776 5221 hoc
2817 5167 2980 5220 etiam
3021 5169 3260 5226 excindit
3296 5188 3392 5229 eos
3430 5174 3524 5241 qui

1915 5262 2020 5302 non
2050 5247 2322 5304 abstinent
2356 5266 2370 5304 :
2399 5252 2474 5306 ait
2504 5254 2668 5318 enim,
2728 5257 2826 5322 Qui
2866 5259 3055 5314 dixerit
3094 5265 3248 5334 fratri
3279 5283 3398 5332 suo,
3421 5265 3526 5322 Fa-

1915 5346 2017 5402 tue,
2067 5355 2183 5393 reus
2231 5341 2324 5394 erit
2369 5343 2614 5414 gehennc
2658 5349 2790 5418 ignis
2838 5350 3051 5421 (Μηίων.
3079 5353 3131 5409 ὅ.
3160 5354 3279 5426 22).
3315 5357 3524 5416 Rursus

1913 5431 2242 5486 continentia
2289 5449 2504 5506 quoque
2552 5454 2674 5507 pars
2716 5442 2930 5498 virtutis
2970 5455 3074 5501 est.
3128 5449 3524 5509 Attameusinu

1915 5521 2001 5576 illa
2033 5538 2192 5578 nemo
2222 5526 2427 5582 videbit
2458 5529 2744 5587 Dominum
2777 5552 2789 5588 :
2828 5533 3018 5590 Pacem
3055 5540 3223 5606 enim,
3275 5544 3370 5610 ait,
3404 5562 3524 5614 per-

1911 5617 2201 5683 sequimini,
2247 5627 2296 5671 et
2321 5621 2737 5685 sanctimoniam.
2765 5630 2874 5681 sine
2900 5645 3002 5697 qua
3031 5649 3177 5687 nemo
3205 5635 3386 5702 uidebit
3417 5636 3524 5691 Do-

1915 5710 2105 5760 minum
2130 5706 2316 5780 (llebr.
2354 5711 2440 5766 l2.
2477 5714 2589 5786 H).
2623 5715 2906 5775 llumilitas
2931 5724 3182 5782 similiter
3210 5730 3384 5798 portio
3411 5731 3520 5787 vir-

1916 5801 2045 5856 tutis
2092 5810 2176 5856 est
2231 5819 2244 5855 :
2293 5813 2531 5863 attamen
2582 5810 2625 5864 si
2671 5813 2792 5882 quis
2839 5826 3034 5872 ca-tcra
3085 5819 3222 5876 bona
3263 5831 3416 5893 agat,
3469 5835 3523 5880 et

1919 5901 2056 5956 hanc.
2077 5914 2181 5953 non
2217 5909 2476 5969 sectetur,
2513 5903 2753 5974 impurus
2780 5918 2863 5963 est
2890 5911 3028 5982 apud
3057 5913 3222 5968 Deum
3251 5934 3264 5977 ;
3295 5917 3344 5972 id
3374 5919 3522 5989 quod

3137 6032 3209 6092 10
