4040 6456
583 404 688 456 σιτ»

581 521 752 587 palam
781 531 862 576 est
888 537 952 575 ex
983 520 1274 584 Pharisazo,
1318 523 1403 589 qui
1436 523 1698 576 sexcentis
1727 531 1947 575 ornatus
1976 522 2149 586 bonis,

581 622 706 667 hinc
739 611 911 666 omnia
951 612 1198 682 perdidit.
1236 612 1347 680 Ego
1376 629 1502 667 vero
1530 614 1656 682 quid
1701 614 1930 683 amplius
1970 615 2152 668 dicen-

581 707 706 760 dum
759 705 950 760 habeo.
996 705 1182 776 Neque
1225 706 1368 760 enim
1413 723 1514 761 una
1564 705 1732 761 Solum
1787 723 1874 762 res
1917 708 2154 778 neglecta

575 796 771 851 claudit
818 796 971 851 nobis
999 796 1211 862 cazlmn,
1258 796 1352 852 sed
1382 799 1427 852 si
1458 799 1546 853 ilat
1572 798 1807 867 quidem,
1835 797 1927 852 sed
1958 813 2060 852 non
2091 812 2152 853 ea

574 902 728 956 quam
754 885 909 942 decet
936 888 1206 954 diligentia
1234 904 1295 943 ac
1328 891 1553 955 temne,
1598 889 1830 961 idipsum
1862 891 1987 947 facit
2025 910 2038 946 :
2080 895 2153 947 ait

573 978 711 1032 enim
743 995 757 1032 :
791 977 912 1032 Nisi
937 977 1263 1034 abundaverit
1277 981 1481 1052 justitia
1520 993 1679 1036 vestra
1706 984 1820 1054 plus
1843 999 1996 1049 quam
2023 986 2148 1038 scri-

575 1070 747 1123 barum
774 1080 818 1123 ct
845 1070 1244 1137 Pliaristeorum,
1279 1089 1378 1127 non
1399 1073 1647 1128 intrabitis
1674 1074 1726 1127 in
1755 1091 1966 1146 regnum
1995 1075 2148 1130 cwlo-

569 1180 681 1217 rum
717 1163 929 1236 (Matth.
969 1165 1022 1220 5.
1053 1164 1167 1237 20).
1217 1165 1399 1236 Itaque
1423 1167 1466 1221 si
1490 1166 1884 1238 eleemosynam
1914 1168 2144 1233 dederis,

570 1270 668 1310 nec
715 1257 866 1326 copia
919 1255 1139 1326 majore,
1191 1273 1350 1327 quam
1399 1257 1497 1323 illi,
1528 1272 1594 1312 eo
1635 1274 1740 1312 non
1787 1259 2031 1312 intrabis.
2082 1258 2148 1312 Et

567 1357 822 1415 quantum
851 1346 923 1401 illi
955 1347 1264 1417 prmhebant
1300 1347 1703 1419 eleemosynxe?
1748 1348 1860 1403 Hoc
1897 1363 1996 1418 ego
2025 1348 2150 1402 νυιο

566 1455 709 1497 mmc
732 1440 930 1506 dicere,
955 1449 1012 1496 ut
1035 1440 1122 1511 qui
1150 1456 1255 1496 non
1281 1440 1431 1505 dant,
1461 1441 1527 1496 ad
1561 1441 1794 1496 dandum
1825 1441 2141 1506 excitentur,

565 1533 654 1604 qui
681 1547 808 1588 vero
834 1531 983 1596 «iant,
1030 1547 1098 1588 ne
1137 1532 1302 1586 altum
1335 1532 1565 1600 sapiant,
1605 1532 1698 1587 sed
1732 1532 1882 1602 plura
1914 1532 2145 1602 largian-

572 1637 677 1680 tur.
706 1623 839 1692 Quid
875 1624 1033 1693 igitur
1071 1623 1142 1678 illi
1169 1623 1406 1678 dabant?
1435 1624 1699 1678 Decimum
1730 1639 1905 1678 rerum
1930 1639 2144 1678 suarum

571 1721 832 1781 onmium,
880 1731 945 1770 ac
974 1731 1161 1771 rursus
1188 1716 1344 1770 aliam
1376 1716 1637 1771 decimam
1669 1718 1709 1780 ⁸,
1758 1727 1812 1771 et
1841 1727 2026 1785 postea
2053 1718 2146 1772 dc-

569 1809 762 1865 cimam
793 1809 947 1864 aliam
974 1824 990 1872 ;
1038 1809 1108 1862 ita
1135 1814 1195 1861 ut
1220 1805 1569 1863 fere’tertiam
1602 1817 1804 1878 partem
1836 1808 2144 1863 substantia)

562 1916 675 1955 stuc
722 1900 910 1956 darent
950 1917 964 1954 :
1011 1913 1134 1954 nam
1180 1907 1290 1955 tres
1339 1899 1562 1955 decima:
1609 1900 1750 1954 illam
1781 1915 1917 1969 pene
1942 1899 2144 1954 consti-

562 1999 733 2046 tuunt.
789 1991 911 2046 Post
956 1989 1069 2046 lucc
1116 2001 1292 2046 autem
1337 1991 1618 2060 primitias,
1667 1990 2037 2062 primogenita,
2088 1998 2144 2045 et

564 2083 669 2137 alia
700 2081 946 2152 plurima,
998 2093 1055 2136 ut
1102 2097 1196 2151 pro
1248 2083 1496 2148 peccatis,
1528 2098 1624 2152 pro
1664 2082 2139 2152 puriﬁcationibus,

557 2189 678 2245 qua:
715 2175 766 2228 in
796 2173 968 2237 festis,
1002 2189 1118 2242 qme
1148 2175 1197 2227 in
1223 2174 1459 2243 jubilueo,
1489 2189 1607 2243 quae
1636 2174 1686 2227 in
1716 2173 2014 2229 debitorum
2046 2173 2140 2230 ab-

560 2266 839 2333 scissionr,
891 2274 948 2320 et
991 2280 1268 2320 servm-mn
1314 2265 1728 2330 dimissionilnts,
1776 2277 1825 2322 et
1859 2267 1909 2321 in
1941 2267 2138 2321 mutuis

553 2359 757 2429 absque
805 2357 1028 2413 frenare.
1079 2357 1135 2413 Si
1177 2368 1354 2412 autem
1400 2358 1608 2412 tertiam
1658 2375 1881 2430 erogans
1907 2370 2134 2430 partem,

554 2450 662 2505 imo
698 2460 753 2506 et
777 2449 1052 2505 dimidium
1089 2451 1233 2520 (nam
1262 2452 1486 2506 collecta
1516 2451 1630 2505 lucc
1655 2453 1830 2506 tnunia
1857 2451 2136 2508 dimidium

549 2541 836 2609 efficiunt),
879 2539 924 2594 si
964 2540 1052 2612 qui
1095 2540 1372 2596 dimidimn
1421 2540 1532 2604 dat,
1586 2541 1717 2594 nihil
1758 2543 1932 2611 magni
1973 2542 2134 2598 facit:

552 2631 641 2700 qui
673 2647 741 2686 ne
770 2630 1030 2687 decimam
1059 2631 1275 2702 quidem
1316 2642 1520 2700 partem
1549 2641 1754 2702 erogat,
1795 2633 1920 2705 quid
1958 2649 2134 2690 mere-

551 2722 726 2776 bitur?
759 2721 888 2777 iure
920 2736 1045 2792 ergo
1070 2721 1230 2786 dixit,
1267 2721 1432 2774 Pauci
1458 2722 1583 2774 solvi
1611 2723 1759 2785 ﬁunt.

619 2814 675 2869 5.
720 2813 795 2868 Ne
817 2813 994 2884 itaque
1021 2812 1380 2883 despiciamus
1408 2823 1706 2867 accuratam
1738 2812 1944 2868 vivendi
1973 2815 2106 2870 ratio

549 2924 694 2963 nem.
748 2907 805 2961 Si
855 2907 998 2962 enim
1049 2922 1170 2975 pars
1211 2905 1422 2960 virtutis
1466 2907 1701 2974 neglecta
1743 2915 1938 2960 tantum
1976 2905 2128 2961 aliert

551 2997 863 3068 perniciem,
907 3011 1032 3050 cum
1083 2995 1317 3064 undique
1349 2993 1549 3065 judicio
1594 3004 1646 3049 et
1697 2994 2124 3050 condemnationi

545 3089 765 3145 obnoxii
823 3086 1060 3152 erimus,
1107 3086 1375 3156 quomodo
1419 3086 1735 3156 supplicium
1774 3086 2126 3157 eﬂiigicmns?

544 3195 682 3250 quas
708 3194 837 3236 vero
868 3193 1052 3250 poenas
1084 3195 1187 3232 non
1215 3177 1460 3232 dabimus
1480 3177 1589 3241 iet,
1607 3193 1872 3247 quaenam,
1894 3178 2122 3248 inquies,

540 3270 700 3324 nobis
726 3271 829 3324 erit
857 3285 980 3339 spes
1006 3269 1213 3333 salutis,
1251 3267 1295 3323 si
1327 3268 1529 3340 singula
1554 3286 1672 3340 qua:
1699 3270 2125 3324 enumeravimus

543 3361 841 3430 gehennam
875 3362 1029 3415 nobis
1051 3361 1484 3416 comminantur?
1515 3361 1638 3417 ":80
1672 3362 1821 3418 vobis
1847 3361 1967 3418 dico
1999 3381 2012 3418 :
2039 3380 2128 3418 Vc-

546 3468 843 3510 runnamen
883 3456 924 3510 si
966 3455 1328 3520 attendamus,
1376 3454 1895 3526 salutemconscqni
1940 3471 2125 3525 pos~u-

548 3560 684 3604 mus.
716 3546 760 3600 si
789 3542 1143 3617 cleennisynac
1174 3543 1468 3600 remedium
1497 3544 1865 3602 adhibeamus.
1918 3556 1971 3600 ct
2005 3549 2118 3602 vul-

547 3652 672 3692 nera
713 3652 982 3692 curemus.
1030 3637 1144 3692 Non
1173 3637 1314 3691 enim
1342 3637 1519 3692 oleum
1539 3637 1616 3691 ita
1648 3652 1842 3707 corpus
1867 3641 2082 3694 roborat
2110 3681 2122 3703 ,

543 3743 600 3786 ut
631 3731 996 3787 miseriez‘rdia
1035 3730 1266 3785 animam
1312 3739 1367 3784 et
1411 3729 1616 3784 ﬁrmam
1647 3740 1700 3786 et
1728 3731 1978 3786 invictam
2009 3747 2122 3786 om-

542 3821 701 3878 nibus
743 3819 939 3884 reddit,
969 3820 1541 3891 inexpugnabilemque
1585 3821 1798 3876 diabolo
1834 3839 1847 3876 :
1878 3823 2120 3877 ubicum-

540 3931 645 3986 que
686 3918 828 3974 enim
874 3919 1094 3988 ceperit,
1139 3917 1316 3971 statim
1356 3917 1625 3981 dilabitur,
1660 3933 1780 3971 cum
1808 3917 1984 3970 oleum
2014 3932 2120 3970 non

536 4012 678 4068 sinat
703 4027 824 4068 cum
857 4011 1110 4066 humeros
1141 4010 1545 4079 apprehendere
1576 4012 1818 4066 manibus
1839 4021 1889 4065 et
1914 4020 2116 4066 tenere.

546 4105 657 4159 lloc
681 4105 859 4174 itaque
881 4104 1001 4157 oleo
1030 4119 1125 4156 nos
1155 4102 1464 4171 frequenter
1496 4119 1778 4172 ungamns.
1827 4101 1957 4157 Nam
1994 4102 2120 4157 illud

530 4205 623 4251 est
659 4196 903 4249 sanitatis
932 4205 1329 4264 argumentum,
1362 4193 1642 4262 lucemque
1677 4193 2046 4248 subministrat
2069 4203 2122 4248 et

537 4285 899 4355 splendorem.
928 4288 994 4339 At
1023 4286 1131 4350 ille,
1167 4284 1397 4354 inquies,
1436 4293 1512 4338 tot
1538 4291 1593 4337 et
1625 4294 1700 4338 tot
1731 4270 1888 4339 habet
1925 4287 2119 4340 uilenta

535 4378 674 4444 antri,
701 4387 756 4432 et
780 4375 906 4430 nihil
928 4384 1134 4446 erogat.
1169 4375 1232 4429 Et
1261 4374 1387 4444 quid
1413 4374 1513 4428 hoc
1540 4374 1605 4428 ad
1637 4375 1730 4428 te?
1766 4376 1855 4429 Sic
1883 4387 1932 4429 tu
1961 4377 2118 4431 mira-

531 4471 695 4526 bilior
732 4470 862 4534 eris,
910 4469 953 4523 si
983 4484 1048 4523 es
1093 4477 1400 4538 paupertate
1442 4466 1714 4521 liberalior
1763 4467 1854 4521 illo
1894 4469 1988 4523 sis.
2031 4469 2120 4524 Sic

536 4561 851 4616 Maccdonas
894 4559 1094 4615 Paulus
1138 4559 1360 4612 miratus
1403 4567 1484 4612 cst
1532 4557 1608 4628 (2.
1637 4557 1754 4612 Cor.
1783 4559 1832 4614 9.
1861 4560 1960 4624 2):
2014 4576 2117 4614 non

533 4653 1057 4726 quod'largirentur,
1095 4652 1194 4708 sed
1231 4651 1370 4722 quod
1409 4666 1473 4706 ex
1515 4661 1827 4721 paupertate
1864 4668 1956 4706 sua
2009 4653 2115 4707 lar-

537 4747 792 4818 gireutur.

613 4837 689 4891 De
720 4836 837 4891 aliis
868 4853 970 4890 non
996 4834 1353 4905 judicandum.
1385 4863 1453 4874 -—
1479 4834 1554 4890 Ne
1597 4834 1758 4904 igitur
1783 4836 1848 4890 ad
1880 4835 2001 4892 illos
2030 4852 2116 4892 re-

523 4929 752 4998 spicias,
780 4928 875 4983 sed
904 4925 970 4980 ad
1000 4940 1338 4982 communem
1367 4925 1602 4981 omnium
1628 4929 1908 4986 doctorem
1937 4931 1955 4960 ²
1976 4972 1989 4994 ,
2026 4930 2112 5000 qui

540 5037 646 5077 non
701 5020 933 5075 habebat
977 5019 1065 5072 ubi
1109 5029 1272 5087 caput
1315 5034 1467 5073 suum
1513 5020 1813 5074 reclinaret.
1872 5021 1935 5074 Et
1983 5039 2115 5086 cur,

539 5114 768 5185 inquies,
811 5111 896 5166 hic
924 5121 976 5166 et
1009 5111 1097 5165 ille
1123 5110 1225 5165 hoc
1255 5127 1357 5164 non
1396 5111 1636 5166 faciunt?
1679 5112 1756 5168 Ne
1796 5114 2119 5169 condemnes

536 5205 721 5262 alium.
750 5202 842 5256 sed
873 5201 1101 5269 teipsnm
1130 5203 1450 5256 accusationi
1472 5204 1767 5256 Subtrahe:
1800 5219 1920 5256 nam
1951 5205 2118 5272 majus

539 5295 854 5363 supplicium
909 5296 1032 5358 erit,
1079 5293 1120 5346 si
1170 5304 1392 5347 ea-tcros
1443 5299 1802 5351 accusas-mas.
1842 5311 1961 5348 cum
2005 5295 2117 5361 ipso

527 5406 645 5444 inoo
693 5387 896 5453 iacias;
943 5404 1062 5443 eum
1117 5387 1184 5442 de
1227 5386 1346 5440 aliis
1391 5386 1637 5456 judicans
1685 5387 1858 5442 cidem
1907 5389 2115 5441 crimini

591 5566 618 5595 ιι
647 5569 771 5617 ttae,
801 5573 858 5610 ac
894 5574 1063 5611 rursus
1085 5559 1230 5610 aliam
1267 5558 1503 5610 decimam
1523 5597 1535 5619 ,
1563 5560 1609 5608 in
1636 5560 1796 5609 Morel.
1835 5560 2118 5610 omittuntur

537 5639 624 5687 per
648 5621 1080 5687 tuentemtuentem
1104 5622 1423 5687 quodautem
1450 5623 1528 5671 hic
1548 5622 1901 5687 _dicit,_uempe
1939 5625 2120 5672 scribas

540 5682 878 5734 mulieris-mo:
916 5684 1159 5733 dimidiam
1203 5682 1407 5740 singulis
1448 5684 1588 5732 annis
1631 5682 1875 5732 redituum
1920 5698 2116 5733 suorum

561 5756 724 5796 partem
751 5749 795 5795 in
814 5745 1095 5807 eleamosyu
1114 5759 1173 5792 un
1197 5743 1418 5800 dedisse,
1446 5746 1613 5794 nescio
1646 5758 1705 5793 an
1731 5747 1922 5807 proteri
1948 5748 2116 5808 possit.

571 5808 720 5855 erum
746 5811 791 5854 in
816 5810 1132 5855 coiit-tonante
1152 5820 1244 5855 uou
1271 5814 1399 5854 tanta
1422 5809 1662 5857 aecuratio
1685 5808 1969 5869 postulatur.

603 5872 624 5901 ί
661 5869 766 5918 ΑΜ.
792 5871 874 5918 scd
893 5871 960 5917 ad
978 5881 1270 5918 commutem
1289 5869 1496 5918 annuum
1523 5869 1768 5920 Lomimon
1792 5879 1835 5921 ct
1857 5870 1944 5921 doc
1963 5884 2110 5921 omn.

1405 405 1457 457 ς.
1500 404 1776 459 ,ιοΑΝκιε
1801 401 2275 460 (ἶΙῑῐΠΞῡΞΤυΜΙ
2319 403 2628 459 .iliillllEl’.
2675 405 3205 464 lONSTANTiNOP.

3747 413 3854 471 Bl5

2267 521 2384 590 ipse
2429 522 2692 578 obnoxius
2715 525 2841 580 eris.
2896 525 2951 582 Si
2978 528 3121 582 enim
3153 544 3219 583 ne
3257 529 3453 599 probos
3481 530 3698 601 quidem
3727 549 3852 604 per-

2262 615 2420 668 mittit
2472 615 2538 670 de
2596 617 2715 671 aliis
2768 618 3040 688 judicare,
3096 621 3265 676 multo
3309 624 3486 678 minus
3536 639 3845 696 peccantes.

2260 704 2336 759 Nc
2367 706 2541 775 itaque
2567 705 2634 760 de
2662 707 2782 761 aliis
2803 707 3126 778 iudicemus,
3177 728 3244 767 nc
3272 712 3338 766 ad
3371 729 3562 784 segnes
3593 715 3851 785 reapicia-

2259 814 2414 866 tuus,
2455 799 2549 854 sed
2598 800 2665 855 ad
2718 801 3000 857 Dominum
3051 803 3235 859 Jesum
3275 805 3571 872 Christum,
3627 816 3682 864 et
3725 808 3852 864 inde

2258 890 2557 960 exemplum
2583 905 2876 948 sumamus.
2908 893 3043 948 Num
3085 910 3184 964 rgo
3230 905 3281 950 te
3313 895 3590 952 beneﬁciis
3613 900 3851 955 ornavi?

2257 1000 2380 1038 num
2405 999 2506 1053 ego
2532 993 2584 1040 te
2612 984 2835 1051 redemi,
2865 996 2920 1040 ut
2951 988 3015 1041 ad
3042 1004 3125 1042 mc
3151 988 3444 1058 respicias?
3475 991 3623 1046 Alius
3649 1000 3734 1046 est
3753 995 3848 1062 qui

2257 1071 2370 1127 ba-c
2400 1073 2492 1127 tibi
2521 1075 2697 1128 omnia
2729 1074 2947 1146 largitus
2974 1086 3076 1130 est.
3126 1078 3233 1132 Cur
3263 1079 3448 1134 relicto
3487 1080 3734 1146 Domino,
3777 1082 3846 1136 ad

2252 1179 2572 1220 conservum
2624 1167 2785 1222 vertis
2834 1167 3057 1222 oculos?
3106 1166 3220 1223 Non
3267 1171 3458 1224 audisti
3505 1188 3624 1226 cum
3654 1173 3849 1227 dicen-

2255 1264 2359 1307 tt-m
2416 1275 2428 1308 :
2476 1255 2668 1311 Discite
2706 1275 2738 1310 a
2786 1275 2864 1312 me
2908 1259 3030 1326 quia
3078 1262 3212 1315 mitis
3245 1277 3356 1323 sum
3386 1272 3431 1315 et
3457 1265 3666 1317 Immitis
3692 1265 3844 1318 corde

2253 1346 2464 1416 (.lluttlt.
2490 1348 2576 1402 Η.
2601 1347 2734 1418 S9)?
2764 1363 2825 1403 ac
2850 1364 3082 1415 rursum,
3117 1351 3217 1418 Qui
3255 1354 3356 1406 vult
3394 1354 3444 1406 in
3484 1353 3619 1408 vobis
3646 1356 3847 1421 primus

2251 1454 2375 1501 esse,
2417 1440 2481 1493 sit
2510 1440 2734 1493 omnium
2777 1441 3053 1496 minister?
3103 1453 3154 1498 et
3195 1458 3428 1509 rursum,
3481 1445 3626 1500 Sicut
3673 1445 3846 1501 Filius

2251 1529 2463 1582 hominis
2507 1546 2607 1584 non
2653 1532 2786 1585 venit
2827 1532 3124 1598 ministrari,
3167 1536 3257 1587 scd
3301 1536 3586 1590 ministrare
3618 1536 3840 1602 (Matth.

2249 1617 2337 1671 20.
2367 1619 2455 1673 26.
2488 1619 2622 1689 9.8)?
2665 1621 2740 1674 Ac
2778 1631 2959 1690 postea
3011 1637 3248 1687 rursum,
3293 1639 3360 1680 ne
3391 1616 3670 1679 oil'éndt-ns
3699 1643 3840 1682 ccu-

2251 1723 2434 1763 servos
2482 1713 2680 1781 pigros,
2729 1713 2781 1766 in
2827 1713 3142 1782 negligentia
3184 1715 3351 1781 vivas,
3391 1717 3459 1770 ab
3505 1718 3569 1772 iis
3607 1730 3659 1773 te
3707 1719 3841 1773 abs-

2256 1803 2471 1857 trahens
2516 1805 2586 1858 ait
2617 1820 2632 1859 :
2688 1803 2988 1874 Exemplum
3015 1806 3129 1859 dedi
3156 1807 3291 1862 vobis
3330 1811 3594 1875 nnipstuu,
3628 1821 3679 1864 ut
3705 1812 3840 1864 sicut

2247 1909 2338 1963 ego
2367 1895 2485 1964 feci,
2530 1905 2576 1947 et
2598 1910 2685 1948 vos
2705 1896 2905 1964 faciatis
2960 1894 3136 1965 (10cm.
3173 1897 3262 1952 15.
3296 1898 3406 1968 15).
3444 1899 3549 1954 Sed
3598 1917 3703 1956 non
3752 1913 3842 1956 est

2249 1984 2340 2038 tibi
2373 1985 2626 2056 magister
2653 1987 2789 2041 ullus
2819 1986 2957 2041 inter
2982 1989 3260 2052 viventes,
3316 1992 3403 2060 qui
3451 2001 3501 2045 te
3547 1994 3716 2062 possit
3765 1995 3836 2050 ad

2247 2093 2364 2132 eam
2409 2094 2520 2133 rem
2552 2079 2854 2135 deducere?
2895 2079 3059 2149 Major
3083 2096 3212 2150 ergo
3244 2083 3335 2138 tibi
3365 2084 3483 2139 laus
3512 2086 3614 2140 erit
3636 2097 3689 2142 et
3715 2087 3840 2158 ειη-

2243 2170 2343 2234 ria,
2389 2171 2529 2237 quod
2580 2171 2695 2225 sine
2734 2170 2957 2226 doctore
3003 2172 3262 2228 mirabilis
3315 2176 3551 2230 evaseris
3592 2196 3604 2229 :
3655 2187 3834 2247 potest

2242 2262 2381 2316 enim
2413 2262 2540 2316 illud
2571 2261 2708 2325 ﬁeri,
2738 2273 2792 2318 et
2816 2262 3030 2334 quidem
3062 2264 3235 2330 facile,
3265 2266 3308 2319 si
3335 2267 3580 2331 velimus,
3619 2278 3676 2322 ut
3704 2285 3835 2337 pro-

2242 2353 2398 2408 batur
2449 2355 2622 2410 exiis
2675 2355 2763 2425 qui
2814 2356 2972 2425 primi
3019 2355 3070 2410 id
3122 2358 3480 2427 perfecerunt.
3533 2372 3588 2414 ut
3635 2360 3832 2426 Noe',

2242 2443 2546 2510 Abraham,
2602 2445 2985 2513 Melchisedec,
3041 2446 3172 2509 Job,
3229 2449 3424 2520 aliique
3471 2452 3536 2505 iis
3585 2453 3833 2516 simiius,

2247 2551 2380 2605 quos
2410 2550 2588 2607 operae
2618 2529 2845 2606 pre'tium
2882 2548 2965 2593 est
2989 2540 3226 2607 quotidie
3251 2542 3554 2611 respicere;
3595 2544 3689 2598 sed
3722 2561 3830 2600 non

2240 2645 2335 2684 eos
2378 2645 2510 2700 quos
2543 2646 2763 2700 semper
2807 2631 3153 2692 :emulamini.
3201 2643 3254 2687 et
3293 2633 3344 2687 in
3375 2635 3602 2690 emtibns
3635 2639 3831 2691 vestris

2238 2721 2617 2778 circumfertis.
2679 2722 2819 2777 Nihil
2850 2723 2994 2777 enim
3035 2722 3178 2777 aliud
3209 2723 3402 2796 ubique
3441 2725 3622 2795 audio,
3665 2743 3830 2798 quam

2237 2811 2352 2867 lnec
2398 2813 2558 2868 verba
2595 2833 2609 2868 :
2642 2814 2736 2869 llle
2783 2824 2860 2869 tot
2899 2825 2952 2870 ct
2992 2824 3066 2870 tot
3109 2815 3297 2886 jugera
3345 2827 3503 2871 terrm
3545 2819 3829 2888 possidet,

2234 2903 2322 2958 ille
2349 2904 2500 2960 dives
2524 2915 2627 2970 est,
2662 2905 2749 2960 ille
2776 2905 3000 2961 :cdiilcia
3029 2907 3314 2962 construit.
3360 2906 3471 2963 Cur
3500 2909 3565 2963 ad
3593 2918 3828 2966 externa

2234 2991 2437 3058 inbias,
2463 3007 2496 3044 ο
2521 2993 2710 3046 hoino?
2734 3009 2830 3046 cur
2851 2995 2988 3049 alios
3015 2997 3277 3066 respicis?
3302 2997 3356 3052 Si
3382 3000 3462 3056 vis
3486 3001 3621 3057 alios
3646 3005 3824 3076 respi-

2234 3099 2377 3150 cere,
2415 3084 2613 3155 probos
2646 3093 2700 3140 et
2729 3084 2970 3142 illustres
2999 3087 3143 3142 viros
3173 3090 3480 3158 considera,
3515 3095 3608 3162 qui
3648 3103 3819 3152 totam

2233 3175 2404 3247 legem
2426 3185 2680 3233 accurate
2700 3185 2943 3232 servant:
2969 3190 3277 3246 nouantem
3302 3196 3396 3238 eos
3419 3185 3510 3253 qui
3540 3185 3686 3240 illam
3712 3188 3823 3244 vio-

2232 3269 2348 3325 lant
2366 3280 2562 3326 etcum
2585 3269 2849 3327 dedecore
2871 3271 3082 3327 vivunt:
3107 3288 3230 3327 nam
3251 3274 3296 3330 si
3319 3275 3385 3330 ad
3401 3275 3512 3331 Ἰιος
3531 3281 3819 3350 respicias,

2235 3365 2396 3417 u‘tulta
2427 3362 2549 3418 hinc.
2576 3363 2790 3418 bauries
2814 3363 2977 3427 mala,
3004 3363 3054 3418 in
3079 3363 3347 3434 ignaviam
3377 3375 3430 3418 et
3458 3365 3820 3430 arrogantiam

2233 3454 2456 3519 incides,
2497 3469 2824 3524 Cu'tcrosque
2869 3453 3166 3508 damnabis.
3226 3453 3282 3508 Si
3329 3469 3458 3508 vero
3498 3455 3693 3524 probos
3731 3469 3821 3510 re.

2231 3562 2474 3607 censeas,
2521 3545 2585 3600 ad
2621 3546 2998 3612 humilitatem,
3048 3544 3400 3614 diligentiam,
3445 3547 3817 3615 compunctio,

2231 3653 2349 3691 nam
2381 3645 2432 3690 ct
2459 3647 2709 3691 sexcenta
2753 3637 2890 3691 bona
2922 3645 2974 3691 te
2999 3636 3299 3705 apparabis.
3353 3636 3488 3690 Audi
3533 3635 3656 3706 quid
3701 3651 3818 3707 pas-

2226 3745 2321 3786 sus
2364 3731 2432 3783 sit
2477 3729 2798 3792 Pharis-mus,
2829 3729 2969 3799 quod
2999 3727 3179 3782 missis
3205 3727 3387 3798 probis
3419 3728 3565 3794 viris,
3593 3728 3659 3783 ad
3692 3743 3822 3796 pce-

2226 3831 2434 3876 cantem
2465 3819 2798 3889 respexerit;
2844 3820 3045 3889 audiet
3078 3819 3226 3872 time.
3273 3819 3402 3874 Vide
3447 3834 3603 3890 quam
3652 3819 3822 3873 mira-

2227 3913 2347 3968 bilis
2396 3911 2553 3966 l‘ucrit
2610 3911 2794 3978 David,
2846 3910 2986 3980 quod
3045 3911 3276 3979 majores
3319 3925 3448 3965 suos
3491 3912 3579 3982 qui
3623 3911 3823 3966 virtute

2228 4005 2488 4060 fulserant
2515 4007 2824 4076 respiceret.
2856 4006 3059 4060 Adrena
3099 4023 3191 4076 rgo
3223 4022 3354 4069 sum,
3406 4005 3596 4074 inquit,
3629 4015 3676 4058 et
3703 4021 3823 4075 per-

2224 4099 2446 4168 egrinus,
2479 4098 2608 4151 sicut
2634 4114 2805 4151 omnes
2845 4109 3014 4168 patres
3058 4099 3154 4151 mei
3204 4095 3372 4166 (Psul.
3407 4096 3493 4150 58.
3529 4096 3643 4165 15).
3681 4095 3818 4151 Nam

2226 4197 2280 4242 ct
2329 4189 2415 4242 ille
2442 4197 2497 4243 et
2522 4197 2776 4257 quotquot
2810 4189 2905 4254 ipsi
2934 4188 3134 4242 similes
3161 4197 3334 4251 erant,
3370 4186 3547 4240 missis
3573 4193 3818 4255 peccato.

2227 4280 2404 4342 ribus,
2464 4279 2662 4333 virtute
2706 4279 3024 4348 conspicu's
3074 4278 3217 4331 viros
3259 4277 3586 4346 cogitabant.
3640 4274 3712 4329 lta
3761 4286 3821 4330 ct

2228 4381 2280 4426 tu
2329 4370 2507 4424 facito.
2552 4369 2666 4425 Non
2700 4370 2841 4425 enim
2884 4380 2936 4423 tu
2961 4369 3119 4438 judes
3161 4368 3318 4423 sedes
3360 4367 3658 4423 alienorum
3687 4367 3818 4422 faci-

2228 4478 2450 4525 norum,
2496 4477 2593 4516 nec
2640 4460 2925 4530 deputatus
2971 4477 3029 4515 cs
3075 4460 3138 4514 ad
3193 4459 3543 4513 examinanda
3584 4459 3814 4514 aliorum

2197 4564 2442 4623 peccata
2494 4570 2508 4606 :
2554 4553 2620 4606 de
2659 4553 2822 4607 rebus
2877 4552 2980 4605 tuis
3023 4552 3288 4620 judicare,
3345 4566 3449 4605 non
3494 4551 3563 4606 de
3598 4551 3814 4615 alienis,

2219 4645 2399 4714 jussus
2429 4659 2507 4699 es.
2542 4642 2680 4696 Nam
2706 4643 2749 4696 si
2776 4660 2867 4696 nos
2896 4644 3033 4710 ipsos
3067 4645 3439 4713 jmtirnrenms,
3469 4643 3543 4697 ait
3573 4645 3680 4707 ille,
3710 4662 3814 4701 non

2225 4740 2392 4805 utique
2421 4736 2774 4807 judicaremur
2801 4751 2820 4787 :
2840 4735 3058 4805 judicati
3087 4747 3254 4788 autent
3300 4752 3332 4788 η
3379 4733 3614 4798 Domina,
3637 4738 3816 4791 erudi-

2225 4845 2336 4881 mur
2362 4829 2438 4900 (l.
2467 4826 2586 4881 Cor.
2619 4827 2704 4881 ll.
2730 4826 2816 4882 3i.
2849 4825 2960 4897 3‘2).
3011 4825 3088 4880 Tn
3132 4841 3257 4881 vero
3280 4826 3523 4881 ordinem
3549 4831 3813 4897 perverti-

2224 4920 2324 4982 sti,
2380 4918 2504 4974 dum
2556 4918 2622 4971 de
2683 4917 2916 4987 peccatis
2959 4918 3063 4970 tuis
3113 4918 3406 4985 majoribus
3447 4919 3815 4977 minoribusve

2226 5010 2425 5065 nullam
2471 5026 2500 5064 a
2548 5017 2598 5063 te
2651 5011 2914 5063 rationem
2947 5010 3136 5078 exigis,
3166 5010 3398 5064 aliorum
3441 5027 3565 5065 vero
3594 5024 3813 5081 peccata

2225 5112 2470 5157 :n-curate
2505 5103 2770 5171 esploras.
2802 5102 3000 5156 Verum
3049 5102 3100 5156 id
3141 5118 3206 5156 ne
3242 5103 3375 5157 ultra
3411 5102 3690 5168 faciamus,
3715 5107 3813 5161 sed

2226 5196 2384 5248 missa
2433 5193 2536 5249 hac
2579 5183 2781 5248 Ordinis
2815 5194 3239 5263 perturbatione,
3275 5195 3506 5248 tribunal
3556 5195 3606 5248 in
3657 5196 3814 5252 nobis

2225 5287 2351 5355 ipsis
2377 5293 2691 5349 statuamus,
2727 5286 2822 5354 ipsi
2849 5286 3165 5340 delictorum
3205 5285 3510 5340 nostrorum
3542 5287 3682 5356 apud
3713 5305 3815 5343 nos

2225 5379 2387 5446 ipsos,
2416 5387 2774 5440 accusatores,
2817 5375 3047 5447 judiccs,
3081 5387 3133 5430 et
3165 5377 3385 5432 ultores.
3418 5376 3472 5430 Si
3521 5379 3598 5431 vis
3629 5391 3812 5434 autem

2223 5471 2450 5524 aliorum
2479 5478 2624 5539 gesta
2657 5470 2987 5531 exatninarc,
3035 5469 3172 5524 bona
3218 5486 3402 5539 opera,
3454 5488 3558 5525 non
3596 5483 3816 5540 pomata

2224 5561 2464 5630 explora,
2499 5570 2634 5614 utet
2662 5576 2727 5614 es
2761 5561 3020 5615 memoria
3069 5561 3331 5615 scelerum
3380 5571 3709 5622 nostrorum.
3759 5575 3817 5620 et

2224 5668 2287 5705 ex
2319 5651 2657 5705 a‘tttttlntiottc
2689 5650 2997 5719 proborum,
3028 5660 3081 5704 et
3106 5666 3173 5706 ex
3209 5653 3501 5723 incorrupti
3529 5653 3813 5708 tribunalis

2292 5853 2307 5881 ι
2346 5850 2580 5910 Verbum,
2610 5857 2718 5910 Noe,
2746 5847 2889 5898 deest
2911 5849 2959 5898 iu
2986 5847 3145 5898 \Iorel.
