4040 6428
165 397 273 450 617

163 508 480 580 praesentia.
529 504 766 577 quotidie
799 501 951 574 quasi
995 499 1216 556 stimulo
1255 498 1598 553 conscientia:
1629 509 1764 565 pun-

1175 382 1239 436 lN
1275 375 1684 436 MATUIEUM
1725 375 1958 432 IIOMIL.
2003 375 2160 430 LXV.
2203 375 2276 429 al.
2322 374 2506 431 ιιγι.

3371 373 3472 430 6ἰ8

1869 492 2072 562 gnitatc
2099 491 2310 547 Domini
2343 489 2511 546 nostri
2533 487 2663 546 Iesu
2690 489 2916 555 Christi,
2945 488 3159 560 quicum
3193 488 3337 544 Patri
3369 505 3472 543 una

160 602 259 668 eti,
310 611 362 656 et
390 598 457 654 ad
491 598 745 667 majorem
789 610 886 649 nos
936 591 1288 648 humilitatem
1328 589 1764 659 diligentiamque
1870 601 1991 642 cum
2017 585 2217 656 Spiritu
2241 593 2429 638 sancto
2453 581 2648 653 gloria,
2683 582 2992 651 imperium,
3027 580 3220 648 honor,
3253 595 3395 637 nunc
3421 589 3476 636 et

161 693 484 754 excitantes,
514 689 690 743 futura
716 700 1106 757 consequantur
1131 683 1292 748 bona,
1331 680 1499 752 gratia
1527 688 1582 734 et
1607 679 1760 734 beni-

1870 691 2105 748 semper,
2135 684 2192 732 et
2219 677 2271 730 in
2299 675 2493 730 sa-eula
2519 674 2860 730 saeculorum.
2895 673 3089 729 Amen.

185 833 3473 866 Μ

1306 890 1652 985 HOMlLlA
1699 888 1893 949 va.
1939 888 2026 951 al.
2072 887 2300 950 LXVI.

156 1026 295 1082 Car.
325 1025 418 1081 20.
449 1041 502 1079 ν.
535 1025 621 1080 17.
657 1021 722 1076 Et
757 1019 1034 1074 ascendens
1071 1017 1223 1071 Iesus
1251 1013 1646 1084 Jerosolymam,
1674 1027 1760 1065 as-

233 1110 451 1179 sumpsit
478 1108 740 1161 duodecim
780 1103 1059 1171 discipulos
1085 1109 1275 1154 secreto
1299 1099 1353 1152 in
1393 1097 1510 1162 via,
1550 1106 1599 1150 et
1632 1097 1763 1149 dixit

239 1205 315 1255 eis
345 1216 366 1256 :
394 1199 482 1255 18.
531 1198 663 1253 Ecce
705 1195 1026 1250 ascendimus
1050 1189 1422 1261 Jerosolyntant
1444 1229 1460 1254 ,
1506 1197 1552 1243 et
1595 1186 1762 1241 Filius

235 1293 456 1347 hominis
502 1290 729 1344 tradetur
767 1286 977 1341 summis
1006 1285 1331 1357 pontiﬁcibus
1375 1293 1422 1335 et
1462 1280 1670 1341 scribis,
1713 1289 1762 1333 et

231 1381 642 1440 condemnabunt
678 1396 792 1435 eum
817 1387 978 1432 utorte
1008 1394 1024 1431 :
1058 1376 1149 1432 19.
1181 1385 1227 1430 et
1253 1374 1454 1428 tradent
1481 1389 1596 1426 eum
1638 1388 1761 1442 gen-

230 1480 368 1534 tibus
389 1479 456 1531 ad
476 1473 792 1532 illudendum
812 1481 860 1528 et
875 1469 1240 1542 ﬂagellandum
1257 1477 1303 1524 et
1318 1466 1717 1538 cruciﬁgendum
1740 1479 1760 1519 :

229 1581 279 1626 et
307 1569 456 1625 tertia
481 1568 562 1622 die
587 1575 829 1635 resurget.

231 1665 285 1720 1.
305 1660 423 1716 Non
436 1659 614 1715 statim
631 1673 698 1713 ex
723 1656 943 1712 Galilzea
963 1653 1352 1724 Jerosolymam
1374 1649 1638 1714 ascendit,
1663 1647 1758 1703 sed

153 1771 281 1812 cum
331 1754 478 1824 prius
509 1751 764 1807 miracula
791 1757 1058 1821 patrasset
1077 1789 1092 1812 ,
1121 1756 1177 1802 et
1216 1746 1516 1800 Pharismos
1539 1759 1760 1815 repres-

152 1849 352 1909 sisset,
396 1844 793 1914 discipulosque
816 1842 886 1897 de
917 1848 1228 1911 paupertate
1255 1840 1559 1909 alloquutus
1587 1845 1748 1892 esset.

155 1941 247 1994 Ait
273 1939 443 2000 enim.
477 1937 537 1992 Si
564 1936 636 1990 vis
665 1937 916 2005 perfectus
942 1950 1067 1998 esse,
1095 1931 1251 1986 vende
1269 1949 1327 1985 ea
1348 1947 1462 2000 qua:
1488 1931 1674 1984 habes:
1703 1938 1760 1983 et

155 2031 225 2084 de
256 2029 560 2100 virginitate
583 2066 600 2090 ,
647 2026 744 2092 Qui
787 2034 944 2096 potest
972 2039 1154 2093 capere
1176 2065 1192 2088 ,
1224 2022 1393 2091 capiat
1420 2020 1634 2092 (Matth.
1671 2020 1754 2076 l9.

157 2123 244 2178 ΞΙ.
284 2121 396 2194 ii),
433 2131 488 2176 et
510 2120 574 2174 de
604 2119 924 2185 humilitate,
957 2115 1077 2171 Nisi
1105 2117 1329 2170 conversi
1357 2116 1574 2184 fueritis,
1603 2124 1651 2168 et
1681 2118 1757 2184 ef-

152 2216 408 2285 ﬁciamim'
425 2215 556 2268 sicut
573 2213 792 2283 parvuli,
812 2228 912 2265 non
938 2210 1191 2264 intrabitis
1207 2210 1259 2262 in
1285 2224 1494 2280 regnum
1517 2205 1758 2261 ctelorum

157 2310 389 2375 (Matth.
415 2307 608 2376 18.3),
631 2307 698 2361 de
725 2305 1074 2361 retributione
1097 2305 1147 2358 in
1187 2303 1286 2357 hac
1330 2304 1434 2356 vita
1469 2320 1481 2354 :
1519 2300 1758 2370 Quisquis

156 2404 405 2457 dimiserit
430 2402 629 2466 domos,
659 2409 746 2453 aut
771 2401 978 2470 fratres,
1005 2407 1091 2450 aut
1115 2412 1334 2460 sorores,
1360 2396 1647 2465 centuplum
1674 2409 1756 2446 re-

155 2495 306 2563 cipiet
329 2497 385 2546 in
411 2495 507 2547 hoc
549 2492 759 2555 sccuto;
787 2500 842 2544 et
875 2489 943 2545 de
975 2489 1150 2543 futura
1180 2486 1428 2542 mercede
1461 2503 1473 2540 :
1504 2483 1572 2538 Et
1603 2486 1758 2538 vitam

155 2595 397 2639 aeternam
425 2583 696 2653 possidebit
724 2579 936 2646 (Matth.
968 2580 1054 2635 19.
1086 2579 1200 2649 29).
1234 2578 1383 2632 Tune
1419 2575 1632 2631 demum
1661 2590 1755 2629 ac-

154 2678 296 2733 cedit
322 2676 392 2731 ad
425 2676 610 2729 urbem
633 2715 648 2739 ,
676 2689 905 2744 cumque
934 2686 1256 2727 ascensurus
1277 2678 1422 2726 esset
1447 2710 1464 2734 ,
1514 2668 1584 2724 de
1630 2680 1754 2739 pas-

153 2771 307 2824 sione
358 2782 574 2822 rursum
635 2765 886 2835 loquitur.
929 2763 1064 2832 Quia
1105 2762 1248 2817 euim
1305 2760 1594 2816 verisimile
1639 2765 1757 2814 erat

154 2877 243 2917 eos
265 2903 283 2928 ,
316 2861 410 2931 qui
440 2859 646 2914 nollent
675 2858 774 2912 ista
805 2856 1085 2920 accidere,
1139 2855 1330 2908 horum
1368 2851 1564 2908 oblitos
1593 2864 1712 2906 esse
1734 2889 1753 2916 ,

154 2953 465 3025 frequenter
527 2951 643 3006 bzee
698 2951 750 3005 in
809 2949 1124 3004 memoriam
1177 2953 1437 3008 revocat,
1489 2940 1756 3013 frequenti

155 3045 670 3100 commemoratione
707 3041 942 3096 animum
997 3039 1208 3094 illorum
1257 3051 1516 3093 exercens
1560 3051 1622 3089 ac
1659 3034 1759 3088 do-

155 3140 324 3194 lorem
375 3137 642 3192 minuens.
691 3134 1034 3203 Seorsimque
1081 3133 1202 3186 illos
1257 3130 1558 3184 necessario
1614 3127 1752 3180 allo-

155 3233 386 3304 quitur:
429 3245 603 3300 neque
647 3227 788 3283 enim
832 3242 928 3297 par
971 3235 1088 3283 erat
1124 3224 1239 3280 hate
1285 3224 1336 3278 in
1381 3223 1568 3292 vulgus
1606 3220 1758 3276 ell'er-

155 3324 219 3389 ri,
241 3323 330 3377 vel
360 3321 508 3378 clare
533 3312 774 3385 narrari;
811 3318 939 3372 nihil
969 3318 1164 3388 quippe
1190 3315 1315 3370 hinc
1341 3315 1464 3370 boni
1495 3313 1752 3370 emersis-

153 3427 254 3473 set.
306 3416 362 3472 Si
411 3415 553 3470 enim
603 3412 850 3482 discipuli
894 3412 1007 3466 haec
1035 3409 1314 3465 audientes
1369 3407 1561 3461 turbati
1593 3415 1752 3470 sunt,

152 3509 322 3562 multo
353 3507 524 3578 magis
551 3506 741 3576 vulgus
771 3503 1046 3558 turbatum
1077 3511 1240 3558 esset.
1286 3501 1422 3570 Quid
1447 3499 1643 3569 igitur?
1673 3499 1754 3554 in-

154 3602 305 3671 quies
331 3642 347 3666 ,
396 3615 575 3654 annon
616 3597 814 3668 populo
855 3596 907 3651 id
947 3596 1249 3650 nuntiatum
1276 3593 1395 3649 est?
1442 3591 1752 3648 Nuntiatum

154 3693 372 3763 quidem
402 3691 476 3745 illi
507 3699 628 3756 est,
671 3689 764 3744 sed
806 3704 912 3743 non
952 3688 1024 3743 ita
1053 3687 1216 3742 clare.
1249 3686 1381 3740 Nam
1409 3685 1484 3738 ait
1515 3703 1527 3738 :
1561 3684 1756 3738 Solvite

155 3784 398 3855 templum
438 3787 532 3837 hoc
551 3823 568 3849 ,
599 3791 646 3836 et
667 3783 719 3834 in
754 3781 914 3835 tribus
943 3780 1116 3835 diebus
1143 3780 1370 3834 excitabo
1409 3778 1540 3832 illud
1569 3775 1751 3849 (Joan.

152 3873 204 3930 Ξ.
239 3875 357 3943 19);
383 3883 458 3940 et,
478 3872 750 3929 Generatio
775 3874 882 3927 haec
900 3873 1100 3944 signum
1125 3872 1326 3940 quatit,
1355 3880 1404 3924 et
1431 3870 1630 3941 signum
1653 3885 1755 3924 non

153 3969 360 4022 dabitur
382 3962 448 4034 ei,
482 3967 580 4020 nisi
600 3967 802 4036 signum
826 3964 976 4020 Jonw
996 3965 1258 4035 propheta:
1284 3962 1497 4036 (Matth.
1524 3964 1612 4020 12.
1636 3964 1752 4034 39);

153 4069 206 4115 et
227 4074 461 4125 rursum,
489 4058 670 4112 Adhuc
697 4065 851 4126 parvo
879 4067 1101 4126 tempore
1125 4058 1377 4110 vobiscum
1394 4073 1525 4119 sum,
1556 4065 1601 4109 et
1619 4069 1758 4124 quec-

156 4152 276 4206 retis
305 4167 406 4216 me,
439 4160 486 4206 et
509 4167 613 4204 non
643 4150 901 4204 invenietis
934 4147 1116 4220 (Joan.
1147 4150 1200 4204 7.
1229 4150 1318 4206 35.
1345 4149 1460 4220 34);
1484 4149 1756 4218 discipulis

157 4257 286 4298 vero
315 4257 426 4296 non
455 4241 554 4308 sic,
585 4240 678 4296 sed
697 4241 834 4322 sicut
862 4241 962 4295 alia
988 4241 1184 4296 clarius
1209 4240 1440 4306 dixerat,
1472 4243 1548 4296 sie
1576 4249 1633 4297 et
1656 4241 1755 4296 ista

157 4333 417 4388 narraiit.
439 4331 547 4388 Sed
568 4347 666 4388 eur
692 4332 900 4388 dicebat
922 4375 937 4399 ,
980 4335 1023 4388 si
1051 4333 1333 4389 multitudo
1362 4334 1464 4388 vim
1487 4333 1754 4390 dictorum

157 4441 264 4483 non
312 4423 674 4496 intelligebat?
704 4425 772 4482 Ut
818 4436 1000 4496 postea
1027 4426 1293 4482 discerent
1315 4468 1329 4492 ,
1361 4442 1482 4482 eum
1514 4435 1568 4482 et
1613 4443 1754 4498 prac-

157 4519 418 4574 scientem
441 4527 495 4574 et
522 4518 774 4574 libentem
806 4520 871 4574 ad
898 4520 1196 4589 passionem
1221 4522 1450 4585 venisse,
1477 4538 1581 4576 non
1610 4525 1758 4592 igno-

159 4621 365 4665 rantem
402 4609 487 4664 vel
527 4619 793 4664 coactum.
829 4611 1110 4680 Discipulis
1137 4627 1265 4667 vero
1299 4628 1405 4668 non
1436 4612 1555 4668 ideo
1581 4614 1754 4669 solum

159 4699 428 4769 praedixit,
451 4699 547 4755 sed
572 4742 587 4766 ,
620 4700 764 4770 quod
801 4701 911 4770 jam
941 4702 1084 4766 dixi,
1131 4712 1188 4757 ut
1227 4705 1625 4773 exspectatione
1666 4705 1755 4759 illa

156 4791 467 4857 exercitati,
519 4790 724 4846 facilius
771 4793 1075 4862 passionem
1121 4793 1364 4860 ferrent,
1412 4811 1478 4850 ne
1503 4796 1546 4849 si
1602 4796 1754 4850 inex-

158 4893 397 4954 spectata
425 4883 744 4952 accidisset,
775 4885 891 4940 illos
917 4886 1201 4942 admodum
1232 4887 1582 4957 perturbaret.
1616 4891 1760 4958 Qua-

161 4986 381 5045 propter
429 4976 580 5030 initio
624 4990 851 5032 mortem
893 4988 1099 5033 tantum
1145 4981 1422 5049 pra-dixit;
1477 4993 1755 5053 postquam

163 5079 337 5123 autem
372 5068 477 5123 hoc
503 5070 741 5123 meditati
769 5081 823 5126 et
851 5071 901 5126 in
935 5071 1015 5125 his
1040 5074 1317 5128 exercitati
1343 5074 1569 5137 fuerant.
1599 5085 1759 5130 caete-

164 5176 217 5216 ra
249 5162 431 5216 omnia
460 5163 686 5232 adjecit;
723 5165 949 5233 exempli
978 5180 1133 5218 causa
1168 5183 1179 5218 :
1211 5167 1440 5222 Tradent
1477 5184 1596 5223 eum
1629 5186 1758 5239 gen-

164 5255 322 5318 tibus,
353 5254 610 5319 illudent,
643 5255 984 5324 ﬂagellabunt
1009 5277 1020 5310 :
1049 5268 1156 5312 tum
1199 5260 1295 5312 hac
1326 5261 1391 5314 de
1417 5276 1574 5314 causa
1597 5304 1610 5324 ,
1647 5273 1756 5317 tum

165 5348 322 5402 etiam
348 5391 361 5411 ,
398 5356 455 5402 ut
487 5363 607 5404 cum
643 5350 754 5404 hare
797 5351 963 5403 tristia
993 5351 1271 5415 viderent,
1306 5357 1758 5409 resurrectionem

167 5448 562 5508 exspectarent.
594 5439 724 5493 Nam
752 5444 837 5509 qui
865 5441 1057 5506 tristia,
1090 5451 1144 5496 et
1169 5458 1285 5511 quae
1319 5444 1574 5511 probrosa
1610 5445 1758 5500 vide-

167 5531 357 5586 bantur
380 5574 396 5598 ,
441 5548 547 5587 non
583 5533 938 5589 occultaverat
962 5577 974 5600 ,
1002 5533 1121 5602 jure
1147 5536 1286 5589 circa
1335 5551 1587 5607 prospera
1642 5553 1760 5594 cre-

171 5622 377 5676 dendus
403 5629 540 5676 erat.
563 5617 843 5686 Perpende
866 5627 1064 5681 autem,
1083 5618 1350 5682 quomodo
1377 5618 1636 5685 temporis
1663 5633 1759 5687 op-

175 5715 554 5780 portunitatem
601 5711 875 5765 obsetvet.
925 5709 1037 5763 Non
1081 5712 1225 5764 enim
1276 5711 1344 5765 ab
1386 5712 1540 5765 initio
1573 5712 1624 5766 id
1658 5711 1762 5766 illis

175 5807 299 5861 dixit
356 5822 421 5862 ne
473 5805 748 5864 turbaret;
790 5817 963 5865 neque
1015 5803 1068 5857 in
1123 5803 1237 5868 ipso
1293 5814 1563 5874 tempore,
1599 5821 1665 5860 ne
1702 5805 1752 5858 in

1869 1026 2157 1068 maerorem
2186 1011 2499 1081 conjiceret;
2518 1011 2613 1066 sed
2635 1020 2915 1082 postquam
2949 1011 3196 1068 idoneam
3230 1022 3467 1082 potesta-

1869 1103 1936 1158 tis
1970 1103 2138 1173 ipsius
2167 1103 2553 1173 experientiam
2584 1112 2924 1173 acceperant,
2949 1117 3074 1158 eum
3103 1118 3323 1176 magnas
3349 1107 3474 1159 vitae

1867 1207 2084 1254 :eternat
2107 1197 2494 1267 promissiones
2509 1195 2683 1260 daret,
2715 1205 2840 1251 tunc
2865 1197 2963 1250 hac
2989 1195 3058 1251 de
3083 1211 3140 1252 re
3168 1213 3470 1252 sermonem

1869 1289 2078 1354 inserit,
2109 1288 2278 1343 semel
2308 1296 2362 1343 et
2394 1288 2476 1343 bis
2501 1297 2556 1342 et
2585 1287 2802 1357 pluries,
2837 1286 2939 1343 hoc
2966 1291 3106 1343 inter
3126 1289 3381 1344 miracula
3419 1301 3473 1346 et

1865 1379 2162 1435 doctrinam
2214 1380 2480 1435 intexens.
2529 1378 2681 1434 Alius
2717 1391 2898 1433 autem
2943 1379 3268 1451 evangelista
3316 1379 3467 1450 (Luc.

1866 1473 1953 1528 18.
1984 1471 2195 1543 51-51)
2221 1472 2385 1538 dicit,
2418 1474 2592 1543 ipsum
2615 1471 2908 1544 prophetas
2938 1481 3102 1528 testes
3129 1473 3467 1544 produxisse.

1864 1565 2018 1620 Alius
2037 1564 2232 1635 (Mare.
2260 1566 2347 1622 10.
2371 1565 2460 1634 32)
2488 1581 2616 1622 vero
2638 1567 2744 1632 ait,
2776 1565 3070 1637 discipulos
3095 1567 3234 1623 dicta
3263 1583 3369 1623 non
3393 1569 3474 1622 inv

1866 1659 2157 1724 tellexisse,
2181 1658 2276 1714 sed
2306 1658 2575 1715 occultum
2624 1659 2790 1714 fuisse
2819 1659 3042 1715 verbum
3079 1659 3230 1728 ipsis,
3265 1670 3321 1715 et
3358 1670 3474 1716 stu-

1865 1748 2104 1818 pefactos
2153 1749 2326 1819 ipsum
2379 1758 2804 1820 essesequutos.
2857 1740 2998 1821 Erg'o
3035 1749 3280 1806 sublatus
3319 1760 3469 1816 erat,

1864 1841 2094 1913 inquies,
2127 1842 2489 1912 praedictionis
2509 1841 2736 1898 fructus.
2763 1843 2819 1898 Si
2846 1844 2992 1898 enim
3021 1843 3356 1911 nesciebant,
3386 1843 3469 1899 itt-

1861 1935 1998 2006 quit,
2033 1934 2082 1988 id
2099 1933 2241 2006 quod
2273 1933 2575 1996 audierant.
2601 1949 2700 1990 nec
2728 1943 3046 2003 exspectare
3073 1944 3339 2004 poterant;
3361 1951 3470 1992 non

1861 2034 2238 2097 exSpeetantes
2281 2041 2447 2090 vero,
2495 2041 2597 2080 nec
2637 2025 2688 2080 in
2731 2041 2826 2095 spe
2866 2033 3118 2096 poterant
3160 2027 3468 2081 exercitari.

1863 2118 2008 2189 Ergo
2031 2134 2161 2174 vero
2195 2117 2339 2172 aliud
2373 2117 2644 2172 difficilius
2673 2117 2842 2173 all‘ero
2877 2135 2891 2173 :
2920 2118 2968 2172 si'
2996 2119 3339 2187 nesciebant,
3372 2136 3473 2176 cur

1863 2211 2191 2267 monebant?
2209 2212 2360 2266 Alius
2385 2221 2564 2268 tamen
2593 2211 2745 2277 dicit,
2771 2211 2917 2282 ipsos
2939 2221 3164 2268 maestos
3192 2212 3376 2268 fuisse.
3412 2213 3472 2269 Si

1862 2319 1991 2374 ergo
2030 2305 2380 2369 nesciebant,
2411 2320 2509 2359 cur
2549 2304 2942 2360 tristabantur?
2968 2304 3251 2372 Quomodo
3278 2305 3472 2362 Petrus

1862 2395 1995 2450 dixit
2027 2413 2040 2448 :
2077 2393 2342 2468 Propitius
2369 2397 2458 2451 tibi
2487 2398 2557 2452 sis
2577 2439 2592 2459 ,
2639 2413 2739 2450 non
2770 2398 2864 2450 erit
2893 2397 2981 2451 tibi
3007 2398 3102 2452 hoc
3133 2397 3350 2470 (Matth.
3377 2399 3469 2456 16.

1859 2487 1974 2558 22).
2007 2489 2146 2556 Quid
2187 2505 2316 2559 ergo
2357 2489 2680 2544 dicendum?
2721 2489 2958 2545 Scivisse
3001 2490 3258 2559 quidem,
3291 2491 3464 2561 ipsum

1861 2595 1983 2636 esse
2008 2581 2346 2645 moriturum,
2377 2581 2476 2635 etsi
2503 2581 2821 2637 meonomim
2851 2581 3167 2652 mysterium
3192 2598 3298 2637 non
3321 2583 3471 2640 clare

1861 2671 2057 2727 scirent
2083 2711 2099 2738 ,
2133 2687 2307 2744 neque
2332 2672 2492 2728 etiam
2539 2673 2992 2729 resurrectionem
3022 2674 3167 2730 clane
3201 2675 3428 2731 scivisse
3449 2715 3468 2740 ,

1868 2771 1968 2811 nec
2007 2767 2214 2826 quanta
2261 2758 2410 2812 illam
2440 2771 2621 2814 essent
2659 2773 2938 2818 secutura.
2965 2763 3030 2817 Et
3061 2764 3164 2818 hoc
3191 2776 3311 2821 erat
3337 2767 3470 2824 abs-

1872 2849 2156 2904 conditum
2186 2851 2289 2905 eis.
2313 2848 2430 2906 liae
2457 2852 2525 2906 de
2555 2867 2724 2908 causa
2771 2853 3054 2911 dolebant.
3077 2857 3234 2914 Alios
3266 2861 3472 2930 quippe

1861 2945 2105 3000 viderant
2146 2955 2392 3002 mortuos
2435 2945 2504 3000 ab
2551 2947 2673 3002 aliis
2717 2947 3004 3014 suscitari;
3043 2962 3166 3003 eum
3210 2962 3339 3002 vero
3377 2948 3468 3018 qui

1860 3037 2095 3106 seipsum
2130 3037 2433 3097 suscitaret.
2463 3048 2624 3107 atque
2655 3039 2726 3092 ita
2753 3039 3061 3107 suscitaret,
3093 3050 3152 3095 ut
3174 3053 3467 3111 numquam

1861 3136 2046 3198 postea
2078 3136 2401 3194 moreretur,
2432 3129 2668 3183 nondum
2702 3129 2968 3185 viderant.
2998 3130 3113 3186 Hoc
3134 3132 3314 3203 igitur,
3365 3133 3469 3188 etsi

1860 3234 2005 3291 stepe
2027 3221 2251 3288 dictum,
2281 3237 2385 3276 non
2411 3221 2805 3293 intelligebant:
2825 3237 3000 3294 neque
3019 3233 3205 3294 aperte
3230 3225 3476 3280 sciebant

1860 3312 2002 3384 quod
2032 3328 2202 3383 genus
2233 3313 2422 3367 mortis
2447 3353 2461 3377 ,
2497 3328 2596 3369 nec
2644 3313 2918 3384 quomodo
2962 3324 3250 3393 venturum
3293 3326 3462 3372 esset.

1862 3405 2095 3475 Ideoque
2143 3405 2429 3476 stupefacti
2473 3414 2664 3472 erant,
2707 3406 2883 3476 ipsum
2933 3417 3262 3478 sequentes;
3295 3423 3471 3479 neque

1861 3486 1990 3553 ideo
2007 3506 2235 3566 tantum,
2268 3498 2395 3564 sed,
2421 3507 2480 3553 ut
2521 3497 2651 3554 mihi
2681 3498 2916 3566 videtur,
2944 3500 3070 3572 quia
3113 3499 3181 3556 de
3213 3501 3467 3572 passione

1860 3591 2107 3661 loquens,
2139 3590 2613 3658 perterrefaeiebat
2639 3606 2756 3647 eos.

1933 3683 1988 3736 2.
2019 3682 2162 3738 Nihil
2191 3693 2372 3740 tamen
2391 3685 2580 3740 horum
2604 3685 2852 3742 ﬁduciam
2871 3686 3002 3758 ipsis
3024 3687 3261 3755 indebat,
3279 3688 3470 3746 etiam.

1862 3775 1905 3832 si
1937 3791 2080 3846 saepe
2110 3777 2179 3833 de
2227 3779 2621 3835 resurrectione
2645 3780 2914 3836 audirent.
2946 3781 3080 3838 Nam
3105 3791 3300 3853 prmter
3317 3800 3470 3839 mor-

1865 3877 1970 3925 tem
1999 3871 2101 3926 hoc
2128 3871 2248 3926 illos
2276 3873 2509 3929 maxime
2537 3873 2807 3941 turbabat,
2839 3875 2982 3946 quod
3008 3876 3261 3932 audirent
3288 3878 3466 3948 ipsum

1863 3961 2194 4017 illudendum
2234 3974 2287 4018 et
2319 3962 2701 4033 ﬂagellandum
2730 3979 2851 4021 esse
2871 4007 2884 4028 ,
2925 3975 2980 4022 et
3005 3966 3108 4020 alia
3139 3966 3468 4037 hujustuodi,

1863 4053 1995 4110 Cum
2028 4055 2172 4110 enim
2193 4057 2498 4126 cogitabant
2529 4057 2807 4127 miracula,
2841 4059 3201 4118 dremoniacos
3230 4074 3471 4130 curatos,

1862 4156 2104 4203 mortuos
2131 4150 2436 4217 suseitatos,
2471 4159 2526 4206 et
2554 4151 2656 4206 alia
2689 4152 3014 4210 mirabiliter
3045 4153 3207 4222 facta,
3238 4155 3471 4212 deinde.

1861 4254 1966 4310 que
1997 4239 2113 4295 haec
2156 4241 2475 4308 audiebant,
2509 4241 3002 4314 obstupeseebant,
3035 4245 3180 4317 quod
3219 4247 3310 4317 qui
3341 4249 3467 4305 talia

1863 4339 2127 4402 patraret,
2162 4334 2287 4389 talia
2329 4349 2583 4404 passurus
2621 4347 2802 4404 esset;
2836 4338 3066 4411 ideoque
3116 4341 3170 4396 in
3220 4357 3468 4414 magnam

1864 4427 2173 4482 incidebant
2208 4427 2618 4495 dubitationem,
2652 4446 2715 4486 ac
2743 4431 2904 4486 modo
2940 4432 3266 4500 credebant,
3309 4437 3475 4494 modo

1865 4535 1970 4576 non
1993 4519 2306 4587 credebant,
2337 4537 2435 4577 nec
2464 4522 2602 4576 dicta
2631 4523 2717 4578 illa
2744 4524 3044 4596 intelligere
3069 4537 3338 4599 poterant.
3366 4529 3470 4587 Us-

1862 4627 1966 4682 que
1993 4612 2128 4667 adeo
2161 4613 2304 4668 enim
2335 4615 2478 4670 clare
2510 4631 2613 4670 non
2646 4617 3014 4688 intelligebant
3037 4662 3052 4688 ,
3085 4630 3145 4676 ut
3172 4622 3264 4676 lilii
3297 4622 3476 4680 lebe-

1863 4702 1966 4758 dazi
2005 4705 2183 4759 statim
2215 4705 2532 4761 accederent
2555 4748 2570 4771 ,
2599 4716 2652 4764 et
2680 4708 2748 4763 de
2775 4709 2950 4780 primo
2975 4727 3234 4769 consessu
3278 4715 3466 4786 loque-

1863 4804 2050 4850 rentur
2080 4812 2095 4850 :
2135 4796 2378 4854 Volumus
2405 4802 2579 4866 enim,
2609 4802 2782 4866 aiunt,
2816 4814 2870 4856 ut
2895 4821 3024 4860 unus
3053 4822 3085 4860 a
3111 4807 3306 4863 dextris
3332 4810 3430 4865 tuis
3453 4852 3469 4875 ,

1864 4901 1995 4940 unus
2016 4904 2046 4939 a
2073 4887 2291 4942 sinistris
2316 4889 2489 4944 sedeat
2518 4889 2710 4960 (Marc.
2733 4893 2820 4948 10.
2846 4895 2961 4965 55).
2981 4896 3263 4963 Quomodo
3289 4900 3470 4970 igitur,

1866 4977 2075 5048 inquies
2099 5024 2111 5043 ,
2147 4979 2233 5036 hic
2279 4983 2608 5054 evangelista
2661 4985 2832 5054 dicit,
2872 4991 3168 5047 accessisse
3207 4995 3475 5050 matrem?

1867 5070 2164 5143 Utrumque
2211 5074 2405 5129 factum
2449 5091 2571 5131 esse
2599 5078 2892 5135 verisimile
2929 5093 3033 5137 est.
3078 5083 3299 5141 Matrem
3329 5089 3472 5143 enim

1865 5177 2045 5218 secum
2065 5181 2407 5235 assumpsere
2433 5168 2499 5222 ad
2524 5170 2782 5239 majorem
2807 5174 3255 5244 supplicationem
3280 5178 3473 5235 facien-

1865 5256 1988 5310 dam
2018 5300 2031 5321 ,
2065 5269 2121 5311 ut
2146 5258 2416 5314 Christum
2447 5261 2549 5318 hoc
2581 5264 2740 5319 modo
2769 5265 3071 5323 flecterent.
3105 5270 3260 5336 Quod
3289 5283 3467 5327 autem

1868 5366 1991 5405 vere
2023 5352 2339 5420 supplicatio
2366 5370 2549 5409 eorum
2576 5357 2684 5423 sit,
2724 5349 2778 5413 et
2805 5359 2944 5428 quod
2977 5377 3097 5428 prae
3131 5363 3333 5432 pudore
3355 5381 3473 5419 ma-

1869 5452 2007 5497 trem
2038 5443 2404 5510 adhibuerint,
2437 5448 2711 5516 perpende
2738 5451 3009 5521 quomodo
3037 5453 3103 5508 ad
3128 5455 3248 5510 illos
3265 5471 3468 5512 sermo-

1866 5549 2007 5587 mem
2038 5535 2286 5591 Christus
2316 5537 2529 5607 dirigat.

1945 5620 2083 5686 Quid
2116 5636 2227 5674 vere
2253 5631 2479 5689 peterent
2512 5622 2613 5692 ﬁlii
2654 5623 2904 5680 Zebedwi.
2933 5656 3004 5667 —
3027 5627 3138 5682 lmo
3159 5643 3289 5683 vero
3323 5629 3469 5698 prius

1869 5713 2144 5768 discamus
2172 5715 2297 5781 quid
2332 5724 2546 5782 petant;
2578 5720 2686 5779 quo
2716 5720 2882 5772 animi
2917 5723 3214 5790 proposito,
3241 5734 3292 5778 et
3325 5725 3468 5778 unde

1873 5806 1937 5860 ad
1967 5808 2065 5858 hoc
2099 5805 2315 5869 impulsi
2349 5809 2472 5860 sint.
2505 5808 2659 5864 Unde
2687 5827 2814 5879 ergo
2842 5812 2907 5865 ad
2938 5812 3038 5867 hoc
3062 5813 3276 5879 impulsi
3307 5826 3452 5869 sunt.
