4040 6426
587 356 692 412 619

589 469 846 526 Videbunt
875 481 932 523 se
957 481 1068 539 pra:
1096 465 1214 521 aliis
1243 465 1294 520 in
1326 463 1526 519 honore
1550 478 1691 528 esse,
1715 472 1770 518 et
1799 461 1920 515 hinc
1944 475 2001 515 se
2024 459 2159 529 peti-

588 563 783 618 tionem
815 569 1236 629 consequuturos
1263 573 1382 613 esse
1421 557 1725 627 sperabant.
1767 553 1872 612 Sed
1912 553 2036 632 quid
2069 569 2163 622 pe-

589 664 700 708 tttut
720 653 741 706 ?
769 651 901 707 Audi
923 651 1085 706 alium
1102 649 1484 722 evangelistam
1509 647 1609 701 hoc
1631 647 1774 701 clare
1789 645 2162 714 explicantem.

585 746 734 814 Quod
765 746 928 811 enim,
960 745 1146 814 inquit,
1179 758 1341 814 prope
1361 740 1749 810 JeroSolymam
1780 746 1986 801 essent,
2015 744 2164 804 puta-

584 845 808 905 rentque
847 850 1068 906 regnum
1119 834 1209 888 Dei
1245 833 1462 903 jantjam
1494 827 1835 884 revolandum
1862 841 1984 882 esse
2005 867 2021 892 ,
2049 826 2165 880 haec

589 928 942 997 postulabant.
976 925 1364 980 Existimabam
1391 924 1558 989 enim,
1588 937 1807 992 regnum
1839 919 1966 974 illud
1999 932 2164 989 prope

582 1033 701 1072 esse
727 1026 784 1072 et
807 1017 907 1072 sub
933 1032 1148 1072 sensum
1169 1016 1380 1080 cadere,
1399 1029 1461 1068 ac
1479 1028 1537 1068 se
1567 1012 1707 1083 quod
1733 1012 1978 1081 petebant
1995 1008 2161 1064 semel

581 1117 940 1178 consequutus
962 1146 978 1172 ,
1012 1105 1141 1162 nihil
1171 1107 1323 1160 triste
1354 1119 1602 1175 passuros
1627 1117 1786 1158 esse:
1820 1116 1992 1169 neque
2017 1099 2158 1152 enim

583 1200 710 1254 illttd
753 1209 970 1271 propter
1015 1199 1116 1273 hoc
1161 1199 1330 1268 ipsum
1379 1207 1581 1253 tantum
1622 1197 1910 1267 petebant,
1953 1198 2045 1249 sed
2104 1204 2160 1249 nt

581 1296 848 1346 arrumnas
880 1291 1130 1345 vitarent.
1175 1287 1299 1344 Ideo
1331 1289 1575 1344 Christus
1620 1288 1792 1358 primo
1821 1287 1935 1340 illos
1963 1286 2031 1340 ab
2060 1284 2159 1339 hic

584 1384 909 1452 cogitatione
937 1381 1171 1447 abducit,
1199 1381 1390 1450 iubens
1410 1380 1604 1447 caedes,
1647 1378 1878 1448 perieula
1903 1387 1959 1432 et
1982 1389 2159 1430 extre-

581 1489 665 1528 ma
711 1488 934 1544 qumque
957 1483 1284 1541 exspectare.
1313 1471 1403 1525 22.
1449 1469 1707 1537 Potestis,
1747 1469 1951 1538 inquit,
1997 1467 2163 1522 bibere

582 1565 812 1630 calicem,
838 1581 983 1636 quem
1003 1579 1096 1636 ego
1120 1563 1363 1617 bibiturus
1393 1560 1548 1615 sum!
1585 1561 1652 1615 At
1682 1574 1839 1614 nemo
1878 1559 2154 1622 turbetur,

580 1657 852 1726 apostolos
875 1657 951 1711 sic
978 1653 1316 1726 imperfectos
1343 1653 1548 1709 videns.
1583 1651 1826 1707 Nondum
1858 1653 1998 1707 enim
2026 1667 2152 1705 crux

580 1751 892 1813 advenerat,
927 1751 1160 1802 nondum
1186 1745 1416 1816 Spiritus
1441 1746 1606 1815 gratia
1633 1744 1752 1800 data
1784 1755 1916 1800 erat.
1940 1744 1994 1799 Si
2025 1747 2157 1800 velis

579 1856 754 1898 autem
789 1842 1023 1911 ipsorum
1054 1839 1300 1892 virtutem
1331 1838 1588 1899 ediscere.
1614 1847 1732 1908 post
1754 1836 1870 1891 lucc
1894 1837 2011 1891 illos
2033 1851 2159 1890 con-

579 1931 773 1991 sidera.
811 1928 1121 1998 videbisque
1154 1931 1295 1998 ipsos
1326 1929 1469 1982 omni
1500 1927 1686 1983 morbo
1719 1927 1882 1982 animi
1909 1927 2154 1995 superio-

580 2036 684 2076 res.
719 2020 946 2089 ideoque
971 2018 1356 2074 enim-illorum
1385 2017 1816 2088 imperfectiones
1833 2017 2056 2083 revelat,
2101 2026 2159 2072 ut

584 2123 765 2183 postea
791 2113 929 2166 scias
972 2111 1158 2183 quales
1199 2126 1264 2168 ex
1313 2111 1478 2182 gratia
1517 2111 1635 2166 lacti
1665 2111 1793 2166 sint.
1814 2110 1964 2179 Quod
1997 2111 2155 2181 igitur

581 2203 710 2258 nihil
737 2203 1017 2272 spirituale
1037 2211 1358 2274 quaererent,
1385 2218 1556 2272 neque
1587 2204 1743 2257 ullam
1771 2203 1984 2272 superni
2007 2203 2156 2272 regni

579 2299 819 2352 notitiam
865 2297 1143 2364 haberent,
1191 2296 1313 2351 hinc
1365 2295 1537 2366 palam
1586 2307 1689 2350 est.
1739 2297 1843 2352 Sed
1887 2296 2158 2350 videamus

578 2389 848 2459 quomodo
862 2387 1140 2449 accedant,
1165 2397 1217 2442 et
1236 2386 1360 2457 quid
1380 2387 1578 2441 dicant.
1611 2386 1868 2453 Volumus,
1894 2386 2156 2455 inquiunt,

577 2490 630 2533 stt
659 2479 1006 2549 quodcumque
1032 2478 1322 2549 petierimus
1350 2478 1509 2548 facias
1535 2477 1676 2531 nobis
1725 2477 1911 2546 (Marc.
1947 2479 2031 2532 l0.
2062 2477 2152 2533 55.

585 2570 698 2643 36).
767 2571 1072 2640 Respondet
1119 2570 1394 2636 Christus,
1446 2569 1581 2637 Quid
1619 2570 1807 2624 vultis?
1859 2570 1972 2623 Non
2016 2570 2154 2640 quod

585 2666 880 2732 ignoraret,
927 2663 1018 2716 sed
1053 2671 1110 2715 ut
1140 2671 1353 2730 cogeret
1384 2662 1503 2715 illos
1543 2659 1885 2729 respondere,
1927 2670 1980 2714 et
2012 2661 2159 2714 ulcus

579 2754 920 2824 patefaceret,
948 2764 1000 2805 ut
1027 2751 1316 2807 remedium
1349 2752 1422 2806 illi
1453 2752 1748 2806 adhiberet.
1782 2751 1857 2805 llli
1884 2767 2008 2804 vero
2038 2765 2158 2805 eru-

577 2845 880 2912 bescentes,
929 2846 1068 2914 quod
1113 2861 1178 2899 ex
1229 2846 1460 2899 lmmano
1499 2845 1689 2899 aﬂirctu
1715 2861 1779 2898 eo
1805 2844 2038 2897 animum
2065 2859 2159 2913 ap-

578 2938 857 3006 pulissent,
889 2937 1112 2990 seorsim
1142 2937 1207 2990 ab
1235 2935 1353 2990 aliis
1379 2935 1651 3004 discipulis
1677 2935 1960 2988 abductum
1996 2936 2159 2991 inter-

577 3036 850 3098 rogarunt.
881 3026 1283 3081 Prmcesserttut
1312 3028 1478 3092 enim,
1525 3021 1711 3097 inquit,
1754 3043 1820 3082 ne
1857 3027 2156 3096 deprehen-

577 3119 834 3174 derentur
879 3120 946 3171 ab
995 3119 1149 3183 aliis,
1201 3129 1252 3173 et
1297 3119 1376 3173 sic
1419 3133 1537 3186 quae
1593 3117 1842 3173 volebant
1885 3119 2152 3173 dixerunt.

579 3209 839 3264 Voiebant
890 3219 1091 3274 autem,
1141 3219 1197 3263 ut
1242 3225 1342 3279 ego
1393 3209 1644 3273 arbitror,
1691 3210 1814 3279 quia
1847 3209 2153 3276 audierunt,

581 3302 828 3356 Sedebitis
856 3319 1006 3370 super
1029 3303 1233 3356 thronos
1261 3303 1524 3357 duodecim
1547 3302 1762 3372 (Matth.
1785 3303 1870 3358 l9.
1902 3302 2018 3373 28),
2055 3305 2158 3374 pri-

585 3413 730 3452 mum
758 3411 1068 3450 consessum
1096 3396 1402 3466 impetrare.
1450 3395 1700 3450 Sciebant
1739 3411 1899 3466 porro
1939 3411 1996 3451 se
2025 3397 2161 3452 alios

581 3489 930 3554 antecedere;
976 3488 1235 3542 timebant
1261 3502 1386 3541 vero
1413 3487 1651 3554 Petrum,
1699 3502 1762 3542 ac
1798 3487 1981 3542 dictmt
2013 3506 2026 3540 :
2059 3485 2157 3542 Dic

580 3595 635 3639 ut
677 3583 846 3637 sedeat
887 3599 1014 3636 unus
1049 3599 1082 3634 a
1129 3583 1317 3636 dextris
1343 3582 1461 3648 tuis,
1491 3591 1536 3635 et
1567 3598 1697 3636 unus
1721 3598 1753 3634 α
1780 3581 1999 3636 sinistris
2027 3597 2045 3635 :
2075 3581 2156 3649 ip-

579 3690 803 3745 sumque
830 3683 1020 3743 urgent
1051 3673 1151 3726 hoc
1175 3674 1356 3736 verbo.
1389 3671 1508 3725 Dic.
1537 3671 1670 3740 Quid
1720 3672 1875 3742 igitur
1920 3672 2051 3726 ille?
2086 3670 2156 3727 Ut

579 3768 825 3822 ostendat
856 3765 977 3819 illos
1009 3780 1105 3818 nec
1137 3763 1413 3832 spirituale
1439 3763 1710 3833 quidpiam
1744 3773 1943 3832 petere,
1987 3778 2158 3832 neque

583 3858 628 3911 si
673 3857 872 3911 scirent
915 3855 1038 3924 qttid
1085 3853 1185 3908 hoc
1229 3861 1390 3918 esset,
1436 3868 1684 3921 umquam
1726 3863 1905 3921 petere
1933 3866 2158 3907 ausuros

585 3948 768 4009 luisse,
799 3946 871 3999 ait
905 3963 919 4002 :
949 3944 1037 3998 ἦ.
1073 3943 1290 3997 Nescitis
1316 3944 1438 4011 quid
1466 3945 1681 4012 petatis;
1717 3959 1873 4012 quam
1906 3959 2154 4012 magnum

579 4051 773 4105 nempe
812 4036 902 4097 sit,
933 4049 1090 4103 qnam
1125 4033 1387 4096 mirabile,
1432 4049 1588 4100 quam
1632 4046 1846 4102 superet
1879 4035 2018 4103 ipsas
2068 4050 2158 4089 su-

578 4141 774 4198 pernas
816 4133 1125 4196 potestates.
1162 4123 1359 4177 Deinde
1388 4123 1656 4193 subjungit
1691 4142 1702 4176 :
1739 4123 1957 4178 Potestis
1995 4125 2158 4180 bibere

577 4219 805 4284 calicem,
833 4232 978 4286 quem
1005 4233 1094 4287 ego
1120 4215 1364 4268 bibiturus
1395 4232 1505 4268 sum
1523 4255 1537 4278 ,
1573 4226 1614 4268 et
1644 4217 1909 4284 baptismo,
1939 4233 2038 4286 quo
2066 4234 2157 4288 ego

576 4311 822 4383 baptisor,
863 4308 1110 4378 baptizari
1152 4305 1338 4376 (Marc.
1369 4305 1455 4361 10.
1500 4305 1634 4375 58)?
1667 4306 1850 4377 Viden'
1888 4309 2157 4378 quomodo

575 4406 755 4462 statim
795 4403 864 4458 ab
903 4404 1002 4456 hac
1047 4401 1294 4470 opinione
1346 4400 1468 4454 illos
1505 4400 1752 4465 abducat,
1804 4416 1832 4454 a
1874 4403 2156 4472 centrariis

578 4499 722 4568 ipsos
750 4494 1067 4566 alloquens?
1099 4493 1206 4548 Vos
1227 4491 1438 4562 quidem
1467 4493 1536 4546 de
1566 4491 1768 4546 honore
1797 4493 1968 4562 deque
1993 4508 2154 4591 corp-

579 4590 665 4644 nls
707 4602 914 4641 mecum
953 4585 1251 4654 loquimini,
1301 4583 1506 4652 inquit;
1555 4598 1654 4652 ego
1701 4599 1828 4637 vero
1873 4583 1941 4638 de
1979 4583 2155 4639 cert'a-

581 4681 812 4737 minibus
838 4688 893 4733 et
917 4676 984 4733 de
1013 4677 1300 4733 sudoribus
1328 4677 1534 4746 loquor.
1582 4675 1696 4730 Non
1745 4688 1826 4732 εει
1865 4677 2008 4732 enim
2055 4676 2157 4732 hoc.

577 4772 919 4844 pnrntiorum
959 4779 1186 4838 tempus,
1220 4783 1393 4836 neque
1436 4783 1574 4822 nunc
1598 4769 1762 4837 gloria
1796 4769 1877 4822 illa
1914 4783 2030 4823 mea
2059 4785 2156 4838 ap-

582 4865 789 4936 parebit
815 4880 830 4928 ;
881 4861 974 4917 sed
1009 4876 1244 4932 pra-scus
1270 4862 1374 4912 vita
1403 4870 1482 4913 est
1513 4860 1755 4924 caedium,
1779 4860 1900 4913 belli
1923 4874 1985 4913 ac
2012 4861 2152 4929 peri-

576 4955 838 5010 culorum.
887 4953 951 5006 Et
994 4953 1112 5005 vide
1160 4967 1267 5019 quo
1319 4961 1470 5019 pacto
1508 4966 1572 5005 ex
1604 4951 1764 5005 modo
1795 4953 2152 5019 interrogandi

575 5056 630 5102 et
676 5046 916 5099 hortetur
961 5053 1017 5098 et
1062 5043 1254 5097 trahat.
1300 5041 1480 5111 Neque
1525 5044 1665 5096 enim
1710 5043 1876 5106 dixit,
1926 5043 2154 5098 Potestis

575 5137 775 5191 caulem
812 5135 1024 5188 let-rell
1048 5134 1272 5203 potestis
1302 5132 1609 5201 sanguinem
1636 5144 1867 5188 vestrum
1901 5133 2156 5188 fundere?

575 5228 671 5284 sed
715 5227 1021 5296 quomodo?
1072 5225 1286 5279 Potestis
1333 5224 1494 5278 bibere
1535 5225 1786 5277 calicem?
1815 5226 2012 5280 Deinde
2041 5227 2155 5279 alli—

574 5323 724 5376 ciens
753 5335 846 5374 eos
873 5319 947 5372 ait
976 5335 990 5372 ε
1021 5319 1180 5385 Quem
1211 5334 1300 5387 ego
1326 5317 1572 5370 bibiturus
1600 5333 1711 5369 sum
1760 5333 1779 5370 :
1822 5326 1878 5370 ut
1916 5333 1980 5372 ex
2026 5335 2152 5373 con-

578 5414 743 5466 sortio
771 5427 868 5465 suo
896 5412 1247 5481 promptiores
1278 5411 1480 5463 ﬁerent.
1539 5410 1803 5479 Baptisma
1845 5422 2017 5464 autem
2056 5428 2150 5464 vo-

573 5517 658 5558 cat
699 5505 848 5568 illud,
899 5504 1184 5557 ostendens
1231 5519 1472 5573 magnam
1503 5502 1624 5557 inde
1667 5505 2028 5572 purgationem
2060 5507 2150 5559 toti

579 5597 687 5651 orbi
737 5594 868 5650 lore.
916 5595 1103 5648 Postea
1145 5595 1324 5649 dicunt
1371 5596 1467 5660 illi,
1512 5594 1810 5649 Possumus.
1867 5595 1940 5649 Ex
1990 5598 2148 5650 animi

636 5773 651 5805 ι
680 5778 804 5828 lucc,
836 5769 1030 5821 Potestis
1053 5770 1234 5820 cazdem
1258 5770 1404 5831 ferre,
1427 5771 1604 5819 desunt
1629 5771 1674 5818 iu
1703 5770 1860 5821 \torel.

1271 351 1327 406 S.
1369 347 1645 404 JUANNIS
1679 345 2144 403 CllBYSOSTO)"
2185 343 2502 400 ARCIIIEP.
2544 343 3077 401 CONSTANTINOP.

3747 349 3860 410 σεο

2269 457 2480 512 {crvore
2506 459 2680 510 statim
2713 458 3047 528 promittunt,
3094 459 3394 514 nescientes
3423 460 3546 531 quid
3576 461 3852 527 dicerent,

2269 547 2363 601 sed
2424 558 2827 615 exspectantes,
2896 562 2954 601 se
2995 549 3428 618 quod..pctebant
3475 553 3856 619 impetraturos

2267 653 2404 692 esse.
2432 638 2567 708 Quid
2599 641 2754 710 igitur
2783 639 2913 694 ille?
2955 640 3044 694 35.
3074 638 3292 695 Calicem
3335 642 3536 708 quidem
3578 659 3748 697 meum
3779 645 3851 696 bi-

2267 731 2420 797 betis,
2465 743 2510 785 et
2550 733 2867 802 baptismate,
2909 750 3006 801 quo
3048 749 3139 805 ego
3183 735 3430 803 baptizor,
3473 735 3854 804 baptisabimiui

2270 821 2458 892 (Marc.
2494 821 2578 877 10.
2609 823 2722 892 39).
2766 823 2947 891 Magna
2997 824 3104 878 illis
3144 825 3479 894 prophetat-it
3522 825 3696 891 bona;
3752 825 3855 880 hoc

2266 921 2368 976 est,
2399 912 2652 984 Hartyrio
2681 914 3050 984 dignabintiui,
3079 925 3132 970 et
3163 916 3275 970 hate
3307 917 3579 986 patiemini
3603 899 3723 986 quae
3753 932 3856 984 ego

2271 1005 2462 1073 patiar,
2492 1006 2724 1061 violenta
2756 1019 2928 1061 morte
2969 1011 3129 1060 vitam
3181 1010 3554 1076 terminabitis,
3582 1011 3634 1063 in
3663 1009 3856 1079 hisque

2272 1097 2399 1152 mihi
2461 1113 2737 1154 consortes
2804 1103 2973 1156 eritis.
3032 1103 3223 1157 Sedere
3261 1114 3426 1157 autem
3466 1107 3536 1158 ad
3593 1105 3855 1160 dexteram

2266 1205 2424 1243 meam
2471 1201 2518 1246 et
2561 1191 2628 1244 ad
2670 1193 2928 1246 sinistram
2973 1211 3071 1248 non
3114 1205 3185 1248 est
3229 1211 3394 1248 meum
3441 1195 3583 1261 dare,
3615 1198 3706 1250 sed
3731 1196 3854 1268 qui-

2262 1278 2352 1333 bus
2404 1292 2634 1350 paratum
2675 1293 2748 1337 est
2783 1299 2814 1336 a
2859 1283 3010 1338 Patre
3054 1303 3181 1342 meo.

2338 1374 2387 1428 5.
2437 1375 2720 1444 Postquam
2755 1375 2965 1430 illorum
3007 1379 3213 1430 animos
3235 1379 3435 1440 erexit.
3482 1377 3852 1432 sublimiores-

2263 1483 2367 1535 que
2407 1466 2550 1531 fecit,
2597 1468 2819 1538 illosque
2845 1486 3079 1549 maerore
3106 1473 3412 1536 superiores
3443 1470 3691 1534 reddidit,
3724 1455 3856 1526 tunc

2263 1560 2468 1614 illorum
2500 1562 2804 1630 petitionem
2830 1564 3067 1632 corrigit.
3115 1563 3218 1618 Sed
3257 1563 3381 1634 quid
3408 1574 3490 1617 est
3529 1563 3667 1634 quod
3708 1580 3853 1618 uuue

2259 1649 2494 1705 dicitur?
2521 1650 2652 1706 Nam
2687 1652 2793 1708 duo
2821 1664 3130 1723 qumrunlur
3159 1673 3187 1708 a
3221 1655 3438 1720 multis;
3487 1657 3680 1724 primo,
3717 1671 3850 1710 nttnt

2264 1750 2503 1812 paratum
2532 1745 2761 1813 cuipiam
2799 1746 2868 1799 sit
2907 1746 3096 1800 sedere
3123 1763 3150 1798 a
3181 1746 3382 1800 dextris
3403 1747 3556 1815 ejus;
3587 1747 3849 1813 secundo,

2263 1848 2388 1887 num
2432 1834 2668 1888 omnium
2701 1834 2954 1890 Dominus
2982 1851 3087 1890 non
3112 1838 3273 1906 possit
3301 1838 3404 1891 illis
3434 1839 3694 1906 prtehere,
3731 1838 3860 1906 qui-

2261 1923 2358 1978 hns
2378 1936 2617 1993 paratum
2642 1936 2744 1982 est.
2763 1926 2898 1995 Quid
2925 1944 3052 1996 ergo
3074 1940 3153 1984 est
3187 1927 3349 1982 illud?
3373 1929 3425 1984 Si
3451 1931 3677 2002 primam
3703 1947 3842 1998 quas»

2260 2016 2486 2070 stionem
2533 2017 2869 2084 solverimus,
2915 2019 3146 2073 secunda
3174 2021 3312 2074 clara
3342 2021 3443 2076 erit
3463 2019 3851 2091 qutcreutibus.

2259 2108 2397 2172 Quid
2438 2123 2566 2178 ergo
2608 2108 2736 2163 illud
2781 2109 2906 2164 est?
2950 2108 3116 2164 Nemo
3148 2110 3213 2165 ad
3239 2110 3510 2166 dexteram
3543 2111 3658 2181 ejus
3693 2113 3830 2168 sede

2263 2199 2357 2259 bit.
2405 2215 2576 2269 neque
2610 2199 2678 2253 ad
2720 2200 3010 2254 sinistram.
3060 2199 3364 2257 lnaceessus
3390 2203 3531 2258 enim
3559 2215 3641 2260 est
3669 2207 3851 2262 omni-

2263 2291 2363 2344 bus
2414 2291 2636 2346 thronos
2681 2291 2774 2346 ille
2825 2309 2839 2344 :
2890 2307 2996 2346 non
3039 2291 3342 2347 hominibus
3372 2303 3576 2350 tantum
3607 2297 3749 2362 dico,
3797 2308 3855 2353 et

2263 2386 2462 2438 sanctis
2490 2396 2544 2439 et
2574 2385 2847 2454 apostolis,
2894 2384 2987 2438 sed
3029 2386 3187 2438 etiam
3219 2386 3444 2456 angelis,
3488 2390 3852 2459 archangelis,

2264 2485 2318 2530 et
2355 2475 2604 2529 onmilms
2643 2476 2886 2543 supernis
2935 2477 3306 2544 potestatibus.
3334 2477 3485 2545 Quod
3526 2481 3674 2548 quasi
3711 2495 3856 2550 pra:-

2263 2567 2550 2635 rogativam
2603 2565 2867 2634 Unigeniti
2911 2569 3055 2634 ponit
3105 2565 3300 2621 Paulus
3339 2569 3568 2623 dicens:
3598 2570 3858 2640 Adquem

2260 2669 2423 2711 autem
2452 2658 2742 2726 angelorum
2785 2659 2913 2710 dixit
2951 2649 3187 2727 umquam
3217 2673 3236 2712 :
3267 2658 3401 2714 Sede
3427 2677 3460 2714 α
3486 2662 3675 2716 dextris
3701 2665 3851 2727 meis,

2261 2749 2418 2802 donec
2461 2765 2645 2817 ponam
2672 2748 2901 2801 inimicos
2938 2759 3048 2803 tuos
3085 2751 3353 2804 scabellum
3396 2752 3576 2820 pedum
3606 2761 3858 2815 tuorum?

2265 2841 2328 2894 Et
2382 2843 2449 2894 ad
2496 2841 2703 2911 angelos
2755 2843 2953 2909 quidem
3004 2844 3120 2895 ait:
3159 2842 3259 2908 Qui
3309 2844 3430 2914 facit
3482 2846 3686 2917 angelos
3733 2863 3858 2903 suos

2259 2936 2502 3006 spiritus;
2553 2937 2620 2987 ad
2667 2934 2858 2988 Filium
2906 2945 3070 2987 autem
3092 2976 3106 2999 ,
3134 2934 3365 2990 Tltronus
3399 2945 3546 3001 tuus,
3579 2937 3719 2992 Deus
3741 2980 3756 3001 .
3797 2940 3853 2992 in

2268 3027 2513 3082 stantium
2566 3027 2740 3081 steculi
2785 3026 2970 3095 (Hebr.
3015 3027 3067 3080 1.
3116 3028 3204 3082 15.
3252 3027 3307 3083 7.
3349 3029 3413 3091 8.;
3453 3026 3598 3083 Psal.
3644 3030 3850 3099 109.1;

2267 3117 2387 3174 105.
2416 3120 2469 3183 ι;
2501 3119 2588 3173 44.
2614 3117 2687 3190 7).
2729 3117 3008 3184 Quomodo
3035 3119 3193 3183 igitur
3222 3118 3366 3180 dicit,
3401 3119 3594 3174 Sedere
3618 3131 3789 3174 autem
3818 3141 3852 3175 α

2262 3210 2450 3264 dextris
2493 3219 2538 3262 et
2579 3209 2798 3262 sinistris
2823 3226 2923 3262 non
2965 3219 3038 3262 est
3075 3227 3242 3264 meum
3269 3209 3392 3264 dare
3413 3211 3439 3264 1’
3464 3227 3530 3265 an
3552 3211 3693 3282 quod
3725 3215 3850 3282 qulo

2260 3303 2379 3356 dam
2408 3301 2513 3356 sint
2536 3303 2628 3372 qui
2653 3303 2850 3356 sessuri
2895 3302 3058 3356 sunt?
3095 3303 3330 3369 Minime,
3377 3304 3514 3360 absit
3560 3323 3573 3360 :
3619 3307 3712 3360 sed
3760 3321 3852 3362 re-

2261 3393 2476 3463 spondit
2504 3393 2797 3448 sccnndum
2825 3395 3131 3462 opinionem
3162 3394 3626 3464 interrogantinm,
3657 3412 3849 3453 eorum

2261 3485 2552 3540 iultrtnitati
2583 3500 2642 3540 se
2682 3493 3063 3553 attempertms.
3094 3484 3278 3556 Neque
3301 3489 3442 3540 enim
3474 3488 3672 3557 aliquid
3701 3489 3850 3544 scie-

2261 3575 2387 3629 bant
2429 3574 2496 3630 de
2535 3576 2750 3630 sublimi
2801 3577 2889 3630 illo
2939 3578 3166 3641 throno,
3208 3593 3380 3648 neque
3410 3577 3476 3633 de
3505 3580 3632 3634 sede
3661 3579 3749 3632 illa
3779 3581 3848 3635 ad

2258 3666 2531 3721 dexteram
2564 3666 2758 3732 Patris,
2808 3667 3022 3736 quando
3051 3669 3212 3723 etiam
3247 3668 3326 3722 Itis
3366 3671 3520 3740 longe
3554 3671 3806 3726 inferiora
3827 3714 3843 3736 ,

2259 3772 2378 3826 qua:
2416 3757 2654 3825 quotidie
2697 3757 2806 3814 illis
2853 3757 3277 3827 inculcabantur,
3323 3762 3638 3831 ignorabant
3685 3779 3700 3817 :
3748 3764 3846 3818 sed

2259 3863 2420 3901 unum
2451 3857 2656 3902 tantum
2686 3832 3015 3918 quaerebant,
3050 3859 3106 3902 ut
3148 3849 3349 3919 primos
3377 3867 3661 3906 COIISCSBUS
3690 3862 3847 3909 tene-

2260 3947 2398 4003 rent,
2441 3947 2494 3993 et
2537 3951 2661 3994 ante
2687 3939 2822 3993 alios
2855 3941 3126 4006 sederent,
3153 3951 3313 4010 atque
3339 3944 3478 4012 apud
3513 3944 3660 3997 illum
3688 3960 3716 3998 a
3744 3960 3847 4000 ne-

2259 4032 2404 4086 mine
2449 4031 2918 4102 prtecederentur;
2972 4034 3115 4102 quia,
3165 4042 3223 4087 ut
3249 4033 3356 4101 jam
3388 4035 3518 4099 dixi,
3563 4034 3847 4092 Duodecim

2259 4123 2466 4176 thronos
2488 4121 2785 4188 audierant,
2822 4124 3123 4193 ignorantes
3147 4125 3272 4192 qttid
3303 4123 3405 4179 hoc
3428 4137 3593 4188 esset,
3615 4127 3847 4196 primum

2260 4228 2569 4268 consessum
2619 4214 2964 4283 quaesierunt.
3027 4214 3138 4269 Hoc
3182 4216 3361 4285 itaque
3395 4216 3526 4271 dicit
3554 4217 3798 4271 Chrisms
3833 4239 3845 4274 :

2261 4302 2485 4374 Propter
2515 4319 2600 4359 me
2630 4304 2846 4374 quidem
2875 4305 3193 4369 moriemini,
3237 4314 3292 4360 et
3329 4319 3424 4375 pro
3463 4307 3851 4377 pra-dicatione

2263 4395 2702 4461 immolabimiui,
2756 4406 3144 4466 consortesqtm
3190 4396 3320 4451 mihi
3373 4398 3634 4467 passionis
3672 4401 3846 4455 eritis.

2259 4487 2439 4556 Neque
2485 4497 2662 4543 tamen
2714 4487 2814 4542 hoc
2858 4489 2986 4542 satis
3030 4499 3133 4555 est,
3178 4498 3235 4542 ut
3271 4489 3496 4557 primum
3531 4504 3848 4546 consessum

2260 4583 2412 4636 vobis
2445 4581 2714 4648 conciliet,
2750 4589 2911 4652 utque
2961 4582 3188 4652 primum
3221 4581 3465 4637 ordinem
3496 4585 3740 4638 teneatis.
3788 4585 3847 4640 Si

2258 4675 2376 4744 quis
2423 4689 2549 4728 vero
2577 4674 2714 4728 alius
2741 4675 2947 4728 venerit
2985 4674 3300 4744 martyrium
3343 4685 3554 4745 pasSus,
3595 4677 3849 4732 virtutes-

2258 4784 2360 4834 que
2401 4769 2532 4822 alias
2557 4782 2745 4821 omnes
2774 4768 3013 4822 obtineat
3051 4768 3338 4837 perfectius
3362 4783 3518 4837 quam
3547 4783 3642 4823 vos
3675 4787 3688 4823 :
3720 4770 3843 4825 licet

2259 4875 2352 4914 vos
2374 4877 2471 4929 ego
2495 4860 2733 4929 diligam,
2767 4871 2820 4913 et
2849 4860 2968 4913 aliis
2999 4876 3325 4929 prmponam,
3348 4875 3452 4915 non
3485 4861 3604 4915 ideo
3626 4863 3849 4930 repulso

2260 4955 2371 5018 illo,
2407 4955 2493 5024 qui
2525 4971 2586 5008 ex
2619 4955 2869 5023 operibus
2911 4953 3248 5022 prtedicatur,
3278 4952 3430 5007 vobis
3457 4955 3657 5022 primas
3681 4955 3843 5009 dabo.

2259 5044 2395 5099 Vero
2429 5063 2453 5097 «ι
2484 5045 2594 5097 inec
2629 5047 2696 5097 ita
2731 5061 2833 5098 non
2866 5044 3019 5108 dixit,
3064 5059 3130 5097 ne
3158 5043 3398 5098 dolorem
3433 5043 3691 5109 inferret;
3748 5045 3844 5101 sed

2259 5137 2588 5205 a'nigmatice
2632 5136 2680 5189 id
2729 5137 3027 5189 subindicat
3071 5136 3254 5190 dicens
3305 5151 3319 5188 :
3368 5134 3588 5190 Calicem
3641 5137 3846 5200 quidem

2258 5245 2418 5280 meum
2448 5229 2640 5290 bibatis,
2674 5239 2719 5280 et
2749 5228 3063 5296 baptismate,
3102 5244 3198 5296 quo
3225 5243 3314 5297 ego
3336 5228 3583 5296 baptisor,
3614 5230 3847 5298 baptiza-

2257 5318 2432 5370 bimiui
2461 5336 2478 5372 :
2508 5321 2679 5371 sedere
2706 5329 2870 5370 autem
2911 5319 2977 5370 ad
3006 5319 3235 5371 dextram
3287 5327 3333 5371 et
3378 5319 3632 5372 sinistram
3657 5329 3844 5373 micam

2258 5426 2356 5461 non
2384 5419 2452 5462 est
2483 5427 2642 5461 meum
2673 5411 2811 5472 dare,
2855 5411 2943 5462 sed
2983 5413 3160 5478 quibus
3206 5420 3442 5474 paratum
3495 5422 3567 5463 est
3607 5429 3637 5462 α
3692 5411 3850 5468 Patre

2259 5518 2388 5552 meo.
2439 5500 2764 5568 Quibusnam
2817 5513 3051 5569 paratum
3102 5507 3221 5555 est?
3270 5502 3334 5555 lis
3375 5502 3465 5569 qui
3492 5502 3557 5554 ah
3588 5504 3846 5570 Operibus

2263 5605 2480 5662 possunt
2525 5595 2794 5660 conspicui
2837 5594 3124 5647 evadere‘.
3183 5594 3304 5648 ldeo
3353 5609 3455 5651 nun
3501 5594 3672 5657 dixit,
3727 5595 3844 5649 Νοι

2323 5779 2336 5801 ⁸
2367 5775 2476 5832 Alii,
2504 5781 2694 5836 possunt
2721 5771 2998 5834 insigniores
3024 5776 3240 5822 ewderc.
