4040 6426
255 355 354 411 821

251 484 334 527 est
383 485 560 526 meum
609 469 760 537 dare,
811 467 906 524 scd
955 467 1129 523 Patris
1175 467 1302 534 mei,
1343 483 1410 522 ne
1435 468 1554 538 quis
1581 465 1851 520 inﬁrmum

250 562 478 629 diceret,
519 564 672 632 quasi
713 576 818 617 non
866 571 1047 629 posset
1087 560 1176 615 ille
1217 562 1530 614 mercedem»
1553 559 1698 612 dare.
1744 557 1852 612 Sed

251 653 570 721 quomodo?
601 652 720 706 Non
748 663 818 707 est
855 668 1044 717 meum,
1079 653 1169 705 sed
1196 652 1262 705 iis
1286 653 1466 721 quibus
1493 659 1728 720 paratum
1757 657 1850 703 est.

252 743 323 798 lit
352 754 536 797 autem
568 743 620 797 id
651 743 792 813 quod
821 743 941 797 dico
968 743 1167 798 clarius
1194 744 1282 806 sit,
1311 743 1562 811 exemplo
1592 740 1721 795 illud
1753 756 1851 796 ex-

249 834 539 906 plicemus,
585 843 640 890 et
685 849 944 905 ponamus
983 849 1105 888 esse
1135 832 1417 903 quemdam
1448 830 1848 899 agonotltetam,

245 927 446 981 deinde
499 928 697 983 multos
753 927 982 982 athletas
1041 927 1274 997 Optimos
1329 926 1380 980 in
1427 925 1528 981 hoc
1575 935 1848 981 certamen

245 1017 607 1084 descendere,
641 1029 695 1073 et
739 1025 1055 1074 accedentes
1106 1019 1244 1073 duos
1295 1019 1526 1073 athletas
1549 1020 1848 1088 aguntulte-

246 1111 355 1164 tlta:
386 1111 626 1166 maxime
670 1110 961 1166 familiores
1003 1111 1208 1172 dicere.
1257 1109 1363 1165 Fac
1411 1119 1469 1164 ut
1522 1124 1849 1165 eorunemur

245 1217 303 1261 et
370 1209 804 1276 promulgemur,
869 1206 986 1276 ejus
1051 1205 1302 1260 amiclti.c
1355 1213 1410 1260 et
1458 1205 1847 1259 benevolentia:

246 1299 473 1353 fidentes
500 1315 516 1363 ;
549 1299 700 1353 illum
733 1314 860 1353 νει-ο
890 1298 1221 1369 respondere
1245 1341 1260 1365 ,
1285 1296 1401 1352 Non
1429 1307 1512 1351 est
1538 1312 1716 1352 meum
1746 1297 1847 1353 hoc

243 1392 374 1444 dare
422 1389 603 1452 vobis,
652 1390 744 1445 scd
775 1390 982 1460 ‘qnihus
1009 1389 1078 1444 ob
1108 1389 1320 1444 labores
1344 1399 1397 1443 et
1425 1388 1651 1444 sudores
1686 1403 1845 1460 para-

243 1491 352 1533 tum
375 1491 460 1535 est
491 1499 504 1532 :
538 1497 662 1534 num
692 1497 818 1552 ergo
852 1481 1000 1534 illum
1045 1481 1246 1534 nullius
1273 1494 1394 1535 esse
1423 1483 1679 1549 potentia:
1699 1479 1844 1549 judi-

238 1573 528 1628 cabimus?
585 1574 928 1644 Nequaquam
962 1591 974 1627 :
1006 1572 1098 1627 sed
1127 1575 1195 1627 ob
1221 1572 1480 1642 justitiam
1507 1572 1844 1642 aequitatem-

238 1679 346 1732 que
375 1664 733 1720 laudabimus.
767 1663 832 1721 Ut
870 1666 1029 1735 igitur
1061 1665 1210 1718 illum
1244 1679 1349 1718 non
1380 1662 1707 1730 diceremus,
1752 1678 1843 1718 co-

237 1768 429 1807 ronam
477 1754 597 1810 ideo
641 1771 746 1810 non
792 1754 942 1818 dare,
996 1755 1135 1826 quod
1180 1769 1283 1810 non
1329 1761 1532 1825 posset,
1576 1753 1671 1809 sed
1701 1753 1843 1824 quod

238 1849 409 1902 nollet
438 1847 609 1918 legem
651 1849 1005 1904 certaminum
1047 1849 1260 1914 violare,
1313 1863 1486 1918 neque
1522 1847 1660 1918 juris
1695 1847 1841 1902 ordi-

238 1953 364 1993 n‘em
397 1940 648 1995 turbare:
680 1942 757 1996 sic
803 1950 857 1995 et
895 1939 1168 1995 Christum
1202 1941 1316 1996 lucc
1349 1939 1554 1996 dixisse
1592 1939 1840 1995 credide-

237 2031 364 2094 rim,
399 2032 634 2102 undique
667 2033 786 2087 illos
822 2033 1200 2098 concitantem,
1246 2045 1300 2087 ut
1335 2045 1454 2104 post
1484 2033 1580 2089 Dei
1611 2034 1838 2104 gratiam

240 2121 297 2175 in
349 2121 488 2175 bona
525 2137 687 2192 opera
737 2137 832 2178 sua
880 2138 1028 2192 Spem
1075 2125 1260 2179 salutis
1286 2135 1340 2179 et
1369 2125 1552 2195 gloria:
1583 2125 1834 2182 referant.

235 2212 364 2268 Ideo
411 2213 560 2279 dicit,
613 2214 806 2280 Quibus
846 2225 1082 2284 paratum
1119 2227 1216 2270 est.
1271 2216 1407 2284 Quid
1439 2219 1607 2283 enim,
1656 2219 1750 2284 ait,
1795 2219 1839 2274 si

235 2307 326 2361 alii
351 2306 502 2361 vobis
525 2309 774 2363 meliores
806 2309 1140 2380 appareant?
1183 2309 1308 2379 quid
1359 2311 1403 2364 si
1452 2311 1675 2365 meliora
1710 2327 1843 2380 ope-

233 2401 467 2454 rentur?
519 2401 656 2455 Num
681 2404 801 2471 quia
831 2402 1076 2471 discipuli
1107 2402 1213 2456 tnei
1245 2403 1439 2465 fuistis,
1485 2403 1608 2457 ideo
1638 2405 1839 2471 primos

233 2506 525 2547 consessus
553 2493 903 2562 occupabitis,
935 2495 1036 2547 nisi
1069 2493 1332 2548 electione
1370 2493 1516 2564 digiti
1541 2494 1834 2565 judicemi-

234 2583 333 2636 tti?
381 2583 533 2650 Quod
567 2585 711 2638 enim
745 2586 857 2654 ipse
882 2587 952 2639 sit
993 2585 1248 2639 Dominus
1297 2587 1554 2652 universi,
1581 2587 1611 2640 lt
1637 2602 1702 2641 nc
1740 2604 1834 2658 pa-

236 2674 342 2727 lam
390 2683 495 2738 est,
546 2675 688 2744 quod
721 2674 836 2746 ipse
868 2686 1035 2730 totum
1065 2675 1258 2731 haheat
1293 2677 1574 2748 judicium.
1627 2680 1835 2732 Etenim

234 2765 394 2820 Petro
445 2767 524 2822 sic
571 2767 700 2822 dicit
743 2787 756 2820 :
812 2767 922 2838 Ego
947 2769 1035 2821 tibi
1075 2769 1204 2820 dubo
1230 2768 1394 2823 claves
1422 2772 1565 2840 regni
1592 2772 1835 2824 ca'lorunt

232 2859 450 2930 (Matth.
487 2861 574 2916 l6.
609 2861 718 2930 l9).
751 2862 816 2916 Ει
860 2861 1057 2916 Paulus
1090 2863 1191 2916 hoc
1218 2863 1524 2933 signiﬁcans
1569 2863 1781 2920 dicebat
1817 2884 1830 2919 :

230 2956 298 3016 In
327 2958 520 3032 reliquo
550 2967 770 3033 reposita
800 2967 872 3018 est
897 2956 1020 3016 mihi
1051 2973 1240 3016 corona
1256 2958 1500 3033 justitite,
1533 2976 1683 3029 quam
1716 2961 1834 3015 red-

229 3054 314 3107 det
351 3054 477 3106 mihi
523 3053 766 3108 Dominus
786 3057 958 3124 justus
976 3057 1141 3125 judcx
1172 3056 1222 3108 in
1251 3058 1340 3108 illa
1371 3057 1452 3110 die
1483 3069 1501 3110 :
1531 3070 1634 3106 non
1670 3053 1831 3107 solum

231 3154 402 3198 autem
430 3145 579 3210 mihi,
612 3145 699 3198 sed
727 3156 770 3198 et
801 3146 860 3198 iis
902 3145 1131 3200 omnibus
1169 3147 1254 3215 qui
1299 3146 1516 3216 diligunt
1563 3146 1831 3204 adventum

227 3235 338 3303 ejus
384 3235 463 3304 (ἓ.
497 3232 632 3290 Tim.
663 3237 715 3291 4.
751 3237 826 3306 8).
881 3238 1156 3292 Adventus
1187 3254 1315 3294 vero
1345 3239 1565 3304 Christi,
1610 3241 1697 3296 ille
1741 3245 1829 3312 qui

225 3327 332 3396 jam
365 3327 465 3381 fuit
500 3327 583 3382 hic
612 3327 828 3382 dicitur.
867 3327 1019 3396 Quod
1048 3339 1225 3384 autem
1257 3329 1480 3385 Paulum
1509 3347 1667 3387 nemo
1697 3349 1833 3401 przc-

227 3432 483 3473 cessurus
535 3419 643 3484 sit,
687 3419 937 3474 omnibtts
988 3421 1162 3489 palam
1213 3431 1318 3476 est.
1377 3421 1433 3477 Si
1482 3433 1659 3477 autem
1716 3423 1832 3480 lucc

227 3507 470 3564 Christus
521 3510 802 3565 obsourius
850 3511 1064 3577 dixerit,
1116 3528 1183 3567 ne
1228 3515 1438 3568 mireris
1472 3532 1485 3567 τ
1519 3515 1639 3568 illos
1684 3517 1828 3570 enim

227 3602 469 3663 dimittit.
502 3617 590 3656 res
623 3603 692 3656 ita
724 3603 1038 3672 disponens,
1074 3614 1131 3658 ut
1157 3621 1223 3658 ne
1257 3620 1316 3660 se
1369 3605 1436 3660 de
1478 3606 1652 3676 primo
1700 3622 1832 3662 con—

227 3707 378 3746 sessu
410 3701 612 3748 temere
659 3693 740 3748 vel
788 3694 983 3748 fruatra
1036 3696 1357 3751 turbarent:
1405 3712 1527 3751 nant
1581 3698 1709 3752 illud
1762 3714 1826 3754 ex

229 3783 468 3838 humano
495 3785 688 3839 all‘ectu
719 3787 958 3855 perpessi
1001 3797 1146 3855 sunt,
1200 3804 1298 3844 nec
1328 3789 1448 3844 illos
1473 3791 1684 3844 tristitia
1711 3791 1826 3845 afli-

226 3890 350 3931 cere
394 3877 604 3942 volcns,
644 3877 974 3932 obscuritate
1013 3877 1127 3932 hzcc
1156 3878 1314 3933 ambo
1344 3883 1704 3950 consequitur.
1735 3882 1826 3936 24.

230 3965 372 4020 Tunc
416 3968 671 4039 indignati
711 3979 826 4022 sunt
866 3970 1036 4022 decem
1058 3971 1122 4024 de
1149 3971 1340 4025 duobus
1367 3973 1629 4040 fratribus.
1663 3973 1826 4038 Tunc,

226 4058 566 4126 qttattdunattt
588 4059 612 4112 τ
638 4059 684 4132 Q
707 4060 862 4113 tando
899 4059 1104 4116 scilicet
1134 4061 1253 4116 illos
1281 4063 1592 4132 increpavit.
1648 4066 1829 4124 Donec

227 4153 369 4206 enim
398 4167 460 4207 ea
503 4149 700 4207 Christi
753 4154 1015 4208 sententia
1046 4165 1183 4219 erat,
1219 4170 1323 4210 non
1372 4156 1824 4228 indignabantur;

227 4242 321 4298 sed
355 4243 600 4298 videntes
631 4243 751 4298 illos
782 4245 1043 4315 pra-ferri,
1100 4261 1164 4301 ex
1200 4247 1402 4303 honore
1444 4259 1498 4304 et
1528 4253 1827 4306 reverentia

227 4334 468 4404 magistri
523 4337 804 4403 tacebant,
855 4340 1068 4393 etiamsi
1113 4333 1294 4393 animo
1340 4341 1602 4406 dolerent,
1632 4345 1726 4398 sed
1776 4346 1826 4398 itt

226 4426 466 4481 medium
521 4429 636 4482 hate
689 4428 882 4483 eﬂ‘crre
940 4445 1044 4482 non
1113 4431 1399 4484 audebant.
1465 4432 1828 4505 Similiterque

226 4534 350 4588 erga
407 4518 622 4574 Petrum
676 4519 966 4574 humanum
1017 4522 1141 4590 quid
1186 4523 1350 4592 passi,
1395 4525 1611 4595 quando
1651 4526 1827 4582 didra-

226 4609 384 4664 chma
434 4609 603 4675 dedit,
644 4626 750 4664 non
790 4611 1004 4681 indigne
1041 4613 1298 4678 tulerunt,
1355 4615 1450 4668 sed
1493 4625 1698 4671 tantum
1748 4619 1824 4670 in-

229 4709 659 4772 terrogaverunt,
713 4701 838 4767 Quis
876 4705 1043 4776 major
1090 4714 1163 4757 est
1208 4705 1419 4774 (Matth.
1464 4707 1542 4762 I8.
1596 4708 1688 4780 l)?
1732 4710 1827 4765 llic

225 4805 403 4851 autem
453 4797 545 4850 tibi
590 4796 839 4852 viderunt
883 4797 1173 4865 discipulos
1211 4799 1260 4852 id
1296 4812 1494 4869 petere,
1541 4803 1824 4873 indignan-

228 4896 330 4941 tur.
362 4887 549 4956 Neque
577 4888 754 4942 statim
785 4887 1043 4958 indignati
1090 4901 1234 4955 sunt,
1281 4907 1402 4945 cum
1434 4903 1694 4962 peterent,
1728 4896 1851 4950 sed-

226 4996 344 5034 cum
397 4981 693 5050 increpavit
737 4997 830 5036 eos
873 4981 1137 5046 Christus,
1177 4982 1417 5053 dixitque
1463 4986 1670 5054 primos
1699 5003 1827 5041 con-

228 5085 409 5126 sessus
441 5086 547 5125 non
579 5083 937 5142 occupaturos
964 5074 1084 5128 illos
1105 5089 1247 5142 esse,
1293 5075 1392 5129 nisi
1418 5091 1475 5131 se
1504 5077 1609 5131 illis
1637 5079 1824 5149 dignos

227 5161 558 5216 exhiberent.

304 5255 355 5308 4.
391 5255 502 5308 Sibi
545 5254 665 5322 ipsis
695 5265 1054 5322 comparantur
1083 5257 1324 5325 apostoli,
1369 5268 1486 5312 ante
1510 5271 1554 5312 et
1580 5271 1692 5329 post
1723 5263 1820 5314 ad-

230 5357 426 5399 ventum
471 5347 578 5414 ‘in:
615 5363 689 5399 :us
741 5348 922 5399 sancti.
964 5345 1238 5402 Ilumilitas
1267 5351 1663 5419 magnitudinem
1692 5356 1824 5422 parit

230 5440 540 5507 gloriamque
586 5449 751 5508 auget.
780 5469 850 5478 —-
893 5440 1074 5494 \‘itlen’
1101 5453 1357 5510 quantum
1391 5445 1682 5512 imperfecti
1710 5463 1825 5500 ont-

231 5547 320 5585 nes
350 5541 553 5592 essent,
586 5543 695 5585 tum
729 5530 779 5583 hi
813 5534 900 5598 qui
934 5532 1121 5585 decem
1155 5535 1272 5587 illos
1306 5537 1611 5603 praecedere
1647 5549 1822 5592 lenta-

232 5624 374 5687 bant,
407 5632 518 5674 tum
551 5620 734 5674 decem
765 5622 836 5674 illi
870 5623 955 5691 qtti
987 5624 1194 5677 duobus
1228 5626 1574 5681 invidebant?
1603 5630 1730 5686 Sed.
1767 5641 1821 5686 ut

230 5714 354 5776 dixi,
385 5725 502 5781 post
535 5714 648 5766 ltzrc
674 5714 896 5768 ostende
926 5716 1046 5768 illos
1071 5716 1219 5781 tnilti,
1253 5730 1305 5772 et
1338 5719 1541 5773 videbis
1573 5722 1821 5776 omnibus

233 5804 372 5860 hisce
398 5804 676 5861 allectibus
707 5821 921 5860 vacuos.
951 5808 1084 5863 Audi
1109 5812 1376 5879 quomodo
1408 5815 1494 5868 hic
1522 5819 1633 5885 ipse
1653 5817 1816 5871 Joan-

1277 349 1339 406 IN
1381 349 1787 406 ΜΑἸΤῘΙᾸΞΙἉΙ
1831 348 2062 408 ιιοιιιι..
2105 349 2266 406 LXV.
2307 351 2380 406 sl.
2423 347 2605 406 LXVI.

3466 355 3570 408 62!

1963 479 2081 528 nes.
2108 468 2198 536 qui
2228 481 2372 521 nunc
2404 467 2503 522 hac
2535 465 2606 520 de
2634 480 2793 520 causa
2822 467 3072 534 accessit,
3105 468 3309 537 primas
3349 483 3568 537 semper

1961 555 2122 612 Petro
2137 558 2315 621 cedat.
2339 567 2395 613 et
2414 559 2763 614 conrionant'r
2781 568 2834 613 et
2859 560 3113 614 miracula
3136 561 3315 616 edenti
3342 562 3394 616 in
3414 564 3566 617 Acti-

1961 647 2059 701 bus
2084 649 2474 716 apostolorum.
2517 648 2707 719 Neque
2753 650 2877 719 ejus
2923 651 3176 720 pt-teelat‘a
3221 663 3368 720 gesta
3400 653 3562 720 celat,

1960 740 2051 794 sed
2098 750 2153 795 et
2196 740 2598 797 confessionem
2633 754 2851 806 narrat,
2883 760 3044 815 quam
3087 744 3175 800 ille
3202 747 3454 802 omnibus
3477 756 3560 802 ta~

1957 832 2205 885 ceutibus
2245 832 2450 899 emisit,
2493 841 2551 888 et
2579 835 2881 904 ingressum
2931 836 2983 889 itt
3015 837 3342 905 sepulcrum,
3378 838 3559 893 illum-

1956 935 2060 991 que
2094 923 2110 954 ⁸
2139 923 2238 977 sibi
2273 925 2538 994 pra-ponit
2570 926 2705 997 (Act.
2734 926 2828 998 5).
2859 925 2992 995 Quia
3021 928 3164 982 ettint
3193 929 3352 981 ambo
3375 932 3555 984 cruci-

1958 1014 2176 1084 tigendo
2218 1015 2439 1070 Christo
2493 1017 2720 1072 aderant
2746 1005 2792 1083 ,i
2825 1019 3038 1074 laudem
3088 1035 3237 1074 suam
3278 1022 3558 1077 succident

1954 1103 2191 1159 Joannes
2216 1108 2288 1160 ait
2324 1125 2338 1160 :
2371 1105 2540 1162 Notus
2561 1118 2666 1161 erat
2684 1107 2968 1179 discipulus
2989 1110 3076 1164 ille
3091 1111 3342 1166 sacerdoti
3356 1113 3375 1184 (
3398 1111 3555 1168 latnt.

1957 1195 2198 1270 18.16).
2245 1197 2480 1255 Jacobus
2536 1215 2663 1256 vero
2717 1217 2824 1255 non
2871 1203 3039 1256 multo
3087 1215 3270 1272 postea
3319 1214 3559 1275 tempore

1954 1290 2132 1346 vixit:
2182 1291 2252 1344 ab
2303 1291 2455 1345 initio
2501 1293 2644 1346 enim
2695 1310 2891 1365 magno
2940 1296 3210 1351 ferebatur
3244 1295 3460 1364 ardore,
3506 1311 3555 1354 et

1955 1380 2134 1433 missis
2173 1379 2422 1436 humanis
2471 1384 2745 1450 omnibus,
2797 1386 2863 1439 ad
2907 1396 3014 1440 tam
3044 1387 3316 1442 ineffabile
3341 1390 3556 1444 culmen

1953 1473 2214 1537 ascendit,
2259 1485 2315 1527 ttt
2362 1476 2540 1528 statim
2575 1477 2936 1533 occideretur.
2985 1478 3075 1534 Sic
3129 1490 3313 1550 postea
3360 1483 3557 1538 summi

1955 1562 2155 1618 virtute
2185 1581 2374 1619 omnes
2405 1567 2579 1622 elfecti
2612 1578 2756 1622 sunt.
2788 1569 2892 1625 Sed
2944 1581 3072 1628 tunc
3101 1571 3360 1642 indignati
3405 1584 3553 1629 sunt.

1950 1654 2092 1720 Quid
2121 1671 2249 1726 ergo
2286 1657 2575 1714 Christus?
2599 1661 2688 1715 25.
2726 1660 2853 1715 Cant
2891 1662 3184 1719 adrorasset
3211 1681 3329 1730 eos,
3379 1667 3509 1721 dixit
3538 1685 3553 1722 :

1955 1742 2222 1815 Principes
2252 1751 2476 1819 gentium
2507 1752 2838 1807 dominantur
2865 1765 3060 1826 cursim.
3106 1757 3242 1825 Quia
3272 1758 3417 1814 enim
3448 1769 3562 1814 tttr-

1951 1838 2057 1892 bati
2109 1852 2282 1905 erant,
2335 1843 2651 1898 advocando
2705 1847 2827 1901 illos
2869 1857 3161 1918 antequam
3222 1852 3553 1922 loqueretur,

1950 1939 2060 1985 tum
2083 1934 2434 1990 advocatione
2461 1937 2570 2005 illa,
2605 1947 2714 1993 tum
2735 1941 2876 2010 quod
2901 1943 3122 2012 propius
3152 1960 3210 1998 se
3235 1945 3557 2011 attralteret,

1950 2026 2070 2081 illos
2101 2029 2380 2098 mitigavit.
2415 2029 2548 2085 Nam
2577 2031 2683 2087 duo
2711 2034 2808 2095 illi,
2841 2050 2908 2089 ex
2939 2047 3081 2091 C(Bltl
3110 2037 3304 2092 decem
3328 2049 3556 2094 ca:tero‘-

1948 2133 2066 2172 rum
2121 2119 2396 2188 disjtmcti,
2456 2139 2624 2193 prope
2675 2127 2890 2181 stabant
2943 2129 3188 2198 privatim
3250 2131 3552 2200 loquentes.

1947 2203 2072 2258 ideo
2104 2205 2225 2259 illos
2255 2222 2468 2276 quoque
2497 2225 2664 2278 prope
2698 2211 2927 2267 advocat
2953 2255 2967 2279 ,
3003 2222 3058 2268 et
3096 2216 3195 2269 hoc
3222 2217 3405 2282 modo,
3441 2227 3553 2273 tum

1946 2297 2109 2351 etiam
2140 2307 2196 2351 ιιι
2221 2299 2362 2368 quod
2388 2301 2477 2354 alii
2499 2301 2747 2357 dixerant
2775 2303 3013 2372 eﬂ‘erret,
3039 2315 3092 2360 et
3117 2309 3329 2362 caeteris
3355 2324 3552 2364 renun-

1948 2387 2106 2442 tiaret
2136 2431 2149 2452 ,
2180 2403 2481 2446 commotos
2515 2393 2705 2449 borum
2741 2395 3066 2468 illorumqtte
3108 2400 3320 2454 animos
3347 2403 3552 2456 solatus

1943 2489 2048 2532 est.
2075 2479 2263 2549 Neque
2287 2499 2428 2535 nunc
2462 2493 2517 2538 ut
2537 2495 2694 2540 antea
2725 2486 2880 2541 sedat
2905 2505 2918 2540 :
2954 2491 3100 2559 prius
3126 2491 3270 2544 enim
3300 2494 3553 2563 parvulos

1943 2569 2162 2625 adduxit
2192 2574 2518 2641 inmedium,
2553 2577 2879 2649 illorumque
2902 2580 3301 2650 simplicitatem
3332 2584 3550 2640 humili-

1944 2671 2214 2735 tatemque
2243 2667 2439 2722 imitari
2461 2669 2659 2738 jussit;
2689 2670 2774 2726 hic
2801 2684 2981 2729 autem
3007 2675 3187 2730 acrius
3215 2675 3336 2732 illos
3358 2694 3386 2730 a
3416 2692 3548 2732 con-

1945 2757 2112 2810 trario
2147 2760 2318 2827 carpit
2347 2760 2536 2816 dicens
2570 2781 2583 2817 :
2623 2762 2893 2834 Principes
2942 2767 3166 2836 gentium
3195 2770 3547 2837 dominantur,

1939 2859 1985 2900 et
2012 2851 2097 2920 qui
2126 2853 2297 2922 magni
2319 2865 2460 2920 sunt,
2489 2865 2786 2924 potestatem
2808 2870 3038 2912 exercent
3069 2859 3121 2912 in
3144 2877 3228 2913 eos
3247 2878 3265 2925 ;
3287 2859 3378 2915 26.
3407 2862 3550 2931 apud

1939 2957 2025 2996 vos
2045 2952 2214 2996 autem
2250 2962 2351 3000 non
2382 2946 2454 3000 ita
2493 2949 2588 3002 erit
2621 2967 2639 3002 :
2673 2951 2763 3002 sed
2790 2951 2876 3018 qui
2919 2952 3022 3004 vult
3055 2969 3270 3022 magnus
3311 2955 3441 3008 inter
3461 2973 3548 3010 vos

1938 3049 2066 3102 esse,
2095 3037 2176 3089 hic
2204 3037 2268 3090 sit
2297 3039 2526 3093 omnium
2551 3041 2780 3095 minister
2811 3058 2830 3096 :
2850 3044 2940 3097 27.
2969 3054 3015 3096 et
3036 3046 3121 3112 qui
3158 3047 3263 3099 salt
3289 3063 3395 3101 esse
3434 3050 3545 3117 pri-

1939 3141 2071 3193 mus,
2103 3127 2165 3185 sit
2193 3129 2416 3185 omnium
2447 3131 2656 3188 ultimus
2684 3148 2702 3185 :
2733 3134 3026 3189 ostendens
3057 3135 3184 3190 illud
3212 3137 3276 3191 ad
3306 3139 3544 3207 gentium

1937 3237 2143 3276 morem
2166 3224 2428 3280 accedere
2447 3269 2461 3292 ,
2487 3242 2608 3281 cum
2642 3225 2798 3296 primi
2817 3225 3014 3299 gradus
3035 3214 3383 3302 appetuntur.
3413 3228 3546 3288 Nam

1939 3315 2214 3386 tyrannica
2243 3316 2359 3372 haec
2389 3319 2568 3387 passio
2599 3329 2678 3374 est
2707 3361 2723 3388 ,
2752 3336 2854 3388 qua
2889 3321 3198 3392 frequenter
3232 3325 3410 3395 magni
3448 3325 3546 3381 viri

1936 3410 2310 3480 exagitantur;
2343 3412 2570 3484 ideoque
2602 3415 3002 3473 vehementiore
3027 3420 3377 3491 castigatione
3403 3422 3544 3477 indi-

1935 3515 2044 3574 get.
2077 3504 2416 3574 Quapropter
2443 3509 2556 3577 ipse
2604 3511 2814 3564 acriore
2862 3511 3020 3581 plaga
3068 3514 3264 3578 utitur,
3293 3513 3422 3568 dum
3456 3531 3540 3570 ex

1933 3597 2176 3666 gentium
2219 3601 2624 3666 comparatione
2653 3609 2949 3657 tumentem
2977 3604 3216 3659 animum
3247 3605 3538 3675 pudelaeit,

1935 3698 1990 3743 et
2020 3688 2212 3743 horum
2236 3689 2514 3758 invidiam,
2547 3693 2758 3748 illorum
2789 3697 3151 3766 arrogantiam
3178 3697 3444 3765 succidit;
3477 3715 3541 3756 ac

1934 3780 1979 3836 si
2003 3781 2208 3836 diceret
2236 3800 2250 3834 :
2282 3782 2359 3838 Ne
2387 3784 2738 3854 indignemini
2781 3790 2934 3857 quasi
2967 3791 3292 3845 contumelia
3337 3791 3538 3847 allecti.

1935 3873 2155 3942 Seipsos
2185 3877 2419 3932 maxime
2453 3878 2684 3945 Iredunt,
2709 3889 2759 3935 et
2787 3881 3054 3937 dedecore
3083 3883 3321 3939 afﬁciunt
3367 3884 3425 3948 ii,
3449 3886 3541 3956 qui

1935 3969 2222 4037 primatum
2255 3968 2528 4038 ambiunt;
2571 3989 2694 4027 nam
2742 3975 2986 4030 ultimum
3037 3977 3212 4032 locum
3252 3989 3540 4049 occupant.

1935 4059 2050 4114 Non
2078 4063 2220 4116 enim
2265 4078 2354 4118 res
2381 4064 2523 4134 apud
2577 4081 2678 4121 nos
2723 4081 2782 4122 se
2813 4069 2973 4123 habet
3017 4080 3074 4124 ut
3118 4071 3255 4139 apud
3300 4081 3540 4127 exteros.

1934 4152 2068 4207 Nam
2103 4152 2368 4226 Principes
2403 4157 2627 4227 gentium
2658 4159 2990 4214 dominantur
3025 4178 3241 4222 eorum:
3286 4163 3426 4231 apud
3456 4181 3545 4220 me

1933 4255 2111 4298 autem
2139 4246 2356 4300 ultimus
2380 4250 2583 4322 primus
2604 4258 2704 4302 est.
2729 4249 2806 4304 Ne
2827 4267 2952 4305 vero
2985 4262 3138 4322 putes
3160 4252 3276 4308 haec
3303 4270 3390 4309 me
3419 4255 3539 4311 sine

1932 4350 2091 4389 causa
2121 4337 2330 4398 dicere.
2363 4338 2516 4393 factis
2549 4320 2688 4395 .tneis
2717 4345 3022 4412 exemplum
3049 4359 3220 4400 sume.
3257 4345 3367 4414 Ego
3391 4364 3533 4401 etttttt

1935 4431 2053 4499 plus
2078 4429 2348 4504 quidpiam
2367 4430 2486 4484 feci.
2519 4430 2634 4486 Rex
2665 4433 2863 4502 quippe
2894 4450 3246 4503 superttarum
3279 4438 3535 4492 virtutum

1932 4537 2054 4576 eum
2082 4538 2278 4586 essent,
2309 4522 2472 4577 homo
2505 4525 2617 4578 lieri
2651 4526 2827 4591 volui,
2857 4535 2913 4579 et
2933 4528 3115 4595 sperni
3143 4539 3305 4598 atque
3335 4541 3533 4585 contu-

1935 4615 2108 4667 meliis
2157 4614 2320 4670 allici.
2373 4616 2558 4686 Neque
2615 4618 2699 4671 his
2737 4629 3044 4685 contentus,
3097 4633 3325 4676 mortem
3372 4622 3537 4676 adivi.

1933 4704 2057 4760 Ideo
2080 4709 2151 4760 ait
2183 4726 2194 4762 :
2225 4709 2313 4762 98.
2349 4708 2516 4764 Ftlins
2545 4710 2761 4764 hominis
2792 4729 2892 4765 non
2931 4714 3066 4766 venit
3111 4725 3164 4766 ut
3194 4715 3526 4780 ministretur,

1931 4800 2020 4853 scd
2055 4811 2104 4851 ut
2136 4803 2400 4865 ministret,
2447 4812 2496 4854 et
2525 4803 2607 4856 det
2636 4804 2858 4855 animam
2886 4821 3032 4857 suam
3058 4806 3110 4858 in
3139 4806 3532 4875 redemptionem

1934 4911 2026 4961 pro
2058 4895 2248 4947 multis.
2279 4895 2460 4964 Neque
2501 4897 2642 4949 enim
2677 4896 2759 4950 hic
2790 4899 3001 4951 substiti
3028 4899 3049 4930 '
3079 4940 3094 4966 ,
3125 4900 3330 4970 inquit;
3358 4901 3452 4956 sed
3484 4915 3536 4957 et

1931 4987 2164 5040 animam
2191 5003 2361 5042 meam
2387 4987 2507 5041 dedi
2534 4989 2584 5041 in
2617 4988 3045 5058 redemptionem
3077 5009 3090 5044 :
3117 5001 3164 5046 et
3192 5008 3288 5062 pro
3307 4994 3536 5060 quibus?

1935 5079 2039 5134 Pro
2071 5080 2322 5133 inimicis.
2358 5081 2434 5132 ’l'u
2465 5096 2592 5135 vero
2623 5082 2665 5133 si
2697 5080 3009 5137 humiliatus
3032 5083 3215 5147 lueris,
3247 5100 3342 5153 pro
3366 5087 3540 5154 teipso

1933 5175 2048 5242 agis
2082 5191 2093 5225 :
2120 5190 2218 5241 ego
2248 5184 2426 5228 autem
2457 5190 2551 5242 pro
2585 5187 2654 5230 te.
2687 5176 2762 5229 Ne
2793 5177 2971 5246 itaque
3016 5180 3225 5245 timeas,
3255 5181 3406 5249 quasi
3439 5179 3533 5236 lto-

1934 5281 2117 5317 norem
2148 5277 2295 5317 tuum
2329 5267 2599 5319 amittens.
2638 5265 3144 5337 Quantumcumque
3165 5271 3306 5323 enim
3341 5281 3390 5324 te
3425 5273 3526 5326 ltu-

1935 5357 2260 5422 miliaveris,
2293 5373 2397 5411 non
2427 5367 2579 5427 potes
2621 5369 2828 5413 tantum
2871 5361 3200 5417 descendere
3225 5404 3240 5428 ,
3271 5375 3530 5433 quantum

1967 5494 1981 5559 ξ
1997 5500 2366 5559 Juxta_t_‘.r:ccum
2384 5491 2653 5554 legendum
2669 5503 2761 5548 est.
2776 5488 3154 5559 apostolumque.
3172 5507 3315 5548 Porro
3326 5506 3535 5549 Joannes

1932 5555 2011 5622 hic
2037 5554 2272 5615 intelligit
2298 5565 2486 5622 Petrum
2506 5570 2695 5622 ._quem
2734 5554 2829 5606 sibi
2873 5554 3141 5619 prcpotiit,
3169 5575 3264 5611 non
3308 5576 3368 5611 eo
3405 5565 3531 5622 quol

1934 5616 2019 5685 ille
2046 5625 2104 5685 sit
2133 5619 2399 5678 apostolus,
2448 5619 2535 5666 sed
2563 5616 2624 5666 eo
2650 5622 2778 5685 quod
2825 5616 2889 5685 sit
2914 5616 3144 5685 princeps
3184 5616 3525 5685 apostolorum.

1933 5681 2257 5748 Principatum
2284 5689 2408 5729 Petri
2438 5694 2527 5729 vox
2557 5681 2823 5744 apostolum
2849 5681 3116 5746 designare
3141 5681 3302 5747 potest
3335 5699 3421 5748 per
3444 5699 3532 5736 an-

1931 5751 2072 5789 tono."
2083 5755 2257 5790 :aSIatn.

1993 5827 2013 5857 ³
2032 5825 2149 5884 Alii,
2164 5825 2301 5886 quasi
2325 5825 2525 5888 diceret,
2546 5827 2705 5891 Neque
2728 5829 2857 5879 enim
2880 5827 2957 5878 hic
2981 5828 3184 5880 substiti.
