4040 6426
496 352 604 408 6'15

502 466 756 523 Dominus
779 473 920 519 tuus.
944 461 1191 517 Attamen
1212 458 1299 515 hic
1325 455 1617 512 descensus
1631 452 1867 507 omnium
1887 462 2075 505 ascen-

498 572 592 612 sus
616 554 784 611 factus
820 562 942 619 est,
983 560 1037 605 et
1062 550 1284 622 gloriam
1327 548 1443 618 ejus
1487 544 1862 601 manifestavit.
1907 544 2072 597 Ante-

500 662 658 718 quam
694 642 843 715 enim
890 641 1044 697 fieret
1085 642 1266 704 homo,
1307 634 1604 718 abattgelis
1649 642 1853 689 tantum
1878 645 2072 702 cogno-

498 716 743 793 scebtttur
786 750 803 791 :
858 742 1131 804 postquam
1174 740 1351 805 autem
1376 716 1561 783 ﬂbotno
1600 724 1769 781 factus
1809 731 1863 780 et
1902 721 2077 779 eruci—

502 831 636 884 tlsus
660 841 761 890 est,
789 840 895 881 non
917 823 1076 879 modo
1118 823 1261 876 illam
1305 836 1409 875 non
1441 818 1631 874 minuit
1668 816 1916 889 gloriam,
1976 810 2071 867 sed

499 931 553 977 et
596 920 754 974 aliam
790 918 998 986 accepit
1046 931 1076 970 a
1131 914 1433 985 cognitione
1479 911 1644 965 orbis.
1698 908 1775 965 Ne
1823 920 1952 977 ergo
2005 903 2072 959 ti-

500 1024 687 1075 meas,
740 1022 806 1063 ac
876 1007 920 1061 si
976 1006 1145 1060 honor
1215 1004 1306 1059 tibi
1368 1000 1680 1066 auferatur,
1727 998 1773 1054 si
1842 999 2067 1066 telpsttut

500 1103 753 1157 ltumilies
800 1117 814 1154 :
868 1100 969 1153 hoc
1046 1097 1187 1153 enim
1242 1095 1401 1150 modo
1469 1092 1636 1163 magis
1689 1098 1910 1159 augetur
1978 1085 2069 1141 tibi

498 1194 665 1264 gloria
713 1191 817 1247 hoc
851 1188 1010 1245 modo
1047 1188 1217 1257 major
1253 1187 1499 1242 efficitur.
1553 1183 1677 1238 limo
1718 1178 1862 1264 regni
1910 1177 2070 1264 ianua

501 1260 603 1333 est.
646 1274 726 1336 Ne
757 1274 1083 1331 contrariam
1130 1273 1373 1327 ineamus
1414 1269 1575 1333 viam,
1631 1280 1699 1322 ne
1744 1263 1898 1318 nobis
1942 1260 2073 1331 ipsis

503 1369 701 1425 bellum
749 1367 1073 1422 inferamus."
1108 1363 1240 1420 Nam
1284 1364 1330 1418 si
1381 1362 1601 1417 velimus
1648 1358 1822 1424 magni
1868 1353 2068 1419 videri,

506 1474 611 1515 non
636 1456 811 1528 magni
848 1457 1049 1513 erimus
1072 1496 1087 1520 ,
1116 1455 1225 1510 ltuo
1246 1451 1487 1508 omnium
1535 1446 1897 1519 abjectissimi.
1926 1442 2074 1500 Vidi-

498 1550 623 1609 stiu'
644 1549 912 1622 quomodo
939 1549 1132 1621 ubique
1157 1546 1274 1602 illos
1296 1561 1325 1600 a
1348 1543 1633 1603 contrariis
1652 1542 1913 1606 hortetur,
1938 1538 2073 1593 dans

500 1652 679 1700 tamen
720 1640 850 1712 ipsis
902 1639 956 1695 id
1003 1637 1144 1707 quod
1198 1636 1535 1693 desiderant?
1583 1632 1797 1689 Etenim
1834 1630 2075 1703 pluribus

502 1733 743 1804 idosttpra
773 1729 1143 1793 ostendimus;
1187 1736 1242 1783 et
1291 1728 1369 1782 sic
1404 1738 1618 1795 quoque
1663 1720 1809 1789 fecit,
1841 1734 1975 1775 eum
2004 1721 2071 1773 de

501 1823 677 1878 avaris
694 1820 829 1885 etde
851 1834 1000 1874 vanae
1022 1817 1203 1889 gloria:
1225 1815 1443 1886 cupidis
1456 1822 1722 1883 ageretur.
1753 1810 1860 1865 Cur
1899 1807 2068 1873 enim,

502 1910 694 1983 inquit,
718 1926 902 1966 coram
932 1907 1236 1965 hominibus
1270 1904 1370 1963 das
1389 1899 1833 1974 eleemosynam?
1871 1907 1927 1953 ut
1950 1898 2068 1969 glo-

501 2000 838 2059 ria-fruaris?
879 1999 958 2056 Ne
981 2000 1053 2054 ita
1097 1996 1281 2061 facias,
1337 2004 1396 2071 et.
1429 1993 1654 2066 gloriam
1702 1988 2067 2060 consequeris.

500 2092 609 2150 Cur
636 2092 912 2163 pecuniam
937 2086 1281 2145 accumulast
1300 2094 1360 2141 ut
1393 2082 1666 2141 diteseas‘l
1688 2079 1769 2137 Ne
1794 2079 2068 2150 pecuniam

501 2197 780 2255 congeras,
806 2190 863 2237 et
882 2180 1134 2236 ditesoes.
1161 2177 1249 2232 Sic
1271 2176 1433 2231 etiam
1463 2188 1604 2229 nunc
1636 2168 1845 2237 :Quare
1873 2168 2071 2239 primas

501 2275 711 2331 ambiet
741 2283 798 2329 ut
835 2270 971 2327 alios
999 2268 1268 2341 prmdas
1286 2268 1311 2319 τ
1340 2265 1592 2323 Ultimum
1622 2277 1752 2333 ergo
1778 2262 1950 2316 locum
1973 2260 2070 2315 de.

501 2368 626 2440 Ilge.
651 2376 704 2423 et
732 2367 930 2435 primas
971 2362 1219 2418 tenebis:
1264 2358 1392 2413 illud
1436 2358 1577 2413 enim
1618 2354 1822 2412 ambire
1869 2350 2072 2407 minimi

498 2468 604 2518 est.
635 2459 816 2529 Itaque
844 2456 887 2513 si
919 2456 999 2510 vis
1029 2466 1250 2523 magnus
1285 2465 1406 2507 esse
1424 2490 1440 2509 .
1471 2464 1538 2505 ne
1566 2461 1776 2518 quartis
1796 2460 1916 2501 esse
1959 2458 2073 2499 ma-

502 2565 657 2623 gnus,
682 2558 739 2605 et
764 2559 893 2603 tunc
914 2559 1138 2616 magnus
1174 2542 1305 2600 eris.
1337 2538 1467 2596 Illud
1486 2610 1489 2613 ν
1506 2538 1655 2595 enim
1674 2544 1758 2593 est
1795 2534 2072 2590 minimum

502 2657 643 2699 esse.

574 2756 627 2813 5.
655 2752 799 2808 Nihil
810 2750 1092 2806 humilitate
1111 2746 1396 2811 sublimius,
1418 2743 1546 2798 nihil
1552 2740 1789 2810 superbia
1811 2738 2070 2811 abjectius.

501 2844 825 2916 Compar-otio
865 2840 1067 2911 superbi
1093 2854 1205 2893 cum
1237 2835 1435 2889 humili.
1459 2862 1533 2876 —
1576 2830 1758 2887 Viden’
1780 2844 1888 2901 quo
1917 2838 2073 2897 pacto

499 2939 620 2995 illos
666 2934 734 2990 ab
762 2935 861 2988 hoc
900 2930 1086 2986 morbo
1119 2927 1381 2990 abducat,
1414 2934 1468 2979 ut
1494 2921 1763 2985 ostendat,
1811 2921 1930 2974 illos
1968 2918 2070 2973 hoc

500 3028 661 3085 modo
685 3025 953 3087 excidere,
978 3021 1068 3076 illo
1105 3029 1281 3073 autem
1306 3031 1420 3072 rem
1445 3012 1733 3083 consequi;
1771 3019 1828 3065 ut
1854 3011 1955 3065 hoc
1988 3012 2069 3063 t‘u—

500 3121 667 3191 giant,
699 3114 825 3171 illud
846 3121 1154 3184 sequantur.
1185 3108 1384 3165 Gentes
1402 3113 1579 3162 autem
1601 3102 1723 3159 ideo
1742 3116 2070 3157 commemo-

499 3210 659 3277 ravlt,
688 3217 743 3263 ut
770 3221 881 3263 rem
904 3203 1168 3261 dedecore
1198 3200 1408 3271 plenam
1434 3207 1494 3253 ut
1513 3194 1923 3252 abominabilem
1951 3206 2075 3247 esse

499 3304 907 3361 demonstraret.
939 3295 1069 3351 Nam
1096 3298 1434 3364 arrogantem
1461 3300 1684 3344 necesse
1710 3293 1793 3340 est
1814 3283 2065 3338 humilem

500 3396 638 3453 efilci
658 3434 674 3460 ,
699 3402 756 3449 et
791 3390 1021 3446 vicissim
1048 3385 1303 3441 humilem
1343 3382 1627 3439 sublimem
1665 3376 1913 3433 evadere.
1945 3375 2073 3432 Ilaec

498 3468 641 3545 enim
668 3498 791 3540 vera
816 3494 896 3539 est
921 3491 1276 3551 germanoque
1294 3472 1613 3537 sublimitas,
1638 3485 1756 3542 quo:
1781 3484 1880 3525 nec
1908 3469 2077 3523 iuno-

498 3580 661 3645 mine,
685 3589 787 3632 nec
809 3574 862 3628 in
878 3570 1231 3642 appellatione
1249 3564 1512 3623 consistit.
1536 3563 1605 3619 Et
1624 3571 1841 3618 externa
1857 3560 2072 3631 quidem

496 3667 762 3727 celsitudo
785 3662 1118 3720 necessitatis
1141 3670 1302 3729 atque
1322 3656 1529 3711 timoris
1549 3662 1634 3709 est
1660 3672 1675 3708 :
1701 3652 1815 3709 lucc
1828 3667 1956 3707 vero
1975 3651 2070 3705 Dei

498 3758 794 3820 eelsitudini
821 3754 1010 3811 similis
1054 3762 1156 3808 est.
1192 3750 1296 3818 Qui
1326 3750 1429 3803 hoc
1467 3745 1627 3802 modo
1667 3742 1907 3815 sublimis
1947 3751 2068 3812 est,

496 3852 702 3911 etiamsi
732 3846 871 3918 apud
900 3845 1167 3900 nentinem
1195 3836 1534 3895 admirationi
1562 3835 1652 3901 sit,
1683 3835 1929 3891 excelsus
1950 3849 2067 3888 ma-

498 3953 588 4001 net
615 3959 630 3998 :
659 3949 718 3996 ut
740 3946 923 3996 contra
955 3934 1236 4007 superbus,
1257 3929 1463 3986 etiantsi
1483 3927 1552 3983 ab
1569 3926 1818 3982 omnibus
1837 3926 2068 3989 colatur,

497 4036 733 4094 omnium
759 4040 842 4087 est
882 4026 1226 4091 humillimus.
1260 4025 1324 4077 Et
1350 4023 1438 4077 ille
1465 4020 1679 4091 quidem
1729 4018 1897 4072 honor
1930 4017 1982 4071 vi
2014 4025 2071 4072 et

501 4126 822 4182 necessitate
866 4118 974 4174 stat
995 4158 1009 4181 ,
1038 4116 1264 4184 ideoque
1295 4110 1447 4167 facile
1484 4107 1705 4173 deﬂuit;
1735 4107 1821 4162 hic
1853 4122 1981 4161 vero
2003 4121 2071 4161 ex

498 4214 772 4289 preposito
793 4200 1096 4273 voluntatis,
1131 4204 1271 4260 unde
1298 4204 1353 4258 fit
1381 4202 1653 4283 ut'.firmus
1683 4208 1911 4254 ntaneat.
1937 4197 2096 4253 Nam-

462 4278 549 4374 ,ξι
578 4278 790 4363 sanctos
820 4302 940 4357 ideo
966 4300 1222 4353 miramur
1240 4336 1254 4357 ,
1280 4278 1564 4365 quodcum
1589 4292 1826 4346 omnium
1855 4291 2071 4345 maximi

493 4411 711 4462 essent,
760 4412 818 4451 se
854 4393 1088 4448 omnium
1131 4388 1361 4453 maxime
1406 4384 1635 4439 humiles
1690 4382 2070 4441 exhibuernut.

498 4493 726 4561 Ideoque
746 4490 810 4542 ad
840 4486 975 4539 banc
997 4496 1165 4553 usque
1192 4478 1333 4536 diem
1355 4476 1613 4531 sublimes
1640 4483 1875 4540 manent,
1909 4473 2036 4527 nihil
2057 4503 2069 4512 -

494 4592 598 4655 que
624 4595 768 4635 mors
788 4592 851 4632 ex
882 4576 968 4630 illa
996 4570 1309 4629 celsitudine
1334 4569 1581 4637 dempsit.
1613 4564 1670 4621 Si
1699 4566 1867 4635 placet
1893 4574 2068 4618 autem

496 4667 861 4729 ratiocinando
898 4666 998 4719 hoc
1042 4665 1213 4734 ip~um
1258 4661 1615 4729 exploremus.
1661 4658 1811 4712 Altus
1854 4656 2066 4725 quidam

497 4766 621 4820 hinc
648 4763 862 4823 dicitur,
896 4774 1015 4812 cum
1044 4756 1361 4826 proceritate
1401 4752 1644 4822 corporis
1677 4751 1795 4805 talis
1833 4758 1938 4813 est,
1983 4750 2065 4803 vel

491 4872 613 4913 cum
652 4856 705 4907 in
735 4853 843 4906 alto
872 4851 989 4904 loco
1032 4855 1156 4910 stat,
1187 4844 1400 4898 humilis
1442 4859 1567 4896 vero
1593 4861 1623 4896 c
1651 4841 1935 4895 contzario.
1974 4838 2061 4889 Vt—

490 4946 712 5002 deamus
741 4943 897 5013 igitur
923 4941 1041 5009 quis
1071 4940 1207 4991 altus
1234 4938 1321 4998 sit,
1351 4936 1629 5005 superbus,
1658 4949 1723 4987 an
1752 4933 2022 4986 modestus
2050 4949 2063 4985 ;

494 5036 784 5102 utdiseas,
826 5032 958 5087 nihil
990 5046 1107 5084 esse
1140 5028 1437 5081 humilitate
1487 5025 1763 5081 sublimius
1784 5066 1798 5089 ,
1828 5024 1954 5077 nihil
1986 5041 2065 5076 sn-

495 5126 675 5199 perbia
700 5124 978 5193 abjeetius.
1007 5120 1138 5176 Nam
1170 5132 1423 5187 arrogans
1448 5126 1501 5172 et
1538 5116 1799 5184 superbus
1828 5115 2060 5167 omnium

495 5219 748 5311 vultiesse
785 5214 1075 5277 maximus,
1110 5212 1481 5276 neminemque
1508 5222 1565 5260 se
1597 5208 1811 5275 dignum
1839 5220 1958 5260 esse
1984 5206 2063 5257 ui-

492 5296 597 5373 eit;
617 5318 669 5363 et
694 5315 1179 5376 quantumcumque
1227 5300 1443 5354 honoris
1473 5306 1853 5366 consequatur,
1888 5296 2058 5364 majo-

494 5414 608 5455 rem
638 5412 849 5463 semper
874 5395 1094 5465 requirit
1120 5404 1172 5447 et
1217 5392 1400 5450 ambit,
1424 5404 1485 5443 ac
1516 5387 1642 5442 uiltil
1674 5404 1734 5442 se
1763 5401 2063 5453 consequu-

493 5501 601 5545 tum
642 5489 956 5549 arbitratur;
988 5485 1080 5539 sed
1110 5486 1309 5553 spernit
1334 5482 1593 5542 homines,
1621 5479 1937 5546 illorumque
1965 5476 2061 5528 lto-

494 5594 676 5635 uorem
699 5577 946 5647 requirit;
978 5591 1081 5643 quo
1111 5573 1230 5642 quid
1259 5570 1670 5627 irrationabilius
1695 5581 1815 5622 esse
1845 5571 2010 5636 possit
2035 5566 2058 5618 ἲ

494 5672 698 5727 Etenim
732 5668 856 5724 illtnl
884 5668 1147 5753 autigmali
1185 5668 1359 5719 simile
1382 5674 1481 5718 est.
1532 5668 1675 5727 Quos
1716 5661 1857 5715 enim
1888 5659 2062 5727 desiti-

494 5768 559 5822 cit
581 5806 597 5831 ,
639 5768 703 5819 ab
735 5764 835 5817 iliis
866 5752 1086 5832 glutinat
1116 5761 1320 5826 qua-rit.
1354 5758 1533 5811 γυιων
1560 5773 1664 5826 «ιω
1699 5770 1850 5824 pacm
1884 5755 1947 5817 is,
1970 5752 2057 5821 qui

1216 347 1274 400 S.
1312 342 1587 399 JOANNlS
1622 332 2094 394 CﬂliYSOSTUMI
2134 330 2455 387 ARClIlEl'.
2490 328 3022 387 CONSTAN'I‘INOP.

3653 336 3759 390 624

2181 460 2242 503 se
2288 446 2445 502 altius
2492 445 2721 510 extollit.
2760 444 2980 510 decidit,
3018 457 3179 517 atque
3226 446 3370 501 ltumi
3410 445 3598 518 jacet!
3624 449 3759 506 Nam

2178 537 2319 609 quod
2346 548 2569 593 steteras
2594 530 2837 595 homines
2864 538 2964 594 sibi
3002 549 3343 609 comparatos
3363 540 3493 595 nihil
3520 554 3641 596 esse
3662 558 3759 610 pu-

2181 636 2277 691 ttrt,
2329 643 2394 681 ex
2425 628 2542 695 ipso
2569 626 2890 697 arrogantiae
2932 629 3149 684 nomine
3188 629 3448 699 arguitur.
3488 628 3600 685 Cur
3624 645 3758 702 ergo

2178 719 2348 773 curris
2375 717 2441 771 ad
2479 731 2603 773 eum
2637 718 2726 788 qui
2761 718 2839 773 nil
2860 718 2987 775 est?
3008 732 3107 775 cur
3143 719 3212 773 ab
3233 719 3327 785 illo
3356 720 3557 790 quaeris
3578 719 3756 777 bono—

2178 812 2331 865 retu?
2378 826 2476 866 cur
2514 819 2592 867 tot
2629 812 2811 867 turbas
2853 810 3211 883 circumagi”
3264 809 3471 883 Viden',
3496 811 3753 870 humilem

2176 915 2339 972 super
2368 900 2553 957 humili
2590 901 2859 959 stantem!
2908 902 3041 973 Age,
3090 917 3217 957 eum
3262 901 3354 971 qui
3392 899 3636 957 sublimis
3675 917 3760 967 est

2176 993 2561 1049 esamincmus.
2590 991 2686 1048 Hic
2705 994 2853 1048 novit
2871 999 3125 1063 quantum
3159 994 3231 1047 sit
3255 991 3415 1048 homo
3439 1010 3455 1046 :
3479 992 3626 1048 novit
3646 1008 3755 1047 tua-

2176 1100 2338 1152 gnum
2362 1099 2485 1140 esse
2512 1082 2781 1139 hominem
2808 1125 2825 1150 ,
2851 1098 3016 1153 seque
3035 1084 3273 1139 omnium
3306 1094 3631 1154 postremum
3659 1100 3758 1154 ptt-

2179 1176 2286 1234 tat;
2311 1166 2431 1223 ideo
2446 1168 2929 1238 quantulocumque
2948 1167 3151 1222 fruatur
3178 1170 3407 1230 honore,
3429 1166 3480 1223 id
3502 1182 3755 1237 magnum

2173 1273 2297 1315 esse
2340 1267 2506 1329 putat.
2539 1258 2721 1329 Itaque
2750 1258 2837 1313 hic
2878 1258 2977 1314 sibi
3007 1266 3238 1324 constat,
3268 1267 3456 1329 estque
3488 1258 3754 1318 Sublimis,

2176 1365 2240 1407 ac
2265 1349 2585 1407 sententiam
2614 1365 2719 1404 non
2754 1359 2922 1404 mutat
2953 1366 2967 1404 :
3000 1364 3135 1419 quos
3160 1350 3304 1405 enim
3324 1362 3548 1420 magnos
3573 1358 3756 1418 putat.

2178 1442 2367 1498 borum
2394 1439 2629 1497 honores
2665 1454 2888 1511 magnos
2931 1454 3049 1495 esse
3076 1439 3380 1505 existimat,
3404 1439 3614 1497 etiamsi
3644 1440 3761 1494 esi-

2174 1535 2263 1607 gui
2285 1549 2405 1591 esse
2427 1534 2725 1598 videantur,
2750 1533 2871 1598 quia
2891 1532 3097 1587 scilicet
3130 1544 3359 1602 magnos
3389 1530 3509 1589 illos
3527 1530 3760 1586 arbitra-

2177 1637 2282 1682 tur.
2310 1628 2579 1695 Arrngaus
2602 1632 2811 1688 contra,
2834 1637 2929 1679 eos
2950 1621 3040 1693 qui
3068 1636 3131 1677 se
3158 1623 3442 1689 honorant,
3471 1620 3604 1678 nihil
3634 1637 3762 1679 esse

2176 1723 2345 1788 putat,
2374 1714 2469 1773 sed
2495 1713 2727 1771 honores
2754 1712 2824 1769 ab
2844 1712 2950 1768 illis
2976 1712 3244 1769 exhibitas
3270 1698 3497 1784 magnos
3516 1704 3759 1770 arbitra-

2180 1817 2284 1863 tur.
2316 1808 2546 1863 Rursum
2576 1805 2794 1861 humilis
2824 1821 2857 1861 a
2900 1804 3047 1860 nullo
3091 1805 3298 1876 capitur
3321 1806 3485 1861 animi
3514 1806 3706 1862 morbo
3740 1823 3755 1858 :

2178 1914 2285 1955 non
2327 1899 2406 1955 ira
2448 1898 2620 1969 ipsum
2660 1882 2930 1968 exagitare
2962 1898 3178 1967 poterit,
3208 1913 3315 1953 non
3344 1897 3530 1970 gloriae
3576 1913 3753 1962 amor.

2178 2008 2284 2049 non
2315 1992 2511 2048 invidia
2534 2032 2551 2057 ,
2580 2004 2686 2046 non
2720 1991 2890 2057 livor;
2927 1990 3101 2044 anima
3149 2005 3278 2046 vero
3315 1987 3397 2047 his
3425 1989 3627 2046 morbis
3657 1992 3757 2046 im-

2175 2084 2322 2153 muni
2366 2082 2492 2153 quid
2521 2080 2831 2138 excelsius?
2872 2080 3146 2152 Arrogans
3190 2089 3368 2136 autem
3398 2078 3482 2136 his
3509 2080 3758 2135 omnibus

2175 2183 2470 2245 occupatur
2498 2172 2720 2237 morbis,
2745 2171 2895 2241 quasi
2916 2170 3108 2225 vermis
3138 2170 3190 2226 in
3209 2186 3367 2226 cinno
3386 2185 3446 2226 se
3467 2170 3713 2243 volutans
3738 2189 3753 2225 :

2174 2282 2297 2322 nam
2329 2265 2484 2330 livor,
2516 2264 2751 2329 invidia,
2784 2263 2860 2319 ira
2891 2278 3103 2332 semper
3142 2262 3258 2332 ejus
3283 2262 3522 2318 animum
3569 2263 3759 2333 exagi-

2178 2366 2309 2413 tant.
2342 2356 2474 2425 Quis
2514 2370 2645 2426 ergo
2692 2352 2935 2410 sublimis
2959 2354 3081 2415 est?
3109 2368 3175 2409 an
3207 2353 3298 2425 qui
3344 2352 3547 2409 morbis
3591 2355 3754 2409 animi

2177 2448 2422 2516 superior
2439 2455 2542 2514 est,
2571 2462 2639 2501 an
2665 2446 2752 2517 qui
2780 2461 2966 2502 eorum
2995 2445 3223 2501 servus?
3244 2460 3311 2500 an
3332 2445 3423 2515 qui
3454 2446 3538 2505 illa
3574 2447 3751 2501 tremit

2175 2549 2231 2593 et
2259 2537 2527 2603 formidat,
2554 2553 2624 2592 an
2644 2537 2732 2608 qui
2766 2537 2991 2591 invictus
3010 2544 3116 2601 est,
3144 2547 3196 2592 et
3227 2550 3515 2606 numquam
3554 2537 3624 2591 ab
3652 2537 3757 2592 illis

2177 2628 2421 2697 capitur?
2446 2633 2613 2696 Quam
2643 2642 2795 2683 avem
2820 2627 3113 2682 dixerimus
3129 2628 3291 2682 altius
3312 2629 3511 2694 volare,
3540 2645 3606 2684 an
3632 2645 3755 2700 qua:

2176 2723 2422 2776 inanibus
2452 2730 2506 2776 et
2534 2719 2881 2775 arundinibus
2912 2720 3178 2775 venatoris
3206 2719 3363 2775 altior
3402 2729 3511 2786 est,
3536 2736 3601 2775 an
3632 2736 3754 2776 eam

2176 2812 2261 2868 cui
2286 2811 2557 2881 capienda:
2590 2822 2809 2867 venator
2828 2810 3088 2866 arundine
3109 2826 3213 2866 non
3241 2820 3385 2881 eget,
3415 2811 3554 2881 quod
3579 2811 3752 2866 humi-

2181 2905 2281 2960 lius
2300 2905 2466 2968 volet,
2497 2917 2597 2957 nec
2626 2902 2796 2972 possit
2818 2901 2923 2955 alta
2950 2901 3171 2971 petere?
3196 2899 3340 2955 Talis
3361 2913 3445 2957 est
3463 2916 3754 2971 arrogans;

2180 3011 2301 3051 nam
2331 2992 2504 3065 quivis
2533 2992 2754 3064 laqueus
2794 2992 2967 3062 ipsum
2995 2991 3151 3048 facile
3186 2992 3349 3062 eapit,
3383 3000 3568 3062 utpote
3610 2991 3757 3047 humi

2174 3096 2471 3157 tepentem.

2244 3178 2298 3234 6.
2328 3176 2385 3234 Si
2413 3176 2493 3232 vis
2531 3184 2709 3231 autem
2734 3215 2751 3243 ,
2779 3190 2844 3231 ex
2872 3174 3103 3247 maligno
3127 3179 3338 3246 quoque
3366 3174 3632 3236 demens,
3655 3175 3759 3231 hoc

2176 3269 2349 3340 ipsum
2375 3266 2616 3340 explora.
2644 3265 2781 3336 Quid
2809 3264 3023 3320 diabolo
3048 3265 3334 3321 demissius
3358 3275 3461 3334 est,
3483 3266 3604 3336 quia
3634 3281 3761 3324 sese

2176 3360 2401 3415 extulit?
2426 3358 2554 3431 quid
2574 3359 2788 3414 homine
2811 3358 3093 3423 excelsius,
3124 3358 3169 3415 si
3194 3357 3413 3414 Itumilis
3439 3374 3560 3415 esse
3587 3359 3717 3415 velit
3734 3359 3762 3415 Υ

2177 3450 2273 3508 Ille
2293 3452 2435 3507 enim
2460 3449 2605 3505 bumi
2630 3449 2769 3520 repit
2788 3449 2890 3505 sub
2912 3449 3169 3505 calcaueo
3195 3458 3380 3505 nostro
3398 3450 3609 3521 positus
3637 3467 3651 3505 :
3681 3450 3761 3506 ait

2176 3543 2343 3609 enim,
2367 3541 2571 3600 Calacte
2613 3558 2767 3613 super
2799 3552 3054 3613 serpentes
3080 3552 3129 3597 et
3152 3542 3440 3611 scorpiones
3465 3541 3635 3612 (Luc.
3669 3541 3755 3598 I0.

2177 3637 2323 3710 I9);
2356 3636 2442 3691 hic
2462 3650 2590 3691 vero
2617 3649 2738 3693 cum
2766 3636 2971 3705 angelis
2997 3648 3232 3705 superne
3278 3643 3411 3704 stat,
3437 3633 3495 3691 Si
3526 3632 3757 3706 idipsum

2177 3750 2243 3789 ex
2264 3732 2508 3803 superbis
2530 3729 2834 3785 hominibus
2854 3728 3061 3784 discere
3078 3728 3210 3785 velis
3228 3770 3245 3797 ,
3269 3729 3448 3799 cogita
3470 3728 3757 3783 barbarum

2179 3829 2326 3883 illum
2347 3866 2363 3891 ,
2396 3825 2483 3895 qui
2516 3832 2718 3878 tantum
2748 3818 2938 3893 agebat
2960 3822 3252 3877 exercitum
3273 3860 3290 3887 ,
3335 3822 3423 3890 qui
3455 3835 3523 3875 ne
3554 3835 3617 3874 ea
3642 3818 3759 3890 quis

2177 3918 2299 3997 dem
2348 3916 2512 3972 sciret
2552 3930 2671 3984 quin
2710 3912 2958 3969 omnibus
3008 3911 3217 3983 cognita
3262 3919 3476 3976 essent;
3525 3910 3758 3980 exempli

2178 4025 2337 4065 causa
2361 4007 2503 4076 quod
2531 4007 2666 4074 lapis
2692 4015 2836 4061 esset
2863 4005 3015 4075 lapis,
3038 4004 3177 4073 quod
3201 4004 3337 4057 idola
3367 4011 3548 4057 essent
3571 4001 3711 4057 idola
3740 4017 3756 4055 :

2182 4101 2405 4170 ideoque
2434 4098 2517 4152 bis
2543 4096 2762 4152 inferior
2789 4105 2924 4152 erat.
2957 4095 3031 4150 Pii
3063 4110 3191 4149 vero
3217 4104 3271 4148 et
3296 4093 3486 4150 fideles
3516 4092 3652 4147 ultra
3670 4106 3760 4147 so-

2180 4194 2282 4249 lent
2314 4184 2711 4256 conscendunt;
2739 4188 2806 4242 iis
2823 4186 2949 4258 qttid
2971 4186 3251 4257 sublimius
3272 4201 3393 4241 esse
3420 4184 3630 4256 possit?
3654 4183 3758 4251 Qui

2179 4286 2321 4358 ipsas
2349 4284 2510 4339 etiam
2538 4283 2653 4337 caui
2700 4280 2934 4337 fornices
2981 4279 3387 4345 transcendunt,
3442 4288 3496 4333 et
3536 4276 3759 4348 angelos

2178 4376 2542 4447 prmtergressi
2571 4415 2585 4437 ,
2636 4373 2733 4442 ipsi
2784 4372 2918 4426 solio
2972 4372 3116 4440 regio
3172 4370 3406 4426 adstant.
3466 4367 3533 4425 Ut
3578 4377 3756 4423 autem

2176 4468 2387 4523 aliunde
2425 4465 2787 4533 arrogantium
2820 4463 3075 4517 vilitatem
3103 4476 3361 4531 agnoscas
3391 4500 3407 4517 .
3435 4459 3555 4531 quis
3584 4460 3759 4514 humi-

2168 4558 2393 4615 .Iiabitnr
2416 4572 2479 4612 ac
2504 4555 2805 4623 tlejicielur,
2837 4554 2950 4607 isne
2975 4554 3062 4621 qui
3090 4568 3120 4606 a
3160 4552 3267 4607 Deo
3304 4551 3539 4621 juvatur,
3569 4564 3636 4604 an
3668 4550 3757 4620 qui

2174 4662 2204 4701 a
2234 4649 2342 4703 Deo
2370 4644 2749 4715 itupnguaturl
2796 4644 2843 4697 Is
2872 4643 3051 4711 procul
3083 4642 3247 4696 dubio
3272 4642 3361 4711 qui
3388 4642 3755 4712 impugnatur.

2177 4742 2311 4797 Audi
2364 4742 2521 4811 igitur
2560 4737 2684 4810 qttid
2730 4737 2797 4791 de
2837 4735 2921 4791 itis
2962 4735 3223 4789 ambobus
3270 4735 3411 4789 dicat
3444 4734 3754 4803 lScriptura:

2179 4834 2315 4888 Deus
2360 4833 2585 4902 superbis
2632 4829 2835 4894 resistit,
2888 4826 3159 4881 humilibus
3196 4835 3363 4879 autem
3407 4823 3496 4878 dat
3541 4824 3759 4894 gratiam

2179 4924 2316 4993 (Jac.
2350 4923 2403 4978 4.
2437 4922 2525 4991 6).
2558 4921 2727 4975 Aliam
2756 4919 2947 4974 iterum
2983 4916 3201 4971 afferam
3264 4915 3759 4984 interrogationi-nt.

2174 5017 2302 5083 Quis
2342 5011 2656 5077 sublimior,
2693 5010 2779 5080 qui
2822 5022 2971 5064 sacra
3005 5008 3115 5061 Deo
3145 5006 3290 5069 facit,
3344 5016 3397 5060 et
3436 5003 3758 5059 sacrificium

2175 5095 2349 5171 olfert,
2378 5112 2471 5158 aut
2501 5104 2590 5175 qui
2618 5102 2803 5174 procul
2832 5116 2862 5155 a
2892 5102 3000 5154 Deo
3030 5099 3232 5153 nullam
3276 5098 3327 5152 in
3348 5112 3470 5152 eum
3510 5095 3757 5150 fiduciam

2176 5198 2376 5255 habet?
2406 5198 2471 5253 Et
2493 5196 2631 5267 quod
2656 5193 2999 5258 sacrificium,
3022 5191 3249 5260 inquies,
3274 5188 3488 5244 humilis
3516 5187 3604 5243 ille
3631 5185 3759 5240 offe-

2175 5292 2295 5347 ret?
2327 5289 2463 5344 Audi
2516 5288 2769 5341 Davidem
2795 5284 3059 5339 dicentem
3105 5299 3119 5335 :
3150 5281 3476 5349 Sacriﬁcium
3524 5277 3629 5331 Deo
3655 5277 3760 5347 spi-

2174 5385 2299 5437 ritus
2318 5379 2831 5441 coutribulatus;cor
2875 5374 3139 5427 contritum
3170 5381 3214 5425 et
3256 5360 3577 5423 humiliation
3626 5367 3761 5421 Deus

2173 5494 2271 5530 non
2296 5474 2533 5543 despiciet
2559 5470 2730 5535 (Psol.
2757 5470 2845 5524 50.
2877 5468 2987 5538 l9).
3014 5465 3259 5520 Vidistiu‘
3281 5465 3397 5533 ejus
3425 5462 3753 5533 puritatem?

2175 5565 2709 5633 llliusimpuritatem
2763 5560 2969 5628 reSpice
3015 5575 3026 5610 :
3071 5572 3193 5611 nam
3224 5557 3296 5609 ait
3346 5554 3635 5621 :lmpurus
3689 5560 3762 5604 est

2175 5658 2311 5724 apud
2342 5655 2501 5711 Deum
2527 5638 2688 5708 omnis
2712 5652 2795 5720 qui
2822 5659 2894 5705 est
2923 5644 3024 5702 alto
3065 5650 3215 5701 cat-de
3239 5646 3425 5717 (Prov.
3464 5646 3544 5699 I6.
3578 5645 3651 5701 5i.
3681 5642 3757 5696 Ad

2180 5754 2293 5805 Ita'C
2320 5750 2370 5804 itt
2399 5750 2567 5803 altero
2618 5746 2755 5801 Deus
2783 5742 3067 5812 requiescit
3098 5759 3109 5795 :
3148 5742 3314 5807 Super
3344 5756 3488 5805 quem
3516 5735 3648 5789 enim
3674 5747 3755 5785 re-
