4040 6430
342 403 448 458 dis

341 522 577 592 spiciam,
603 517 702 572 nisi
723 533 876 586 super
899 523 1214 568 mansuetum
1233 522 1283 566 et
1307 512 1554 582 quietum,
1570 519 1617 564 et
1643 518 1942 565 trementem

341 610 489 665 verba
518 608 790 676 meaUsai.
815 607 903 661 66.
928 605 1038 676 2)?
1067 606 1218 660 Alter
1239 619 1367 659 vero
1388 617 1509 659 cum
1539 602 1756 656 diabolo
1778 599 1943 654 trabi-

343 715 429 759 tur
467 723 479 756 :
513 703 730 757 inflatus
759 701 903 756 enim
935 699 1134 754 diaboli
1162 697 1422 768 supplicia
1455 696 1612 751 feret.
1645 694 1770 749 ldco
1800 694 1938 748 Pau-

343 798 427 852 lus
456 795 670 850 dicebat
705 812 718 848 :
748 792 831 846 Ne
861 796 990 862 forte
1019 793 1069 844 in
1087 791 1376 858 superbiam
1405 788 1592 853 elatus,
1613 789 1665 840 in
1681 785 1940 858 judicium

342 889 539 942 incidat
566 886 756 941 diaboli
789 886 864 957 (Ι.
897 884 1029 939 Tim.
1058 885 1111 940 ὅ.
1151 882 1230 955 6).
1262 884 1341 937 Ac
1365 891 1552 936 contra
1593 894 1809 950 semper
1839 880 1936 948 ipsi

341 982 540 1044 evenit,
562 995 720 1049 quam
752 979 898 1032 velit.
937 977 1060 1031 Vult
1087 978 1230 1030 enim
1259 977 1371 1044 ipse
1398 973 1712 1044 superbire,
1748 982 1806 1026 ut
1835 971 1936 1025 ho-

341 1081 599 1136 noretur;
658 1072 877 1140 ipseque
924 1069 1164 1126 orandum
1211 1067 1442 1122 maxime
1495 1065 1810 1136 despicitur.
1872 1065 1933 1120 lli

338 1179 569 1232 namque
592 1175 715 1217 sunt
746 1162 977 1216 maxime
1004 1162 1245 1216 omnium
1289 1158 1522 1223 ridiculi,
1549 1159 1800 1212 omnibus
1835 1158 1935 1211 ini-

339 1258 486 1322 mici,
539 1257 771 1311 inimicis
806 1265 964 1323 captu
1011 1255 1211 1317 faciles,
1262 1253 1328 1308 ad
1380 1253 1511 1308 iram
1568 1253 1740 1322 proni,
1793 1250 1932 1320 apud

339 1349 506 1402 Deum
540 1349 752 1417 impuri.
805 1347 942 1416 Quid
967 1362 1094 1416 ergo
1139 1346 1241 1400 hoc
1284 1344 1525 1399 deterius
1569 1358 1689 1398 esse
1721 1342 1933 1412 possit?

337 1439 448 1494 Hoc
477 1433 676 1510 quippe
703 1441 915 1494 culmen
942 1449 1023 1493 est
1061 1438 1321 1492 malorum
1350 1436 1611 1491 omnium.
1642 1435 1778 1502 Quid
1803 1450 1933 1490 vero

333 1530 548 1585 dulcius
605 1530 934 1585 humilibus?
971 1530 1097 1600 quid
1129 1529 1336 1584 beatius
1355 1530 1380 1582 τ
1409 1528 1469 1582 ΙΙί
1493 1528 1753 1584 amabiles
1781 1528 1930 1583 desio

332 1621 714 1692 derabilcsque
766 1622 878 1676 Deo
928 1630 1092 1686 sunt,
1138 1631 1192 1676 et
1241 1619 1382 1690 apud
1422 1620 1666 1674 homines
1718 1634 1930 1689 quoque

332 1713 564 1766 maxima
590 1714 759 1783 gloria
793 1714 1039 1767 fruuntur
1070 1731 1082 1767 :
1113 1728 1301 1767 omnes
1333 1714 1596 1767 honorant
1626 1713 1770 1782 ipsos
1793 1722 1928 1767 tam-

329 1821 492 1875 quam
539 1820 738 1876 patres,
784 1815 841 1860 ut
889 1805 1082 1861 fratres
1136 1806 1554 1875 amplectuntur,
1611 1813 1668 1858 ut
1713 1806 1925 1875 propria

330 1896 573 1950 membra
601 1896 910 1951 admittunt.
945 1897 1124 1952 Simus
1143 1912 1272 1966 ergo
1297 1897 1546 1960 humiles,
1577 1905 1634 1950 ut
1660 1898 1922 1952 sublimes

326 1985 649 2042 efficiamur.
683 1988 815 2043 Nam
845 1990 1145 2059 arrogantia
1174 1989 1458 2044 admodum
1501 1990 1774 2059 deprimit.
1805 1990 1930 2047 llzec

329 2076 668 2133 Pharaonem
714 2081 1022 2150 prostravit.
1060 2079 1182 2134 Non
1222 2082 1337 2134 novi
1359 2122 1372 2143 ,
1409 2081 1616 2149 inquit,
1650 2080 1926 2136 Dominum

328 2171 524 2236 (Exod.
555 2173 610 2228 5.
639 2173 711 2243 2)
732 2213 746 2238 ,
775 2189 838 2228 ac
882 2174 1080 2229 muscis
1100 2214 1114 2238 ,
1155 2173 1300 2227 ranis
1326 2181 1382 2227 et
1428 2173 1648 2228 locustis
1692 2173 1928 2230 deterior

327 2263 498 2316 factus
525 2273 606 2318 est
631 2280 644 2316 :
685 2276 975 2336 posteaque
995 2281 1116 2320 cum
1151 2266 1316 2319 armis
1345 2275 1397 2319 et
1435 2267 1586 2335 equis
1612 2266 1926 2322 submersus

327 2351 448 2405 fuit.
499 2354 697 2408 Contra
733 2371 860 2410 vero
909 2357 1176 2411 Abraham
1207 2356 1353 2418 dicit,
1395 2355 1507 2426 Ego
1550 2374 1659 2411 sum
1690 2358 1852 2425 pulvis
1879 2369 1925 2411 et

324 2442 454 2495 riuis
486 2442 638 2511 (Gen.
669 2446 755 2500 18.
787 2445 934 2516 27),
965 2457 1019 2501 et
1047 2448 1211 2501 multa
1244 2448 1594 2502 barbarorum
1641 2449 1806 2503 millia
1841 2451 1922 2504 vi-

1307 394 1368 450 IN
1408 389 1817 451 ΜΑΊἼΊΙιΕυὶΙ
1861 387 2090 443 HOMIL.
2133 387 2317 448 LXVI.
2358 393 2430 448 al.
2471 390 2680 449 LXVII.

3548 392 3653 447 ϐἓϐ

2054 505 2147 571 cit,
2177 521 2242 561 ac
2267 524 2389 563 cum
2423 510 2473 563 in
2505 512 2736 566 mediam
2785 509 3073 585 Egyptum
3119 507 3418 575 incidisset,
3471 523 3654 564 remr-

2050 600 2142 657 sus
2187 613 2291 668 est,
2335 603 2671 673 splendidius
2719 619 2881 674 quam
2926 614 3053 659 ante
3095 614 3355 673 tropaeum
3387 602 3652 668 referens,

2049 703 2213 762 atque
2243 694 2367 749 huic
2412 696 2592 751 virtuti
2635 697 2928 761 inhaerens,
2968 710 3184 767 semper
3209 695 3490 750 sublimior
3519 710 3650 750 eva-

2049 789 2140 842 sit.
2169 788 2297 843 ldeo
2351 789 2547 859 ubique
2587 788 2896 844 celebratur
2916 830 2931 855 ,
2960 788 3087 842 ideo
3129 786 3328 857 ubique
3357 796 3652 842 coronatur

2047 889 2102 936 et
2127 879 2449 952 praedicatur
2478 899 2490 946 ;
2524 881 2734 936 Pharao
2759 891 3036 937 autemest
3061 893 3206 936 terra
3225 890 3280 936 et
3302 881 3461 945 ciuis,
3490 881 3576 936 vel
3599 882 3644 935 si

2047 973 2172 1042 quid
2204 972 2377 1027 vilius.
2413 973 2554 1028 Nihil
2579 975 2724 1028 enim
2771 974 2840 1028 ita
2867 983 3147 1030 aversatur
3179 973 3318 1028 Deus
3367 983 3424 1027 ut
3451 988 3649 1044 super-

2047 1066 2212 1122 biam.
2243 1066 2366 1122 Ideo
2394 1067 2460 1119 ab
2488 1069 2638 1123 initio
2666 1067 2798 1122 nihil
2825 1083 2931 1120 non
2955 1066 3102 1132 fecit,
3139 1077 3196 1121 ut
3227 1067 3368 1122 hunc
3397 1067 3644 1122 morbum

2045 1163 2322 1216 avelleret.
2357 1161 2560 1217 Idcirco
2593 1162 2852 1217 mortales
2883 1161 3008 1215 facti
3045 1175 3267 1225 smnus,
3295 1171 3348 1216 et
3379 1161 3431 1215 in
3458 1162 3648 1217 dolore

2043 1268 2106 1306 ac
2123 1257 2326 1323 gemitu
2367 1255 2628 1309 vivimus:
2669 1254 2788 1310 ideo
2818 1255 2868 1309 in
2899 1253 3103 1314 labore,
3130 1252 3351 1319 sudore,
3375 1263 3429 1308 ct
3455 1257 3639 1324 operi-

2045 1347 2142 1399 bus
2175 1345 2449 1416 perpetuis
2491 1345 2850 1416 miseriisque.
2883 1346 2956 1399 Ex
2999 1345 3305 1414 arrogantia
3351 1345 3496 1400 enim
3535 1347 3644 1414 pri-

2044 1451 2163 1489 nuts
2185 1436 2348 1489 homo
2375 1438 2637 1506 peccavit,
2661 1437 2804 1508 quod
2858 1450 2919 1490 se
2945 1445 3190 1505 speraret
3220 1435 3486 1505 aequalem
3535 1435 3647 1490 fore

2043 1527 2174 1581 Deo.
2206 1527 2544 1598 Quapropter
2560 1527 2696 1582 ncid
2711 1527 2940 1597 quidem
2961 1527 3102 1596 quod
3134 1527 3366 1582 habebat
3394 1528 3636 1591 retinuit.

2040 1621 2132 1674 sed
2166 1621 2234 1674 ab
2258 1621 2510 1677 omnibus
2544 1622 2765 1678 excidit.
2791 1621 3107 1691 Huiusmodi
3141 1639 3228 1677 res
3274 1631 3357 1677 cst
3385 1639 3646 1692 arrogan-

2043 1712 2110 1764 tia
2138 1733 2148 1762 :
2184 1727 2288 1766 non
2320 1712 2481 1766 modo
2513 1713 2642 1766 nihil
2667 1714 2822 1766 nobis
2847 1713 2968 1766 boni
2993 1713 3204 1790 confert
3231 1713 3296 1767 ad
3333 1714 3518 1778 vitam,
3552 1715 3648 1768 sed

2040 1804 2202 1857 etiam
2257 1819 2378 1872 qua:
2426 1804 2687 1858 habemus
2726 1805 2954 1860 succidit
3005 1821 3019 1859 :
3058 1814 3253 1862 contra
3306 1822 3437 1861 vero
3469 1807 3646 1860 humi-

2037 1894 2158 1948 Ιὶιεις
2208 1895 2339 1949 nihil
2392 1895 2565 1951 aufert
2594 1895 2918 1963 bonorum,
2952 1895 3046 1953 sed
3097 1913 3218 1968 qua:
3265 1914 3374 1954 non
3420 1898 3650 1954 aderant

2035 1986 2238 2052 adjicit.
2297 1987 2444 2042 llanc
2497 1987 2660 2058 igitur
2709 1989 3061 2054 remulemur,
3113 1989 3254 2046 hanc
3311 2005 3642 2061 acquamur,

2036 2089 2094 2134 ut
2118 2090 2172 2134 et
2197 2081 2304 2135 vita
2341 2082 2590 2151 praesenti
2628 2081 2893 2150 fruamur,
2919 2092 2976 2138 et
3006 2081 3236 2138 futuram
3258 2084 3483 2154 gloriam
3507 2099 3643 2139 con-

2034 2187 2370 2240 sequamur,
2419 2174 2590 2244 gratia
2649 2182 2704 2229 et
2756 2173 3127 2230 misericordia
3189 2173 3400 2229 Domini
3475 2176 3646 2230 nostri

2032 2262 2158 2318 Jcsu
2192 2263 2416 2327 Christi,
2451 2265 2780 2335 quicumque
2805 2265 2950 2319 Patri
2974 2273 3029 2320 et
3057 2263 3278 2334 Spiritui
3311 2273 3500 2320 sancto
3529 2265 3650 2335 glo~

2032 2357 2107 2410 ria
2135 2366 2188 2409 cl
2214 2357 2523 2424 imperium,
2559 2371 2702 2412 nunc
2730 2367 2786 2413 et
2812 2373 3032 2429 semper
3055 2400 3070 2426 ,
3094 2367 3151 2414 et
3171 2357 3225 2414 in
3249 2359 3441 2413 saecula
3471 2373 3648 2419 sarcu-

2033 2449 2229 2503 lorum.
2263 2453 2458 2506 Amen.

1448 2715 1795 2778 HOMILIA
1842 2718 2065 2781 LXVI.
2113 2717 2200 2778 al.
2248 2716 2504 2777 LXVII.

322 2875 451 2931 Car.
481 2877 569 2932 ΞΟ.
620 2895 670 2930 v.
718 2877 807 2931 ‘21).
843 2875 908 2931 Et
961 2879 1325 2948 egredientibus
1355 2879 1456 2933 illis
1502 2898 1533 2933 a
1561 2880 1789 2947 Jericlto,
1835 2898 1914 2936 se—

391 2981 550 3035 quuta
595 2980 666 3021 est
709 2986 819 3020 eum
869 2969 1013 3021 turba
1044 2971 1221 3022 multa.
1257 2969 1342 3022 50.
1379 2968 1442 3022 Et
1487 2986 1601 3023 ecce
1644 2971 1746 3025 duo
1797 2973 1915 3026 (α’θὶ

393 3059 618 3111 sedentes
644 3075 784 3110 serus
814 3060 962 3116 viam.
988 3076 1101 3111 cum
1129 3061 1382 3113 audissent
1409 3062 1546 3128 quod
1571 3061 1722 3115 Jews
1750 3072 1917 3116 trans-

394 3151 515 3211 iret,
557 3150 901 3202 clamauerunt
953 3151 1175 3205 dicentes
1221 3165 1239 3200 :
1286 3151 1528 3206 Miserere
1580 3153 1760 3219 nostri,
1808 3151 1917 3208 Do-

392 3242 546 3308 mine,
573 3241 650 3310 ﬁli
681 3239 867 3294 David.

397 3400 447 3454 1.
482 3398 768 3466 Quaestione
796 3399 858 3452 de
885 3399 1062 3454 itinere
1101 3400 1285 3455 Christi
1328 3401 1379 3454 in
1425 3405 1646 3457 medium
1676 3405 1916 3473 adducta,

323 3490 542 3544 duorum
570 3507 821 3544 carrorum
846 3492 1058 3544 historia
1088 3503 1473 3549 conintentatnr.
1507 3497 1918 3550 commendatur-

321 3600 416 3652 que
446 3587 832 3652 perseverantia.
851 3613 922 3622 —
941 3583 1070 3636 Vide
1099 3584 1239 3637 unde
1256 3584 1644 3656 Jerosolymam
1665 3603 1721 3640 se
1738 3588 1921 3642 confc-

324 3684 423 3739 rat,
463 3683 516 3727 ct
562 3689 668 3742 quo
701 3675 818 3727 loco
857 3683 1010 3728 antea
1044 3687 1348 3729 versaretur
1385 3694 1396 3727 :
1436 3679 1573 3748 quod
1606 3689 1750 3734 certe
1791 3681 1918 3734 mihi

323 3765 947 3832 maximcinquircndum
969 3766 1195 3821 videtur.
1225 3769 1334 3822 Cur
1349 3780 1525 3824 autem
1543 3787 1645 3825 non
1684 3782 1838 3826 antea
1869 3775 1919 3827 in

320 3854 596 3910 Galiluram
617 3857 726 3918 ivit,
749 3856 841 3910 sed
863 3872 957 3927 per
973 3857 1268 3913 Samariam
1285 3859 1308 3912 ?
1325 3860 1516 3914 Verum
1534 3863 1651 3917 lucc
1667 3865 1920 3919 studiosis

322 3949 708 4019 relinquemus.
743 3951 874 4006 Nam
930 3953 973 4006 si
1028 3951 1146 4022 quis
1185 3952 1489 4008 accuratius
1541 3959 1654 4010 haec
1694 3959 1918 4012 scrutari

321 4040 570 4106 voluerit,
622 4039 883 4095 Joannem
930 4043 1163 4097 inveniet
1204 4043 1304 4097 hoc
1354 4045 1517 4113 probe
1558 4047 1920 4114 subiudicarc;

320 4147 649 4201 causamque
679 4148 882 4204 ponere
909 4133 1087 4203 (Joan.
1120 4137 1170 4189 ι.
1200 4136 1378 4204 1-5).
1422 4136 1532 4191 Nos
1574 4149 1752 4192 autem
1797 4156 1921 4208 pro-

322 4223 710 4292 posito'nosno
737 4224 1054 4290 harreamus,
1092 4235 1146 4280 ct
1174 4227 1271 4280 hos
1293 4242 1464 4281 etccos
1492 4229 1790 4293 audiamus,
1830 4231 1919 4301 qui

323 4313 506 4366 inultis
541 4313 833 4368 videntium
863 4317 1112 4370 meliores
1141 4329 1313 4371 erant.
1352 4317 1483 4372 Nam
1529 4337 1700 4390 neque
1727 4322 1918 4378 ducem

324 4401 601 4468 habenti-3,
654 4421 826 4473 neque
874 4405 1020 4460 illum
1064 4408 1437 4462 adventantem
1489 4411 1754 4474 videntes,
1798 4430 1918 4467 cum

322 4499 668 4550 contentione
709 4498 772 4551 ad
807 4498 956 4552 illum
985 4500 1241 4554 accedi-re
1284 4501 1580 4568 tentabant,
1624 4520 1922 4576 magnaque

324 4605 454 4644 vucc
490 4591 724 4646 clamare
749 4601 1063 4661 ceperunt;
1095 4604 1145 4648 ct
1173 4593 1304 4661 jussi
1365 4606 1560 4659 tacere,
1608 4603 1775 4668 magis
1813 4602 1920 4654 cla-

324 4682 561 4736 maliaut.
610 4681 754 4737 Talis
801 4685 997 4755 quippe
1035 4694 1117 4739 cst
1170 4701 1518 4754 perseverans
1574 4689 1746 4742 anima
1778 4707 1792 4746 :
1827 4707 1922 4761 per

323 4787 416 4826 cos
445 4775 534 4842 qui
584 4773 840 4844 impedire
871 4787 1115 4844 satagunt
1157 4778 1486 4845 provehitur.
1518 4777 1764 4835 Christus
1793 4799 1921 4837 vero

325 4868 584 4936 permittit
635 4878 691 4921 ut
721 4867 993 4922 silentium
1044 4870 1172 4938 ipsis
1219 4871 1532 4940 imperetur,
1588 4889 1696 4941 qun
1745 4874 1922 4929 fervor

320 4972 508 5012 eorum
551 4970 824 5028 appareat,
857 4969 910 5014 et
941 4960 1135 5023 discas,
1175 4961 1294 5015 illos
1334 4973 1482 5017 certe
1527 4964 1719 5034 dignos
1762 4967 1922 5021 fuisse

320 5054 408 5122 qui
437 5063 770 5108 curarentur.
804 5053 926 5109 Ideo
964 5071 1136 5123 neque
1176 5056 1464 5125 interrogat
1499 5075 1564 5111 an
1593 5059 1835 5124 credant,
1867 5071 1922 5115 ut

319 5144 565 5198 solebat:
600 5159 720 5197 nam
748 5155 798 5198 et
825 5146 1029 5199 clamor
1057 5155 1110 5198 et
1131 5147 1416 5201 accedendi
1459 5160 1681 5204 conatus
1711 5152 1920 5206 illorum

323 5234 483 5291 fidem
510 5236 640 5290 satis
688 5237 1126 5292 testificabantur.
1169 5239 1301 5294 lliuc
1339 5241 1504 5303 disce,
1548 5243 1759 5305 dilecte,
1803 5245 1924 5299 licet

320 5325 609 5381 admodum
666 5329 794 5382 viles
826 5339 878 5382 et
922 5330 1112 5398 abjccti
1166 5347 1354 5394 snuus,
1381 5333 1422 5384 si
1469 5350 1589 5386 cum
1641 5337 1816 5390 studio
1855 5339 1920 5392 ad

324 5420 487 5472 Deum
517 5421 857 5484 accedamus,
895 5437 989 5488 per
1017 5436 1114 5475 nos
1153 5423 1294 5491 ipsos
1333 5439 1488 5492 posse
1528 5441 1646 5494 qua:
1682 5429 1920 5494 postula-

321 5530 439 5568 mus
470 5516 776 5584 impetrare.
815 5515 943 5570 Vide
964 5518 1105 5570 enim
1138 5517 1406 5586 quomodo
1436 5519 1518 5571 isti
1545 5520 1745 5573 nullum
1787 5536 1921 5590 apo-

319 5606 579 5661 stalorum
613 5606 871 5661 habentes
898 5617 1203 5677 patronum,
1237 5609 1329 5663 sed
1364 5611 1558 5664 multos
1583 5612 1671 5680 qui
1696 5627 1754 5667 se
1772 5628 1924 5668 cocro

319 5709 525 5762 cereut,
554 5710 841 5768 patuerunt
871 5715 1057 5754 ()llllleS
1085 5701 1265 5756 obices
1296 5703 1583 5766 transilire,
1629 5713 1682 5758 et
1718 5705 1783 5758 ad
1824 5705 1919 5760 Je-

319 5804 437 5846 sum
469 5792 639 5861 ipsum
679 5793 935 5846 accedere
971 5810 982 5843 :
1017 5794 1115 5847 etsi
1157 5809 1261 5848 non
1295 5795 1606 5849 testilicctur
1651 5799 1920 5869 evangeli-

2035 2894 2114 2937 εἰη
2147 2883 2288 2952 ipsos
2315 2884 2544 2952 aliquam
2571 2901 2636 2938 cx
2667 2886 2785 2939 vita:
2817 2903 3015 2955 genere
3053 2887 3300 2942 fiduciam
3345 2890 3595 2945 habuisse
3630 2909 3644 2945 :

2025 2978 2120 3030 sed
2145 2979 2307 3032 animi
2339 2978 2516 3034 fervor
2546 2980 2662 3034 vice
2705 2981 2946 3035 omnium
2989 2982 3118 3050 ipsis
3155 2981 3273 3036 fuit.
3311 2983 3418 3038 Hos
3447 2992 3503 3038 et
3544 2999 3644 3039 nos

2027 3071 2186 3123 etiam
2239 3071 2574 3125 :cmulcmur.
2639 3070 2860 3126 Etiamsi
2927 3072 3072 3126 Deus
3132 3072 3332 3127 donum
3392 3074 3641 3140 differat,

2026 3164 2233 3216 etiamsi
2266 3163 2415 3216 multi
2462 3165 2748 3229 abducant,
2791 3181 2858 3218 ne
2904 3165 3114 3232 petendi
3155 3165 3317 3221 linem
3356 3167 3635 3223 faciamus.

2029 3254 2117 3309 Sic
2144 3255 2287 3309 enim
2327 3255 2558 3308 maxime
2597 3255 2762 3309 Deum
2799 3256 3152 3312 attrahi-mus.
3187 3256 3285 3313 llic
3329 3258 3489 3328 igitur
3522 3259 3644 3316 vide

2029 3347 2298 3414 quomodo
2327 3347 2538 3401 illorum
2571 3346 2836 3401 fervorem
2878 3364 2977 3403 nec
3007 3351 3313 3420 paupertas,
3346 3368 3444 3406 nec
3484 3355 3644 3409 carci-

2031 3449 2128 3495 tas.
2168 3455 2264 3493 nec
2293 3440 2432 3508 quod
2464 3455 2565 3493 non
2594 3440 2900 3501 audiantur,
2929 3457 3026 3495 nec
3047 3441 3188 3511 quod
3220 3459 3248 3496 a
3279 3445 3446 3499 turbis
3469 3443 3642 3502 incre-

2032 3546 2242 3600 pentnr,
2277 3534 2538 3602 impedire
2579 3533 2806 3603 possint.
2841 3534 2987 3588 Talis
3024 3547 3106 3589 cst
3134 3537 3308 3591 anima
3339 3537 3554 3594 fervens
3591 3550 3644 3595 et

2031 3625 2079 3677 in
2115 3626 2296 3678 labore
2341 3641 2581 3679 versans.
2623 3627 2760 3694 Quid
2802 3643 2931 3692 ergo
2973 3626 3266 3686 Christus?
3298 3629 3384 3682 52.
3439 3629 3643 3684 Vocattit

2028 3715 2143 3768 illos
2172 3725 2216 3768 et
2247 3715 2376 3768 dixit
2404 3732 2423 3770 :
2457 3717 2591 3781 Quid
2625 3719 2780 3771 vultis
2813 3728 2864 3770 nt
2890 3719 3025 3771 t-obis
3055 3721 3290 3798 faciam?
3334 3721 3421 3775 55.
3454 3720 3642 3775 Dicunt

2026 3810 2072 3863 ei
2104 3826 2122 3863 :
2158 3809 2388 3874 Domine,
2425 3821 2476 3863 ut
2509 3812 2808 3879 aperiantur
2842 3811 2980 3864 oculi
3034 3814 3211 3866 nostri.
3246 3815 3353 3867 Cur
3394 3815 3513 3868 illos
3560 3816 3641 3868 in-

2030 3901 2303 3970 terrogat?
2334 3901 2407 3955 Nc
2438 3900 2560 3970 quis
2591 3910 2822 3970 putaret,
2855 3903 3028 3972 ipsum
3067 3903 3167 3956 alia
3203 3905 3510 3974 pcteutibns
3537 3906 3642 3960 alia

2026 3995 2174 4049 dare.
2203 3994 2414 4050 Etenim
2442 3996 2577 4050 solet
2605 4011 2823 4066 semper
2855 3998 3026 4066 primo
3058 3999 3305 4052 virtutem
3337 4013 3522 4052 eorum
3550 3999 3639 4068 qui

2027 4095 2284 4140 curantur
2317 4087 2567 4141 omnibus
2606 4089 2931 4158 patefacere,
2970 4097 3026 4143 et
3066 4099 3191 4144 tunc
3236 4090 3533 4144 remedium
3566 4091 3638 4144 af-

2027 4177 2206 4233 ferre:
2240 4188 2348 4233 tum
2379 4188 2434 4232 ut
2464 4180 2600 4233 alios
2623 4179 2686 4233 ad
2719 4180 2969 4235 eumdem
2998 4183 3168 4235 zelum
3198 4181 3353 4236 ducat
3379 4199 3393 4249 ;
3444 4194 3554 4239 tum
3586 4193 3643 4237 ut

2027 4270 2276 4326 ostendat
2305 4271 2426 4325 illos
2461 4270 2583 4340 jure
2622 4273 2819 4326 merito
2848 4272 3006 4326 donis
3039 4272 3160 4327 frui.
3195 4274 3304 4329 lloc
3333 4287 3386 4330 et
3419 4277 3468 4330 in
3499 4275 3641 4331 Chao

2028 4379 2211 4418 nantes
2244 4364 2385 4427 fceit,
2418 4364 2519 4420 hoc
2555 4367 2606 4420 in
2640 4367 2978 4433 centurione,
3023 4367 3124 4422 hoc
3167 4369 3218 4422 in
3259 4371 3484 4424 muliere
3511 4387 3636 4426 san-

2027 4459 2200 4529 guinis
2223 4457 2422 4512 lluxum
2455 4459 2724 4528 patiente;
2758 4459 2865 4512 imo
2888 4475 3014 4514 vero
3041 4459 3304 4514 mirabilis
3331 4462 3415 4516 illa
3447 4464 3642 4518 mulier

2029 4551 2286 4620 prmvenit
2315 4551 2786 4620 interrogationem
2817 4551 3022 4606 Dmnini
3053 4570 3065 4604 :
3096 4563 3330 4610 attamen
3364 4571 3470 4607 non
3498 4556 3638 4610 illam

2028 4645 2400 4712 praetermisit;
2435 4643 2527 4696 sed
2569 4655 2619 4696 et
2664 4653 2780 4710 post
2829 4645 3088 4698 redditam
3131 4645 3442 4712 sanitatem,
3491 4648 3636 4701 illam

2027 4737 2297 4791 celebrem
2325 4736 2517 4792 reddit.
2549 4737 2637 4791 Sic
2665 4753 2794 4805 ergo
2830 4739 3052 4793 curabat
3083 4741 3455 4795 accedentium
3484 4742 3548 4795 ad
3580 4757 3639 4796 se

2024 4835 2165 4891 bona
2209 4850 2371 4904 opera
2422 4834 2721 4904 prardicarc
2760 4843 2814 4889 ct
2856 4834 3028 4889 multo
3077 4837 3287 4904 majora
3336 4839 3638 4906 prmdicare

2025 4944 2189 4999 quam
2235 4929 2433 4981 erant‘
2465 4968 2478 4993 ,
2514 4928 2658 4996 quod
2696 4927 2783 4982 hic
2827 4927 2992 4981 etiam
3029 4925 3178 4984 facit.
3228 4926 3451 4994 Deinde,
3485 4941 3636 5000 post-

2023 5037 2192 5091 quam
2229 5037 2350 5089 quae
2391 5021 2646 5073 volebant
2689 5019 2968 5083 dixerunt,
3008 5022 3392 5077 misericordia
3427 5035 3632 5088 motus,

2026 5115 2148 5168 illos
2175 5113 2368 5182 tetigit.
2400 5111 2524 5166 llaec
2549 5114 2750 5182 quippe
2775 5113 2888 5167 sola
2917 5131 3080 5167 causa
3106 5124 3190 5168 est
3217 5115 3537 5175 cura:ionis.
3563 5116 3634 5169 oh

2026 5219 2186 5273 quam
2217 5207 2363 5257 venit
2410 5206 2461 5257 in
2494 5205 2780 5259 mundum.
2813 5206 3088 5271 Attamen,
3117 5209 3217 5260 etsi
3253 5209 3628 5262 misericordia

2025 5304 2080 5348 et
2107 5297 2281 5365 gratia
2307 5306 2474 5360 esset,
2497 5296 2693 5367 dignos
2722 5299 3024 5366 qliaarcbat.
3054 5297 3213 5364 Quod
3239 5315 3367 5353 vero
3393 5299 3446 5353 hi
3480 5300 3628 5370 digni

2025 5401 2230 5456 essent,
2259 5403 2403 5460 patet
2434 5403 2546 5446 tum
2580 5408 2642 5446 ex
2683 5393 2944 5458 (laniore,
2973 5404 3086 5448 tum
3118 5411 3182 5448 ex
3228 5409 3295 5450 eo
3329 5397 3472 5463 quod
3505 5412 3630 5449 cum

2027 5484 2370 5552 accepissent
2394 5500 2498 5537 non
2529 5494 2898 5552 recesserunt,
2924 5486 3068 5556 quod
3090 5488 3244 5540 multi
3280 5486 3506 5554 faciunt,
3535 5490 3628 5558 qui

2087 5671 2104 5700 ⁸
2133 5668 2249 5717 Haec
2271 5667 2439 5736 verba,
2475 5674 2519 5718 et
2542 5667 2692 5718 multo
2734 5669 3257 5736 majoraprcedicare
3302 5685 3446 5736 quam
3469 5682 3626 5736 erant.

2025 5745 2082 5779 se
2109 5729 2420 5794 expunxisse
2449 5738 2708 5794 monuerat
2733 5729 3162 5794 Montcialconius,
3183 5743 3231 5781 ut
3250 5729 3414 5794 poleet
3439 5735 3629 5785 Christo

2025 5801 2069 5844 et
2104 5791 2442 5857 Chrysostomo
2469 5791 2689 5859 indigna.
2717 5793 2916 5845 Videsis
2953 5797 3126 5845 Adnot.
3165 5791 3306 5846 l'ie'ld
3332 5796 3389 5845 ad
3423 5813 3473 5860 p.
3513 5798 3626 5845 655.
