4040 6444
439 399 542 450 6‘27

914 468 922 500 t'

443 531 561 583 post
589 518 836 575 bcuelicia
881 530 1003 574 sunt
1048 520 1258 590 ingrati.
1291 522 1360 575 At
1405 519 1476 574 illi
1509 534 1611 573 non
1653 517 1783 573 talea
1824 525 2011 586 erant;

442 608 536 662 sed
583 617 638 663 et
679 617 801 663 ante
841 609 1042 665 donum
1077 612 1503 681 perseverabant,
1550 621 1604 666 et
1653 621 1770 680 post
1819 610 2019 664 donum

444 699 575 766 grati
612 699 775 755 animi
811 700 1024 757 luerunt
1055 718 1069 757 :
1100 718 1219 757 nam
1271 704 1479 774 sequuti
1525 711 1649 756 sunt
1690 717 1831 756 cum.
1864 699 2016 771 (Cap.

451 789 592 859 XXI)
625 791 676 845 l.
706 791 770 846 Et
795 809 906 848 cum
932 797 1358 866 appropinquaret
1385 794 1690 860 Jerusalem,
1713 803 1758 847 et
1785 800 2021 846 venerunt

443 881 512 932 ad
539 872 832 954 Bahphage
869 884 936 938 ad
986 895 1200 940 montem
1231 884 1510 948 Oliuarum,
1543 895 1658 938 tunc
1704 882 1854 938 Iesus
1892 881 2024 936 misit

446 972 573 1025 duos
600 989 664 1028 ex
685 975 944 1046 discipulis
968 979 1093 1044 suis,
1119 977 1170 1031 2.
1193 978 1364 1031 dicens
1383 992 1404 1030 :
1425 974 1504 1030 Ite
1529 977 1579 1029 in
1606 976 1863 1029 castellum
1891 972 2025 1040 quod

447 1075 621 1119 contra
643 1082 724 1120 lea
749 1077 839 1132 est,
871 1080 914 1123 et
938 1069 1193 1123 invenietis
1219 1072 1414 1123 asinam
1437 1068 1719 1139 alligatam,
1761 1075 1805 1118 et
1832 1065 2025 1134 pullum

445 1172 558 1210 cum
589 1173 648 1212 ea
670 1174 691 1213 :
717 1161 958 1215 solventes
994 1160 1238 1216 adducite
1276 1161 1419 1214 milii.
1459 1160 1512 1214 5.
1542 1159 1608 1212 Et
1651 1158 1693 1213 si
1734 1158 1844 1227 quis
1895 1155 2026 1209 vobis

447 1249 631 1302 dixerit
654 1248 864 1320 aliquid,
897 1253 1086 1314 dicetis,
1120 1269 1238 1324 quia
1264 1251 1510 1306 Dominus
1539 1252 1615 1305 his
1640 1265 1768 1320 opus
1792 1247 1955 1312 habet,
1981 1255 2027 1300 ιι

447 1341 711 1409 tatafestim
727 1341 936 1396 dimittet
958 1359 1058 1396 eos.
1080 1344 1132 1398 ι.
1163 1343 1276 1397 Hoc
1293 1354 1462 1397 autem
1481 1352 1638 1396 totum
1663 1345 1851 1412 factum
1877 1349 1946 1392 est
1975 1343 2029 1389 ut

449 1429 807 1500 “impleretur
819 1433 955 1502 quod
977 1433 1166 1487 dictum
1184 1443 1255 1488 est
1285 1450 1373 1503 per
1399 1432 1706 1488 Zachariam
1733 1428 2030 1502 prophetam

451 1518 693 1574 dicentem
719 1536 739 1575 :
764 1521 818 1577 5.
850 1520 1014 1577 Dicite
1039 1524 1163 1593 [ilia
1187 1523 1316 1579 Sion
1337 1539 1357 1579 :
1383 1523 1511 1578 Ecce
1532 1537 1622 1578 rea:
1653 1530 1769 1575 tants
1787 1519 1918 1574 venit
1943 1517 2031 1572 tibi

453 1620 757 1679 mansuetas,
785 1614 962 1669 sedens
985 1631 1138 1684 super
1164 1617 1360 1670 asinam
1402 1625 1448 1671 et
1496 1615 1691 1680 pullum
1718 1611 1881 1682 ﬁlium
1913 1610 2032 1664 sub-

447 1700 638 1770 Ῐιιθαιὲι
666 1691 847 1773 (locis.
881 1705 943 1760 υ.
973 1705 1052 1774 9).
1097 1706 1256 1777 Atqui
1303 1720 1446 1777 smpe
1493 1715 1710 1761 venerat
1756 1703 2030 1772 JerOSoly-

453 1807 628 1857 mam;
659 1793 754 1849 sed
780 1810 1069 1865 numquam
1089 1814 1208 1853 eum
1240 1807 1385 1854 tanto
1403 1809 1677 1869 apparatu.
1706 1796 1836 1865 Qua:
1875 1795 2034 1868 igitur

452 1896 611 1938 causa
634 1881 771 1939 fuit?
795 1885 889 1940 llla
916 1889 1089 1958 priora
1118 1897 1269 1945 erant
1291 1890 1512 1946 exordia
1551 1887 1902 1951 oeconomiae;
1939 1899 2034 1939 ne-

452 1989 558 2045 que
595 1976 709 2046 ipse
730 1977 1016 2036 admodum
1055 1992 1211 2035 notus
1235 1991 1372 2046 erat,
1401 1996 1572 2052 neque
1607 1979 1872 2050 passionis
1900 1987 2035 2033 tem-

455 2080 554 2134 pus
577 2076 690 2122 erat
713 2069 1014 2138 proximum
1045 2087 1058 2124 :
1081 2080 1404 2142 quapropter
1428 2069 1884 2126 indiscriminatim
1910 2083 2031 2123 cum

455 2155 563 2211 illis
613 2167 738 2213 tunc
785 2159 1126 2228 miscebatur,
1173 2162 1281 2215 imo
1320 2175 1441 2217 sese
1484 2150 1786 2217 occullallat
1814 2177 1826 2212 :
1859 2174 2034 2229 neque

455 2245 598 2301 enim
634 2247 967 2304 admirationi
1017 2250 1219 2317 fuisset,
1248 2252 1291 2304 si
1325 2250 1395 2306 ita
1439 2265 1560 2307 sese
1600 2249 1946 2314 exhibuisset,
1978 2258 2036 2303 et

459 2336 532 2390 illi
562 2337 612 2391 in
651 2337 906 2406 majorem
960 2339 1090 2394 iram
1128 2341 1480 2396 exarsissent.
1530 2340 1816 2410 Postquam
1856 2350 2032 2394 autem

457 2427 706 2496 potentia:
734 2443 845 2484 suae
881 2428 1068 2484 idonea
1095 2429 1317 2485 dederat
1343 2431 1725 2501 experimenta,
1752 2445 1872 2484 cum
1905 2444 2034 2484 crus

455 2517 507 2572 in
525 2518 702 2585 jauuis
735 2529 898 2586 esset,
926 2520 1120 2576 clarius
1156 2522 1388 2592 seipsum
1431 2522 1651 2586 revelat,
1691 2530 1746 2576 et
1776 2536 1897 2576 cum
1927 2535 2038 2576 ma-

450 2607 554 2677 jori
579 2608 887 2664 celebritate
914 2608 1041 2664 facit
1065 2610 1264 2676 omnia,
1293 2626 1413 2682 qua:
1443 2618 1658 2680 possent
1701 2610 1820 2664 illos
1854 2619 2036 2680 postea

458 2714 632 2754 urere.
659 2699 908 2756 Poterant
941 2701 1081 2756 enim
1110 2701 1224 2756 inec
1264 2701 1318 2756 in
1346 2701 1608 2772 princip30
1639 2701 1775 2770 ﬁeri,
1798 2700 1892 2755 sed
1932 2717 2034 2754 non

458 2790 604 2843 utilia
634 2789 874 2846 luissem.
902 2790 978 2846 Tn
1010 2807 1138 2848 vero
1164 2792 1292 2846 mihi
1320 2791 1597 2847 considera
1625 2799 1755 2860 quot
1783 2791 2034 2846 miracula

458 2882 586 2935 llant
609 2893 658 2935 et
697 2892 823 2951 quot
863 2881 1155 2952 prophetia:
1192 2882 1527 2952 impleantur.
1575 2882 1733 2946 Dixit,
1771 2879 2036 2934 Invenietis

455 2972 682 3036 asinam;
731 2972 970 3040 pnedicit
1015 2972 1280 3027 neminem
1336 2987 1456 3028 esse
1497 2973 1892 3042 impediturum,
1939 2973 2033 3027 sed

455 3061 544 3131 qui
575 3061 814 3118 audirent
847 3065 1099 3118 tacituros
1123 3076 1261 3118 esse.
1297 3063 1408 3120 lloe
1425 3073 1602 3118 autem
1634 3079 1737 3119 non
1762 3079 1921 3134 parva
1943 3062 2037 3118 ,1η-

456 3151 692 3207 dzeorum
718 3153 1092 3210 condemnatio
1122 3164 1223 3218 est,
1253 3156 1296 3210 si
1338 3154 1639 3210 hominibus
1672 3170 1775 3209 non
1804 3155 1904 3209 sibi
1935 3171 2034 3210 uo-

459 3243 545 3304 tis,
574 3258 812 3313 quosque
857 3259 964 3300 non
1013 3245 1237 3310 viderat,
1289 3245 1528 3308 suadeat,
1584 3255 1641 3298 ut
1682 3260 1776 3300 sua
1804 3246 2030 3307 tradant,

458 3346 557 3388 nec
581 3333 967 3390 contradicunt.
1010 3335 1176 3390 Judzei
1230 3349 1377 3401 vero,
1423 3335 1634 3406 quando
1677 3334 1789 3406 ipse
1831 3351 1928 3409 per
1952 3336 2034 3390 di-

455 3423 690 3492 seipulos
741 3438 866 3479 suos
909 3426 1157 3480 miracula
1201 3427 1410 3494 edebat,
1467 3437 1760 3499 pr.esentes
1801 3442 1906 3484 non
1937 3428 2035 3483 ob-

459 3523 835 3585 temperarunt.

526 3603 578 3659 2.
611 3607 854 3662 Abductio
895 3609 1054 3663 asina:
1090 3621 1135 3664 et
1176 3612 1340 3679 aselli,
1373 3613 1568 3667 nemine
1610 3622 1889 3679 recusante,
1917 3613 2039 3684 quid

458 3699 645 3766 mouet.
670 3699 857 3754 Christi
871 3702 970 3756 vita
994 3703 1136 3757 nobis
1153 3707 1457 3773 exemplum.
1471 3736 1542 3770 -_-—
1556 3705 1632 3760 Nc
1653 3714 1803 3776 putes
1828 3705 1878 3761 id
1895 3707 2034 3778 quod

459 3789 649 3845 factum
681 3805 762 3848 est
793 3810 1007 3862 parvum
1030 3796 1154 3866 quid
1181 3812 1318 3852 esse.
1355 3797 1484 3866 Quis
1512 3799 1654 3854 enim
1685 3798 1788 3853 illis
1814 3813 2034 3869 persua-

459 3883 545 3942 sit,
579 3880 702 3936 dum
739 3898 831 3937 sua
877 3881 1234 3951 aulerreniur,
1266 3903 1524 3958 pauperes
1573 3904 1693 3944 cum
1741 3899 1940 3955 essent,
1983 3899 2038 3946 et

460 3971 697 4026 lortassis
723 3974 990 4040 agricolae,
1033 3993 1136 4030 non
1167 3982 1500 4050 repugnare?
1537 3991 1590 4036 et
1626 3982 1752 4053 quid
1781 3983 1901 4038 dico
1929 3999 2035 4039 non

459 4066 790 4132 repugnare?
818 4080 884 4120 ne
911 4069 1234 4138 reSpondcre
1276 4072 1509 4138 quidem,
1544 4073 1622 4127 vel
1657 4085 1775 4144 post
1819 4091 2039 4145 respon-

459 4152 662 4207 sionem
693 4165 869 4211 tacere
896 4173 958 4212 ae
1004 4160 1287 4215 recedere?
1324 4161 1455 4216 Nam
1498 4173 1780 4234 utrumque
1821 4166 2039 4235 perinde

462 4243 700 4300 mirabile
748 4257 881 4314 erat,
911 4249 1052 4318 quod
1093 4251 1221 4304 nihil
1271 4251 1523 4320 dixerint,
1565 4254 1694 4309 dum
1737 4257 2039 4327 sobjngales

461 4335 872 4404 abducerentur,
895 4349 950 4395 et
974 4341 1113 4411 quod
1134 4329 1429 4410 audientes,
1464 4346 1742 4401 Dominum
1760 4349 1886 4419 ipsis
1907 4365 2039 4419 opus

461 4425 676 4497 habere,
698 4434 1037 4500 recesserint,
1061 4451 1158 4489 nec
1184 4438 1622 4506 contradixcriut,
1653 4441 1882 4496 nnisime
1915 4457 2035 4496 cum

459 4534 566 4574 non
594 4520 764 4592 ipsum
797 4523 1101 4593 Dominum,
1153 4528 1247 4583 sed
1283 4529 1569 4600 discipulos
1614 4534 1729 4602 ejus
1777 4534 2033 4588 viderent.

461 4609 594 4665 Hinc
636 4612 794 4668 docet
822 4631 935 4682 eos,
966 4633 1023 4672 se
1061 4620 1297 4688 potuisse
1325 4620 1535 4676 .Iud:eos
1575 4624 1657 4676 vel
1699 4625 1890 4679 invitos
1919 4641 2036 4678 om-

461 4703 587 4755 nino
611 4704 881 4771 eobibere,
923 4709 1136 4777 qu:indo
1180 4725 1238 4764 se
1277 4710 1507 4765 invasuri
1548 4722 1749 4778 essent,
1793 4715 2038 4786 ipsosque

464 4801 638 4848 nintos
660 4797 902 4861 reddere,
937 4799 1027 4853 sed
1059 4801 1313 4857 noluisse.
1346 4802 1479 4857 Hinc
1507 4807 1667 4859 etiam
1696 4804 1850 4861 docet
1884 4805 2039 4862 disci-

465 4883 658 4950 pulos,
700 4885 954 4957 quidquid
1013 4890 1124 4960 ipse
1187 4903 1394 4962 peteret
1446 4896 1679 4950 dandum
1748 4908 2036 4966 oportere.

462 4972 670 5029 etiamsi
688 4975 899 5044 juberet
925 4979 1089 5048 ipsam
1117 4985 1345 5039 animam
1379 4987 1608 5051 eradere,
1634 5003 1732 5043 nec
1767 4990 2038 5045 contradi-

462 5065 689 5121 cendum
718 5082 856 5126 esse.
886 5070 1015 5126 Nam
1061 5075 1105 5128 si
1149 5074 1309 5146 ignoti
1339 5090 1648 5149 paruerunt,
1679 5083 1845 5136 multo
1874 5087 2038 5153 magis

464 5156 606 5225 ipsos
630 5162 806 5213 omnia
850 5162 1149 5233 relinquere
1177 5172 1473 5236 oportebat.
1504 5173 1582 5226 Ad
1616 5173 1728 5226 inec
1756 5173 1910 5227 aliam
1943 5177 2039 5227 du-

467 5251 757 5324 plicemque
809 5257 1139 5328 prophetiam
1188 5262 1465 5330 implebat;
1512 5267 1670 5320 aliam
1723 5283 1815 5336 per
1853 5283 2035 5336 opera,

463 5345 618 5399 aliam
646 5362 740 5417 per
764 5349 943 5417 verba,
986 5369 1174 5425 nempe
1200 5355 1468 5412 Zztcltarim
1511 5361 1803 5430 proplietze,
1844 5361 1931 5429 qui
1962 5361 2039 5415 di-

464 5438 559 5499 xit,
590 5453 768 5508 regem
798 5455 1070 5500 sessurum
1097 5463 1216 5502 esse
1245 5465 1402 5520 super
1425 5453 1626 5505 asinam
1658 5453 1843 5518 (Zach.
1872 5455 1922 5508 9.
1947 5455 2034 5523 9);

465 5542 586 5580 nam
610 5529 800 5585 sedens
828 5533 939 5602 ipse
977 5539 1306 5606 prophetiam
1335 5543 1587 5610 implevit.
1636 5546 1792 5599 Aliud
1843 5547 2036 5600 iterum

466 5621 758 5691 prephetize
790 5624 993 5682 initium
1020 5629 1195 5695 dabat,
1224 5636 1385 5702 gestis
1424 5636 1534 5688 suis
1563 5637 1730 5692 littora
1765 5638 2038 5708 pnnsigni-

467 5715 650 5769 licans.
696 5716 810 5785 Quo
855 5721 1051 5790 pacto?
1075 5721 1400 5795 ltnpurarum
1440 5732 1671 5799 gentium
1706 5732 2035 5786 vocationem

468 5811 854 5878 pra-nuntiabat
886 5830 898 5866 :
929 5813 1041 5869 fore
1081 5832 1268 5888 nempe
1310 5832 1362 5873 ut
1395 5823 1444 5876 in
1477 5825 1599 5893 ipsis
1630 5829 1944 5896 Γρτμιῑοςωι,
1983 5840 2036 5884 ιιι

1225 401 1280 457 S.
1323 400 1601 459 JUANNIS
1633 396 2109 456 CllRYSOSTOMI
2151 397 2465 458 AltCHlEP.
2496 399 3026 460 CONSTANHXOP.

3597 402 3699 454 6‘33

2129 517 2343 572 veniant
2367 516 2433 572 ad
2463 533 2608 584 eum,
2635 519 2912 589 ipsumque
2954 526 3283 586 sequantur;
3321 515 3398 570 sic
3427 514 3703 585 prophetia

2125 605 2460 679 prophetiam
2485 611 2716 680 excepit.
2751 609 2873 662 Mihi
2895 623 3022 662 vero
3051 625 3154 662 non
3181 622 3242 660 ea
3265 607 3438 662 solum
3459 607 3526 661 de
3546 619 3706 659 causa

2128 700 2334 755 videtur
2370 714 2534 770 super
2558 703 2760 756 asinam
2790 701 3014 768 sedisse,
3046 699 3140 756 sed
3177 710 3234 754 ut
3274 699 3430 755 nobis
3474 697 3712 768 philoso-

2129 792 2264 862 phia:
2303 792 2516 848 modum
2561 793 2814 849 traderet.
2863 793 2977 848 Non
3027 792 3185 848 modo
3225 792 3368 847 enim
3408 788 3712 861 prophetias

2131 883 2401 954 implebat,
2431 897 2604 955 neque
2648 894 2849 939 tantum
2879 885 3124 955 dogmata
3153 882 3392 937 veritatis
3419 880 3710 937 inserebat.

2129 973 2226 1030 sed
2255 989 2349 1044 per
2379 975 2492 1030 iure
2531 976 2686 1030 nobis
2725 984 2929 1032 rectum
2961 976 3081 1031 vitae
3109 975 3410 1030 institutum
3449 972 3711 1039 tradebat,

2133 1068 2326 1138 ubique
2355 1068 2508 1122 nobis
2529 1067 2739 1140 regulas
2764 1069 3041 1139 assignans
3065 1067 3131 1123 ad
3158 1065 3515 1123 necessarium
3533 1080 3708 1130 usum,

2131 1167 2184 1213 et
2235 1158 2300 1214 ad
2345 1160 2503 1214 vitam
2537 1160 2700 1229 probe
2748 1175 2963 1230 semper
2990 1159 3272 1231 agendam.
3312 1157 3543 1226 Ideoque
3587 1170 3712 1212 eum

2133 1250 2428 1306 nasciturus
2475 1261 2634 1318 esset,
2665 1266 2769 1305 non
2810 1249 3143 1320 splendidam
3189 1249 3405 1304 domum
3446 1245 3707 1319 qttmaivit,

2133 1358 2237 1397 non
2265 1354 2486 1398 matrem
2515 1342 2730 1400 divitem
2759 1353 2815 1399 et
2857 1343 3138 1409 illustrem,
3181 1339 3277 1396 sed
3325 1353 3614 1410 pauperem
3656 1346 3716 1392 et

2133 1447 2385 1504 sponsum
2432 1434 2636 1490 labrum
2666 1435 2969 1501 habentem,
3015 1442 3175 1505 atque
3205 1432 3257 1486 in
3306 1429 3516 1502 tugurio
3542 1430 3713 1484 nasci-

2135 1533 2220 1579 tur
2239 1536 2290 1580 et
2318 1527 2368 1580 in
2399 1527 2659 1596 pra'sepio
2697 1525 3000 1582 reclinatur.
3049 1523 3183 1580 Cum
3213 1521 3504 1592 discipulos
3530 1520 3711 1590 elegit.

2136 1631 2239 1671 non
2269 1619 2512 1672 rhetoras
2550 1626 2606 1671 et
2641 1616 2838 1688 sophos
2862 1615 3123 1686 quaesivit,
3153 1629 3327 1684 neque
3351 1613 3636 1683 opulentos
3659 1622 3714 1666 et

2137 1705 2363 1771 nobiles,
2391 1705 2489 1761 sed
2517 1721 2797 1776 pauperes,
2833 1719 3125 1776 pauperum
3154 1704 3309 1768 lllios,
3341 1712 3397 1758 et
3435 1700 3713 1773 ignobiles.

2140 1797 2348 1852 Etcum
2392 1810 2630 1852 mensam
2669 1805 2977 1866 apponeret,
3018 1794 3176 1850 modo
3200 1809 3365 1865 partes
3391 1792 3717 1848 hordeaceus

2139 1886 2357 1950 inducit,
2389 1886 2548 1942 modo
2571 1886 2861 1958 discipulos
2890 1887 2939 1940 in
2967 1885 3083 1940 foro
3102 1884 3254 1954 jubet
3277 1899 3491 1950 emere;
3521 1895 3716 1939 etcum

2137 1977 2304 2032 lectos
2322 1976 2388 2032 ad
2411 1991 2648 2032 mensam
2668 1985 2842 2049 parat,
2867 1978 3009 2032 laeuo
3035 1975 3100 2029 ad
3129 1975 3180 2030 id
3205 1975 3387 2031 utitur.
3410 1973 3717 2028 Vestimen-

2140 2069 2208 2123 tis
2234 2068 2469 2124 induitur
2505 2068 2696 2124 vilibus
2724 2077 2779 2125 et
2814 2068 2882 2124 ad
2914 2069 3055 2138 vulgi
3098 2084 3251 2123 usum
3281 2067 3715 2138 pertinentibus:

2137 2158 2354 2216 domum
2386 2174 2454 2214 ne
2484 2157 2666 2214 habuit
2695 2157 2933 2231 quidem.
2961 2158 3016 2214 Si
3045 2173 3174 2214 vero
3203 2169 3268 2214 ex
3309 2159 3427 2213 loco
3453 2159 3506 2212 in
3543 2157 3717 2212 locum

2137 2251 2286 2308 abire
2313 2266 2448 2322 opus
2475 2262 2638 2318 esset,
2669 2251 2721 2307 id
2759 2251 2984 2322 pedibus
3013 2251 3158 2318 facit,
3187 2261 3348 2321 atque
3377 2251 3446 2306 ita
3479 2260 3534 2305 ut
3563 2250 3717 2305 dela-

2140 2344 2352 2414 tigetur.
2381 2342 2587 2399 Sedens
2615 2358 2721 2398 non
2749 2343 2888 2398 solio
2925 2356 3060 2413 opus
3105 2343 3282 2406 habet,
3337 2357 3509 2410 neque
3551 2341 3720 2410 pulvi-

2140 2435 2276 2501 nari,
2303 2434 2398 2490 sed
2420 2435 2473 2490 in
2496 2435 2613 2490 solo
2638 2434 2755 2505 ipso
2775 2434 2945 2498 sedet,
2971 2433 3261 2504 aliquando
3300 2433 3352 2488 in
3391 2442 3587 2495 monte,
3623 2432 3721 2484 ali-

2139 2525 2356 2595 quando
2383 2523 2450 2580 ad
2478 2525 2676 2581 fontem
2701 2543 2717 2593 ;
2745 2539 2844 2581 nec
2870 2525 2936 2579 ad
2965 2523 3163 2580 fontem
3192 2532 3415 2585 tantum,
3444 2523 3536 2577 sed
3573 2524 3721 2576 solus

2140 2630 2259 2670 cum
2287 2615 2619 2673 Samaritana
2650 2614 2881 2684 loquitur
2907 2614 3082 2684 (Joan.
3115 2614 3194 2682 4).
3242 2612 3370 2668 item
3412 2613 3503 2683 qui
3546 2611 3721 2668 dolori

2142 2708 2358 2764 modum
2382 2709 2589 2776 statuit,
2617 2723 2739 2764 eum
2771 2708 2950 2779 lugere
2976 2717 3207 2778 oportet,
3242 2706 3515 2777 paululum
3545 2705 3720 2778 lacry-

2142 2808 2334 2866 matur,
2365 2800 2580 2870 ubique,
2619 2809 2677 2854 ut
2697 2799 2827 2865 disi,
2857 2800 3065 2868 regulas
3092 2798 3452 2868 terminosque
3490 2811 3717 2869 ponens,

2139 2906 2414 2960 quousque
2442 2890 2656 2962 procedi
2683 2888 2897 2954 debeat,
2952 2899 3005 2944 et
3030 2889 3114 2944 ubi
3160 2891 3349 2946 sistere
3374 2889 3594 2959 gradum
3625 2903 3723 2957 par

2138 2985 2225 3038 sit.
2275 2980 2400 3038 Ideo
2449 2998 2591 3038 nunc
2629 2983 2812 3048 etiam,
2855 2981 2978 3052 quia
3017 2981 3232 3051 contigit
3257 2979 3515 3051 quosdam
3567 2979 3720 3034 inllr-

2140 3075 2334 3130 miores
2359 3088 2494 3144 opus
2517 3073 2712 3129 habere
2736 3072 3116 3144 subjugzulibus,
3148 3072 3234 3126 hic
3260 3086 3470 3143 quoque
3504 3072 3721 3127 modum

2141 3167 2334 3236 posuit,
2366 3165 2653 3221 ostendens
2672 3181 2776 3221 non
2798 3167 2981 3242 equis,
3001 3180 3105 3220 non
3135 3165 3399 3219 mulorum
3424 3164 3565 3234 jugis
3584 3179 3722 3233 opus

2138 3259 2415 3324 esse;st
2463 3258 2614 3314 asino
2664 3257 2938 3325 utendum,
2994 3273 3095 3313 nec
3135 3257 3274 3312 ultra
3323 3255 3721 3328 procedendum

2138 3365 2279 3414 esse,
2311 3349 2470 3420 idque
2514 3350 2579 3404 :id
2634 3364 2785 3404 nsum
2839 3350 2968 3405 satis
3005 3363 3143 3404 esse.
3178 3349 3466 3404 Videamus
3509 3361 3722 3417 quoque

2140 3441 2468 3512 prophetiam
2499 3443 2678 3497 verbis
2701 3453 2756 3497 et
2779 3441 2930 3498 factis
2955 3444 2968 3473 ¹
2993 3456 3319 3510 expressam.
3339 3439 3468 3507 Quae
3489 3447 3570 3495 est
3592 3453 3723 3508 ergo

2141 3533 2227 3587 illa
2258 3531 2574 3603 protubetia?
2603 3533 2730 3588 Ecce
2749 3550 2838 3587 rex
2866 3547 2980 3587 tuus
3010 3535 3138 3587 venit
3159 3533 3244 3586 tibi
3269 3541 3576 3597 mansuetus,
3600 3547 3722 3586 con-

2139 3625 2377 3679 scendens
2414 3625 2727 3696 subjugalem
2773 3635 2819 3679 et
2858 3625 3052 3692 pullunt
3085 3627 3370 3694 juvenem:
3400 3639 3502 3678 non
3535 3639 3722 3678 currus

2139 3729 2322 3784 agens,
2347 3727 2404 3770 ut
2429 3719 2608 3771 cateri
2649 3731 2835 3788 reges;
2868 3732 2972 3770 non
3015 3717 3288 3788 vectigalia
3332 3715 3572 3786 exigens,
3613 3730 3721 3771 non

2140 3815 2399 3862 terrorem
2449 3809 2728 3871 incutiens,
2777 3816 2831 3862 ct
2859 3807 3118 3863 satellites
3155 3808 3520 3876 circumagens
3567 3823 3582 3860 :
3624 3806 3721 3862 sed

2145 3896 2457 3952 modestiam
2489 3897 2611 3953 biuc
2639 3901 2847 3968 quoque
2868 3914 3110 3969 magnam
3135 3897 3411 3954 exhibens.
3453 3897 3721 3968 Interroga

2141 3987 2318 4059 itaque
2341 3988 2583 4044 ludmum
2612 4008 2624 4044 :
2652 3992 2781 4058 Quis
2812 4007 2898 4046 rex
2939 3977 3092 4045 asino
3125 4000 3307 4044 vectus
3337 3990 3608 4060 ingressus
3643 4000 3724 4044 est

2140 4079 2563 4149 Jerostilymam?
2591 4083 2693 4136 Sed
2726 4099 2829 4136 non
2851 4082 3008 4136 alium
3038 4099 3194 4150 quam
3227 4084 3366 4137 hunc
3390 4083 3570 4139 dicere
3597 4099 3722 4153 pos-

2141 4172 2266 4224 sint.
2298 4169 2385 4224 llla
2409 4187 2570 4240 porro
2594 4172 2839 4237 faciebat,
2880 4184 2932 4225 ut
2967 4173 3096 4238 dixi,
3130 4171 3299 4227 futura
3333 4174 3722 4242 pra-nuntians.

2142 4261 2240 4317 llic
2277 4261 2418 4318 enim
2464 4279 2558 4334 per
2604 4265 2800 4333 pullum
2855 4265 3088 4320 Ecclesia
3136 4264 3479 4334 signiﬁcatur,
3515 4280 3722 4321 necnon

2141 4355 2368 4424 populus
2389 4369 2577 4420 novus,
2605 4355 2728 4409 olim
2757 4354 3014 4424 impurus,
3045 4366 3317 4425 postquam
3348 4369 3524 4412 autem
3568 4355 3725 4413 Iesus

2141 4444 2354 4512 insedit,
2381 4462 2542 4516 purus
2569 4445 2805 4502 edoctus.
2837 4447 2903 4501 Et
2930 4447 3044 4501 vide
3071 4447 3350 4517 imaginem
3381 4448 3574 4520 ubique
3604 4464 3722 4504 ser-

2143 4548 2335 4590 vatam.
2359 4535 2490 4590 Nam
2512 4535 2757 4606 discipuli
2783 4539 2994 4592 solvunt
3030 4537 3342 4606 subjugalia.
3381 4536 3484 4593 Per
3505 4548 3725 4608 aposto-

2142 4627 2224 4682 los
2249 4627 2388 4682 enim
2419 4635 2474 4683 et
2501 4628 2600 4697 ipsi
2633 4639 2687 4683 et
2728 4644 2825 4682 nos
2855 4630 3022 4682 vocati
3066 4644 3270 4694 sumus,
3322 4643 3414 4698 per
3453 4630 3727 4700 apostolos

2147 4721 2369 4778 adducti
2394 4740 2405 4776 :
2432 4720 2561 4790 quia
2583 4733 2712 4773 vero
2734 4719 2906 4789 gloria
2931 4715 3235 4773 vocationis
3273 4726 3473 4771 nostra:
3495 4713 3719 4770 aemula-

2142 4814 2342 4868 tionem
2359 4826 2548 4867 eorum
2564 4811 2830 4874 accendit,
2853 4809 2973 4864 ideo
2995 4810 3203 4863 videtur
3234 4809 3390 4863 asina
3404 4807 3609 4879 pullum
3627 4821 3716 4861 sc—

2143 4904 2258 4974 qui.
2284 4905 2579 4972 Postquam
2605 4903 2748 4956 enim
2769 4901 3022 4957 Christus
3041 4900 3484 4971 iusederihupcr
3498 4907 3709 4968 gentes,

2139 5005 2270 5049 tunc
2289 4993 2506 5049 venient
2520 5004 2574 5048 et
2590 4994 2665 5048 illi
2679 4993 2826 5050 malo
2839 4993 3020 5050 studio
3035 4991 3275 5058 incensi;
3301 4992 3352 5045 id
3369 4991 3514 5062 quod
3529 4990 3717 5044 decla-

2141 5096 2224 5141 rat
2239 5085 2440 5141 Paulus
2453 5084 2538 5140 bis
2557 5085 2764 5142 verbis:
2791 5084 3155 5155 Quiacarcitas
3173 5098 3236 5136 ex
3249 5095 3398 5153 parte
3417 5080 3609 5135 Israeli
3624 5097 3718 5133 ar-

2152 5176 2481 5241 cidit,donrc
2513 5175 2784 5244 plenitudo
2810 5177 3038 5248 gentium
3060 5178 3278 5228 intraret
3304 5191 3320 5228 :
3346 5175 3485 5227 etsic
3513 5175 3531 5204 '
3549 5174 3722 5226 omnis

2143 5269 2308 5325 Israel
2360 5266 2829 5340 salvabit~r(liom.
2879 5264 2968 5320 Η.
3014 5261 3105 5317 25.
3134 5260 3249 5329 26).
3279 5258 3431 5326 Quod
3481 5257 3622 5312 enim
3679 5259 3726 5308 id

2144 5363 2420 5435 prOpIietia
2450 5369 2609 5421 esset,
2644 5359 2854 5429 planum
2887 5365 2968 5412 est
3001 5371 3063 5409 ex
3085 5368 3194 5423 jam
3226 5351 3417 5413 dictis;
3453 5348 3551 5401 nisi
3583 5345 3728 5402 enim

2145 5459 2213 5511 ita
2242 5468 2402 5516 esset,
2437 5471 2540 5508 non
2570 5462 2809 5509 eui-asset
2835 5450 3086 5520 propheta
3122 5456 3227 5499 tam
3255 5443 3537 5512 diligenter
3562 5441 3726 5493 asinue

2143 5541 2354 5604 mtatem
2383 5546 2579 5600 dicere.
2615 5545 2728 5600 Non
2767 5547 2878 5596 tunc
2907 5551 3108 5597 tantum
3142 5554 3239 5611 per
3277 5551 3433 5608 supra
3478 5532 3619 5590 dicta
3650 5532 3726 5586 si-

2209 5725 2224 5754 ί
2255 5720 2416 5770 ttorel.
2443 5720 2635 5776 omittit,
2661 5723 2705 5767 et
2729 5714 2883 5778 foetis.

2209 5811 2229 5840 ⁸
2255 5805 2412 5855 \torel.
2445 5811 2493 5852 et
2517 5802 2707 5866 quidam
2734 5800 2812 5848 alii
2841 5799 3034 5861 legunt,
3061 5807 3105 5849 rt
3129 5807 3258 5850 ttmc.
