4040 6426
224 405 333 460 629

225 520 572 591 gnificantur,
595 515 687 572 sed
717 515 877 573 etiam
909 514 1051 585 quod
1078 515 1306 587 apostoli
1331 514 1488 570 facile
1516 514 1638 569 illos
1656 511 1824 567 addu-

240 612 383 669 cturi
410 613 545 668 sint.
580 608 895 664 Sicutenim
915 603 1578 665 bicuulluscoutradisit,
1604 613 1658 657 ut
1692 617 1823 656 teti-

232 715 389 762 neret
404 704 643 767 asinam,
683 701 766 756 sic
802 700 857 754 in
895 698 1254 754 conversione
1273 698 1518 768 gentium
1534 697 1826 751 nulluseo—

224 812 349 853 rum
366 796 465 867 qui
492 797 614 851 illos
636 802 765 848 ante
785 799 1215 863 occupaverant,
1254 792 1404 861 ipsos
1423 791 1694 861 impedire
1720 806 1806 844 va-

223 889 350 945 luit.
394 886 515 941 Non
564 886 721 942 sedet
762 894 949 941 autem
997 899 1165 955 supra
1223 881 1435 937 nudum
1467 884 1700 952 pullum,
1728 881 1825 937 sed

227 988 391 1042 supra
422 972 741 1027 vestimenta
767 970 1154 1041 apostolorum.
1181 969 1314 1038 Quia
1335 969 1477 1023 enim
1508 968 1709 1038 pullum
1739 983 1828 1023 ac-

229 1072 506 1132 ceperam,
556 1062 735 1117 omnia
761 1062 871 1130 jam
909 1062 1172 1131 prmbent,
1230 1069 1288 1114 ut
1326 1060 1535 1115 dicebat
1583 1058 1826 1114 Paulus:

233 1151 343 1223 Ego
371 1162 541 1206 autem
566 1152 890 1207 libentissime
908 1153 1198 1221 impendam
1229 1160 1273 1205 et
1297 1150 1685 1221 impenderhpro
1708 1149 1827 1202 ani-

231 1245 408 1297 mabus
436 1244 613 1298 uestris
639 1242 714 1314 (2-
746 1241 866 1299 Cor.
894 1243 981 1297 η.
1016 1239 1127 1313 15).
1158 1242 1236 1297 Tu
1260 1257 1387 1297 vero
1414 1241 1542 1312 pulli
1579 1254 1827 1295 mansue-

232 1334 473 1389 tudinem
518 1335 821 1399 coiisidera,
864 1334 1135 1405 quomodo
1170 1333 1460 1389 indomitus
1504 1350 1625 1389 cum
1664 1342 1828 1399 esset,

229 1434 285 1479 et
337 1424 476 1480 freni
505 1440 719 1494 extera,
765 1440 874 1480 non
924 1424 1134 1489 resiliit,
1186 1425 1279 1481 sed
1326 1426 1505 1496 quiete
1552 1425 1827 1495 agebatur.

230 1515 385 1584 Quod
413 1526 471 1573 et
500 1518 670 1587 ipsum
697 1517 977 1588 prophetia
1017 1516 1093 1571 rei
1137 1516 1327 1570 futura:
1372 1527 1509 1582 erat,
1538 1516 1833 1587 morigeros

230 1618 422 1679 gentes
452 1607 782 1679 signiﬁcans.
806 1616 862 1663 et
888 1617 1185 1678 promptam
1217 1606 1422 1662 ordinis
1457 1610 1828 1665 mutationem.

229 1696 366 1754 Nam
391 1701 574 1754 omnia
612 1698 777 1754 efficit
820 1700 1039 1754 verbum
1088 1700 1260 1754 illud:
1294 1700 1556 1757 Solventes
1593 1702 1834 1756 adducite

228 1791 392 1855 mihi;
422 1790 495 1845 ita
536 1799 594 1844 ut
640 1789 940 1844 inordinata
979 1790 1032 1845 in
1063 1791 1310 1846 ordinem
1351 1793 1742 1862 redigerentur,
1780 1801 1835 1849 et

230 1881 512 1938 immunda
540 1881 754 1936 demum
785 1880 982 1935 munda
1014 1880 1226 1937 Iierent.

302 1975 359 2030 ὃ.
398 1971 701 2028 Judaeum
741 1973 968 2043 abiectus
1012 1974 1235 2027 animus.
1285 1972 1517 2029 Christus
1569 1991 1721 2042 quam
1770 1977 1833 2030 ob

227 2084 441 2123 meum
468 2068 542 2121 sic
564 2067 877 2136 trimuplum
902 2067 1131 2120 voluerit.
1157 2064 1492 2138 Eleentosymt
1511 2068 1839 2122 commenda-

228 2169 336 2214 tur.
383 2157 806 2212 Antiocheam
847 2159 1178 2227 eleemosyna
1222 2158 1457 2227 ipsorum
1504 2158 1834 2227 facultatibus

226 2255 585 2321 conferuntur.
628 2247 831 2305 -—Sed
873 2248 996 2305 vide
1038 2247 1169 2303 mihi
1210 2246 1520 2304 Judmorum
1563 2248 1833 2319 objectum

227 2344 493 2399 animum.
507 2343 609 2398 Tot
629 2342 880 2399 miracula
908 2343 1155 2413 patravit,
1175 2353 1228 2399 et
1245 2358 1535 2414 numquam
1557 2345 1636 2400 sic
1660 2344 1833 2415 ipsum

226 2434 483 2489 admirati
522 2443 649 2489 sunt
676 2434 834 2504 :quia
863 2443 1043 2491 autem
1072 2434 1321 2490 viderunt
1356 2436 1568 2491 turbam
1604 2451 1835 2491 cencer-

226 2537 463 2595 tentem,
488 2537 613 2583 tunc
640 2527 816 2582 mirati
845 2538 989 2582 sunt.
1021 2526 1107 2583 l0.
1132 2526 1393 2582 Commota
1412 2528 1601 2599 quippe
1626 2538 1697 2583 est
1723 2530 1835 2582 imi-

225 2637 378 2676 eersa
400 2621 577 2676 civitas
617 2619 831 2675 dicens:
856 2619 982 2685 Quis
1011 2630 1084 2674 est
1112 2620 1193 2674 hic
1213 2621 1239 2674 .’
1264 2617 1451 2674 Turba:
1479 2632 1647 2675 autem
1691 2621 1831 2675 dice-

228 2712 352 2767 ιω
373 2728 395 2768 :
414 2710 519 2766 Hic
544 2720 618 2767 est
656 2711 807 2767 Iesus
844 2712 1092 2781 propheta
1114 2726 1147 2764 ο
1177 2709 1439 2765 Nazaretlt
1485 2710 1731 2767 Catilinae.
1766 2712 1835 2767 Et

228 2819 353 2859 cum
398 2804 502 2859 sibi
553 2803 871 2859 videbantur
905 2804 1107 2873 aliquid
1157 2816 1407 2872 magnum
1451 2802 1633 2858 dicere
1660 2846 1675 2869 ,
1706 2813 1834 2860 tunc

230 2898 379 2953 humi
410 2912 606 2967 repens
632 2905 688 2952 et
731 2896 949 2951 humilis
992 2907 1049 2951 et
1085 2895 1291 2965 objecta
1324 2896 1534 2951 illorum
1562 2899 1833 2953 sententia

228 3000 369 3045 erat.
394 2988 523 3045 Haec
542 2997 722 3044 autem
752 2989 839 3043 ille
869 2988 1117 3053 faciebat,
1145 3003 1253 3043 non
1283 2989 1349 3043 ad
1372 2992 1787 3045 ostentationem
1812 3033 1830 3059 ,

227 3082 325 3137 sed
352 3082 551 3149 simul,
578 3082 720 3153 quod
749 3081 864 3136 dixi
892 3124 908 3147 ,
940 3082 1273 3152 prolibetiam
1316 3084 1577 3152 impleas,
1612 3095 1665 3139 et
1711 3084 1833 3154 phi-

228 3176 531 3246 losophiam
559 3175 760 3230 docens
779 3216 795 3239 ,
819 3174 1083 3246 simulque
1118 3174 1408 3245 discipulos
1447 3177 1734 3230 consolans
1764 3176 1835 3230 ob

228 3280 462 3327 mortem
492 3285 644 3324 suam
663 3268 929 3331 dolentes,
947 3268 1343 3338 ostendensque
1367 3283 1426 3323 se
1448 3269 1634 3323 isthtec
1654 3269 1832 3322 munia

232 3364 463 3418 libenter
492 3377 777 3431 passurum
804 3376 946 3417 esse.
974 3360 1053 3415 Τιι
1089 3375 1215 3415 vero
1242 3361 1369 3413 mihi
1408 3362 1677 3415 admirare
1706 3376 1831 3431 pro-

232 3460 409 3523 pheta:
436 3455 834 3510 accnrationetn
860 3496 876 3518 ,
900 3452 1171 3523 qumnodo
1196 3454 1374 3507 omnia
1409 3452 1736 3522 pra-dixerit.
1766 3454 1835 3509 Et

226 3549 329 3602 alia
356 3546 572 3617 quidem
602 3548 787 3613 David,
817 3546 919 3600 alia
941 3546 1226 3600 Zacharias
1249 3547 1644 3615 przenuntiavit.
1680 3549 1752 3603 Ita
1780 3560 1835 3604 et

230 3654 332 3693 nos
366 3638 626 3694 faciamus
651 3679 667 3703 ,
694 3646 748 3692 et
777 3636 988 3708 hymnis
1017 3639 1351 3693 celebremus
1374 3681 1389 3705 ,
1420 3649 1473 3693 et
1516 3640 1833 3696 vestimenta

230 3730 507 3785 tradamus
537 3728 602 3783 iis
629 3729 717 3799 qui
758 3728 931 3798 ipsum
958 3727 1207 3783 afferunt.
1236 3728 1349 3797 Qua
1388 3732 1529 3783 enim
1564 3732 1716 3785 venia
1753 3733 1835 3785 di-

230 3825 319 3893 gni
349 3823 553 3877 erimus
578 3864 593 3886 ,
630 3822 675 3875 si
702 3836 823 3875 cum
853 3822 942 3876 alii
985 3824 1191 3876 asinam
1240 3824 1322 3877 cui
1374 3824 1636 3877 insidebat
1668 3825 1832 3879 vesti-

229 3916 429 3970 mentis
455 3914 724 3985 operiunt,
751 3912 839 3967 alii
866 3913 987 3981 ejus
1012 3913 1237 3982 pedibus
1261 3917 1574 3970 vestimenta
1598 3918 1834 3973 subster-

229 4018 383 4073 nunt,
408 4022 510 4063 nos
540 4006 739 4061 nudum
773 4006 919 4061 illum
943 4008 1200 4067 videntes.
1218 4010 1464 4075 necjussi
1494 4026 1591 4065 nos
1613 4028 1830 4079 exuere,

228 4103 322 4157 sed
346 4100 551 4172 aliquid
580 4099 919 4169 impendere,
953 4116 1019 4153 ne
1049 4100 1185 4155 hanc
1218 4103 1432 4172 quidem
1462 4103 1832 4161 liberalitati-tn

227 4191 622 4247 exhibeatnus?
652 4191 725 4245 illi
751 4202 1049 4261 sequuntur
1087 4202 1211 4248 ante
1240 4203 1287 4247 et
1325 4204 1464 4263 post,
1497 4210 1594 4249 nos
1626 4213 1753 4251 vero
1778 4207 1832 4250 ιιι

226 4284 579 4339 accedentem
637 4282 989 4353 repellimus,
1039 4294 1094 4337 et
1144 4286 1480 4339 contumeliis
1528 4286 1833 4344 afﬁcimus?

224 4378 441 4443 Quanto
472 4375 589 4429 ha-c
612 4374 874 4443 supplicio
897 4416 913 4441 ,
936 4383 1130 4443 quanta
1155 4376 1355 4430 ultione
1381 4377 1537 4446 digna
1566 4380 1725 4433 sunt?
1754 4382 1831 4435 Ad

229 4474 285 4517 te
325 4462 535 4517 accedit
577 4462 836 4517 Doininus
880 4478 1241 4533 egenus;nee
1280 4466 1721 4535 supplicationem
1754 4485 1833 4522 VIS

227 4554 451 4619 audire;
475 4553 571 4608 sed
604 4554 836 4622 incusas,
873 4556 1146 4624 inerepas,
1177 4566 1231 4611 ct
1259 4559 1373 4612 lucc
1405 4560 1597 4615 talibus
1635 4564 1833 4620 auditis

226 4646 431 4701 verbis.
465 4645 523 4700 Si
552 4660 681 4700 vero
715 4646 797 4700 vel
832 4661 1022 4716 partem
1053 4649 1268 4702 unicum
1311 4649 1542 4721 largiens
1572 4665 1627 4707 et
1656 4657 1833 4711 tantil-

228 4737 336 4791 lum
385 4737 664 4808 pecuniae,
695 4738 765 4793 ita
816 4747 974 4792 tenax
1020 4754 1079 4793 es
1104 4782 1119 4806 ,
1151 4756 1345 4795 avarus
1372 4753 1426 4797 et
1463 4746 1641 4815 segnis
1666 4787 1682 4813 ,
1712 4749 1831 4818 quis

226 4827 438 4881 futurus
468 4843 649 4894 esses,
672 4828 714 4882 si
745 4831 922 4883 omnia
948 4841 1131 4885 essent
1171 4835 1513 4889 evacuanda?
1535 4836 1648 4893 Non
1675 4840 1829 4896 vides

225 4919 348 4973 illos
376 4918 428 4973 in
462 4919 671 4973 theatro
698 4919 940 4976 liberales
968 4922 1209 4977 homines
1238 4937 1432 4993 quanta
1459 4932 1829 4988 meretricibus

225 5007 601 5076 profundunt?
632 5009 710 5064 Tn
754 5026 885 5066 vero
930 5029 997 5065 ne
1035 5014 1309 5069 dimidiam
1355 5017 1568 5085 quidem
1614 5021 1827 5078 illorum

228 5109 456 5165 partem,
492 5098 601 5154 imo
630 5114 773 5167 saepe
805 5118 871 5155 ne
900 5118 1057 5172 quam
1086 5104 1357 5159 minimam
1386 5118 1586 5175 patient
1614 5127 1825 5181 erogas.

226 5196 293 5245 At
316 5192 563 5247 diabolus
589 5194 1010 5266 quibuscumque
1031 5198 1158 5251 dare
1180 5198 1351 5266 jubet;
1379 5199 1503 5254 dum
1526 5204 1824 5271 gehennam

227 5285 383 5340 nobis
406 5285 658 5341 conciliat
684 5329 698 5352 ,
725 5300 775 5340 ct
810 5300 985 5343 tamen
1019 5290 1115 5343 das
1143 5310 1155 5343 :
1180 5290 1423 5346 Christus
1472 5310 1603 5349 Vero
1639 5303 1823 5367 egenis

227 5379 357 5434 dare
393 5380 570 5449 jubet,
600 5391 655 5435 et
702 5398 924 5453 regnum
972 5387 1270 5454 promittit,
1316 5398 1371 5442 et
1403 5402 1455 5442 ιιι
1508 5408 1612 5444 non
1664 5395 1824 5447 modo

225 5486 330 5523 non
381 5472 519 5534 das,
565 5474 660 5526 sed
719 5480 880 5528 etiam
935 5481 1358 5533 contumeliosus
1407 5498 1500 5545 cs;
1548 5488 1823 5557 mavisque

225 5563 445 5617 obedire
470 5563 707 5631 diabolo,
742 5575 795 5618 ut
824 5568 1077 5621 crucicris
1102 5612 1115 5633 ,
1144 5586 1301 5639 quam
1326 5573 1559 5639 Christo,
1593 5587 1649 5628 nt
1678 5579 1823 5632 salu-

227 5665 331 5709 tem
358 5659 728 5728 consequaris.
753 5657 887 5727 Quid
909 5660 1004 5714 hac
1035 5664 1255 5717 stultitia
1284 5665 1556 5721 deterius?
1586 5669 1678 5723 Ille
1726 5688 1821 5741 ge—

225 5743 453 5802 hennam
483 5747 577 5802 tibi
607 5747 791 5815 affert,
818 5748 903 5803 hic
933 5768 1151 5819 regnum
1181 5772 1193 5806 :
1218 5765 1271 5809 et
1302 5767 1475 5811 tamen
1506 5759 1605 5814 hoc
1635 5764 1821 5818 relicto

225 5835 290 5891 ad
320 5837 466 5893 illum
497 5840 797 5894 accurritis.
834 5843 893 5895 sit
946 5846 1083 5898 hunc
1131 5844 1470 5904 accedentem
1520 5854 1813 5923 rcpullitis,

548 5957 791 6018 Parnm
875 5960 987 6017 fin.
1047 5958 1265 6019 LVIII.

1158 398 1225 456 IN
1261 398 1945 489 MATTIIEUIIIOMIL.
1988 397 2176 457 LXVI.
2218 396 2291 451 al.
2334 391 2540 450 LXVII.

3430 391 3537 446 630

1934 510 2085 565 illum
2132 508 2317 579 procul
2360 507 2595 578 positum
2620 504 2915 561 advocatis.
2955 502 3139 574 Neque
3176 502 3334 560 aliter
3363 517 3453 561 res
3482 520 3542 560 se
3609 522 3611 526 ·

1931 585 2290 669 Ιπὼειήιιιειιιι
2319 599 2363 653 si
2395 613 2488 654 rex
2518 609 2751 668 purpura
2780 594 3006 651 vestitus
3033 602 3089 649 et
3116 592 3419 650 diademate
3443 609 3540 649 or-

1931 704 2088 748 natus
2136 708 2242 746 non
2290 691 2611 763 persuadeat
2635 709 2649 745 :
2673 691 2812 747 latro
2854 696 3032 744 autem
3068 703 3257 745 ensem
3295 686 3540 752 vibrans,

1931 797 2270 855 mortemque
2295 784 2656 840 comminatus
2678 782 2832 839 facile
2854 780 3189 853 persuadeat.
3216 778 3341 836 llaec
3362 780 3544 851 itaque

1932 880 2259 948 cogitantes,
2288 877 2467 934 dilecti
2494 919 2509 942 ,
2540 875 2757 933 tandem
2783 873 3077 946 aliquando
3112 887 3300 929 oculos
3328 887 3540 945 aperta-

1932 988 2072 1035 mus,
2090 982 2146 1027 et
2159 971 2462 1043 vigilemus.
2488 969 2619 1026 Nam
2637 978 2784 1027 certe
2805 969 2970 1040 pudet
2994 983 3080 1023 me
3104 966 3174 1023 de
3199 965 3543 1038 eleemosyna

1933 1065 2077 1135 loqui
2102 1105 2117 1127 .
2148 1079 2270 1119 cum
2302 1073 2410 1119 tam
2439 1078 2583 1134 saepe
2630 1064 2733 1118 hoc
2774 1070 3157 1133 argumentum
3204 1060 3542 1114 traetaverim

1935 1170 2053 1212 sine
2074 1171 2267 1226 magno
2286 1156 2709 1212 admonitionum
2733 1154 2927 1227 fructu.
2952 1154 3079 1209 Plus
3104 1163 3254 1209 certe
3272 1152 3539 1223 quidpiam

1937 1250 2204 1317 praestatis
2228 1290 2241 1310 .
2272 1248 2367 1303 sed
2396 1264 2502 1302 non
2540 1257 2797 1318 quantum
2826 1247 3046 1302 vellem.
3077 1244 3188 1302 Vos
3213 1245 3544 1302 seminantcs

1937 1342 2132 1408 video,
2164 1342 2258 1396 sed
2304 1358 2412 1397 non
2462 1343 2606 1413 larga
2648 1357 2833 1397 manu.
2859 1340 3223 1409 Quamobrem
3271 1340 3435 1394 timeo
3478 1354 3545 1393 ne

1937 1447 2097 1503 parce
2126 1434 2357 1488 metatis.
2385 1432 2539 1502 Quod
2584 1432 2728 1488 enim
2760 1445 2919 1502 parce
2960 1431 3325 1494 seminemus,
3358 1428 3405 1483 si
3437 1428 3549 1499 pla-

1937 1534 2057 1579 ceat
2077 1565 2091 1587 ,
2120 1524 2463 1595 exploremus
2485 1567 2501 1592 ,
2533 1535 2710 1581 utrum
2745 1524 2927 1595 plures
2953 1523 3061 1578 sint
3087 1522 3138 1577 in
3168 1522 3389 1577 civitate
3418 1536 3548 1592 pau-

1939 1631 2097 1687 peres
2125 1632 2287 1686 quam
2315 1616 2509 1672 divites
2530 1658 2544 1681 ,
2576 1625 2632 1671 et
2658 1616 2874 1687 quinam
2916 1629 3015 1670 nec
3047 1628 3311 1686 pauperes
3338 1627 3441 1669 nec
3468 1611 3552 1667 di-

1938 1708 2075 1762 vites
2100 1709 2207 1762 sint
2230 1749 2245 1771 ,
2273 1708 2367 1764 sed
2399 1708 2633 1764 medium
2663 1709 2839 1763 locum
2873 1714 3141 1763 tenentes.
3178 1706 3394 1763 Decima
3425 1719 3551 1776 pars

1938 1800 2134 1853 civium
2166 1800 2360 1855 divites
2383 1841 2397 1863 .
2426 1799 2635 1855 decima
2670 1814 2795 1869 pars
2834 1812 3099 1870 pauperes
3137 1797 3229 1869 qui
3275 1797 3407 1853 nihil
3448 1795 3541 1851 hac

1941 1890 2103 1945 bent:
2131 1892 2318 1963 reliqui
2354 1905 2482 1946 vero
2522 1892 2735 1946 suntin
2768 1891 2948 1946 medio
2973 1890 3094 1946 loco
3120 1888 3302 1959 positi.
3337 1887 3553 1944 Divida-

1942 1999 2061 2037 mus
2092 1984 2269 2053 itaque
2292 1999 2389 2055 per
2412 1998 2705 2054 egenorum
2735 1996 3019 2038 numerum
3042 1990 3208 2036 totam
3237 1979 3386 2037 urbis
3411 1979 3553 2035 mul-

1941 2077 2337 2145 titudinetn,et
2378 2088 2637 2145 quantum
2687 2076 2761 2131 sit
2807 2076 3047 2133 dedecus
3095 2074 3368 2130 videbitis.
3413 2072 3551 2130 Nam

1938 2170 2227 2225 admodum
2251 2170 2444 2225 divites
2470 2170 2620 2240 pauci
2643 2178 2802 2235 sunt;
2830 2168 2922 2240 qui
2962 2167 3062 2224 hos
3086 2174 3389 2239 sequuntur
3419 2164 3546 2237 plu-

1939 2264 2098 2328 rimi;
2128 2278 2341 2318 rursum
2373 2275 2637 2334 pauperes
2669 2261 2829 2331 longe
2856 2260 2942 2315 bis
2968 2260 3249 2330 pauciores
3272 2268 3418 2314 sunt.
3449 2258 3551 2313 At-

1942 2366 2121 2410 tamen
2141 2370 2265 2410 cunt
2289 2362 2368 2409 tot
2386 2356 2491 2411 sint
2521 2355 2612 2426 qui
2636 2354 2941 2409 esurientes
2968 2352 3119 2408 alere
3144 2350 3375 2422 possint,
3394 2348 3551 2404 multi

1938 2459 2062 2503 sunt
2076 2447 2476 2518 quiesurientes
2489 2446 2688 2503 lectum
2707 2457 2793 2515 pet
2812 2457 2913 2510 int,
2929 2459 3036 2500 non
3052 2443 3195 2516 quod
3211 2459 3319 2500 non
3336 2442 3553 2500 valeant

1938 2541 2178 2611 opulenti
2210 2540 2314 2596 illis
2334 2538 2495 2597 facile
2521 2540 2827 2597 necessaria
2846 2539 3280 2608 subministrare,
3302 2536 3398 2594 sed
3426 2537 3549 2610 quia

1938 2631 2228 2686 admodum
2258 2630 2379 2687 duri
2409 2630 2795 2702 inhumanique
2834 2638 2980 2686 sunt.
3012 2629 3145 2685 Nam
3175 2628 3221 2685 si
3264 2628 3459 2684 divites
3496 2637 3554 2684 et

1940 2722 1974 2776 ii
1996 2724 2086 2794 qui
2111 2724 2449 2779 facultatibus
2470 2723 2817 2779 mediocriter
2838 2722 3043 2793 pollent
3062 2722 3205 2778 inter
3227 2736 3288 2778 se
3308 2720 3554 2777 dividant

1939 2832 2034 2872 eos
2061 2819 2150 2888 qui
2183 2832 2319 2887 pane
2348 2827 2405 2873 et
2431 2816 2665 2874 vestibus
2694 2826 2876 2889 egent,
2906 2816 2993 2871 vix
3020 2815 3429 2887 quinquaginta,
3459 2816 3546 2869 vel

1938 2909 2076 2963 forte
2121 2894 2337 2963 centum
2369 2910 2495 2964 viris
2536 2924 2738 2980 pauper
2764 2924 2907 2965 unus
2950 2908 3177 2964 alendus
3222 2908 3544 2977 reperietur.

1941 3003 2190 3056 Attamen
2222 3002 2277 3055 in
2308 3010 2453 3057 tanta
2483 3004 2635 3071 cepia
2667 3016 2853 3057 eorum
2880 3001 2970 3070 qui
2999 3000 3306 3055 necessaria
3340 2999 3551 3055 submi-

1942 3095 2169 3148 nistrare
2200 3102 2423 3163 possunt
2445 3135 2459 3156 ,
2489 3093 2729 3164 quotidie
2767 3106 3033 3164 pauperes
3056 3100 3354 3162 egestatem
3396 3108 3549 3147 suam

1937 3185 2240 3255 deplorant.
2263 3186 2327 3240 Et
2356 3195 2413 3239 ut
2431 3186 2609 3241 discas
2630 3185 2842 3239 illorum
2866 3185 3279 3251 immanitatem,
3309 3183 3550 3239 Ecclesia

1938 3279 2098 3332 unius
2144 3277 2434 3332 admodum
2474 3276 2656 3332 divitis
2693 3284 2749 3331 et
2789 3277 2949 3331 unius
2993 3276 3281 3331 mediocris
3326 3276 3551 3332 fortuna:

1939 3370 2167 3425 reditum
2211 3370 2407 3437 habet,
2436 3378 2492 3424 et
2541 3370 2745 3440 cogites
2784 3369 2946 3423 velim
2987 3378 3121 3439 quot
3164 3367 3389 3435 viduas,
3422 3380 3551 3441 quot

1940 3465 2173 3532 virgines
2200 3464 2309 3518 alat
2345 3462 2585 3535 quotidie
2611 3482 2624 3517 :
2648 3478 2833 3518 earum
2877 3472 3025 3519 certe
3068 3462 3344 3532 catalogus
3373 3464 3439 3517 ad
3472 3473 3554 3517 ter

1940 3556 2087 3611 mille
2134 3557 2408 3627 pertingit.
2440 3554 2522 3611 Ad
2554 3555 2670 3611 hanc
2698 3556 2861 3610 etiam
2890 3554 2942 3610 in
2974 3570 3193 3611 carcere
3223 3556 3430 3611 vinctos
3451 3598 3469 3624 ,
3500 3556 3551 3610 in

1940 3647 2277 3703 xenodochio
2303 3662 2476 3716 a-gros
2502 3688 2516 3712 ,
2541 3647 2678 3703 alios
2723 3647 2860 3701 bene
2890 3648 3130 3702 valentes
3150 3690 3165 3711 ,
3194 3649 3510 3718 peregrinos
3531 3687 3550 3714 ,

1940 3740 2197 3794 membris
2220 3739 2457 3802 mutilos,
2480 3739 2633 3793 altari
2664 3737 2984 3803 assidentes,
3011 3740 3253 3794 alimenti
3282 3740 3550 3810 vestisque

1940 3848 2124 3897 causa,
2148 3833 2390 3903 aliosque
2410 3846 2537 3886 casu
2560 3831 2881 3886 accedentes
2903 3831 3049 3887 fovet
3070 3831 3310 3900 quotidie
3336 3849 3348 3885 :
3378 3846 3551 3902 neque

1942 3934 2118 3980 tamen
2148 3925 2266 3991 ejus
2290 3924 2566 3979 facultates
2590 3924 2885 3978 imminuta:
2912 3932 3057 3978 sunt.
3084 3924 3267 3993 Itaque
3291 3924 3332 3978 si
3362 3922 3549 3977 decem

1941 4019 2042 4071 viri
2072 4029 2276 4072 tantum
2312 4016 2456 4087 paria
2482 4016 2897 4072 subministrare
2926 4016 3160 4085 vellent,
3195 4015 3374 4071 nullus
3409 4015 3551 4071 foret

1942 4124 2163 4179 pauper.

2013 4204 2067 4258 ι.
2103 4202 2301 4273 Ecquid
2329 4245 2343 4268 ,
2374 4202 2585 4272 inquies
2604 4244 2617 4267 ,
2652 4202 2837 4257 liberis
2864 4202 3064 4257 nostris
3090 4202 3390 4272 supererit?
3415 4201 3549 4256 Sors

1940 4312 2155 4367 semper
2184 4306 2359 4351 manet
2380 4338 2396 4359 ,
2428 4306 2480 4351 et
2509 4296 2712 4351 reditus
2738 4304 2967 4365 augetur
2990 4336 3005 4362 ,
3036 4296 3080 4351 si
3114 4298 3165 4350 in
3196 4296 3345 4351 ca-lis
3373 4296 3545 4350 facul-

1942 4397 2079 4443 tates
2108 4404 2294 4443 eorum
2315 4399 2664 4457 reponantur.
2684 4387 2837 4455 Quod
2856 4389 2901 4443 si
2924 4389 2993 4443 ita
3018 4404 3125 4443 non
3150 4388 3329 4454 vultis,
3357 4389 3546 4442 saltem

1940 4479 2213 4533 dimidiam
2239 4519 2254 4544 ,
2287 4479 2368 4533 vel
2421 4478 2630 4533 tertiam
2657 4520 2672 4543 ,
2706 4481 2787 4533 vel
2834 4488 3076 4549 quartam
3104 4522 3119 4547 ,
3147 4483 3426 4550 quintam,
3455 4490 3549 4534 aut

1938 4571 2202 4626 decimam
2233 4582 2529 4627 numerate.
2556 4572 2657 4626 Per
2687 4571 2778 4626 Dei
2807 4572 3035 4641 gratiam
3059 4572 3201 4626 enim
3232 4581 3412 4641 posset
3434 4572 3549 4628 haec

1937 4664 2125 4719 civitas
2169 4674 2349 4719 nostra
2376 4664 2564 4718 decem
2595 4664 2869 4719 civitatum
2899 4676 3163 4735 pauperes
3201 4664 3367 4719 alere.
3399 4665 3464 4720 Et
3501 4666 3547 4721 si

1937 4760 2136 4829 placet,
2170 4758 2285 4813 hate
2311 4768 2719 4831 computemus;
2749 4758 2857 4812 imo
2896 4759 3041 4813 nulla
3070 4759 3416 4827 computandi
3450 4775 3547 4815 ne-

1937 4852 2161 4905 cessitas
2192 4868 2206 4904 :
2237 4850 2579 4905 manifestum
2613 4851 2811 4920 quippe
2842 4860 2924 4905 est
2950 4866 3109 4917 quam
3140 4850 3313 4906 facilis
3345 4866 3432 4905 res
3458 4852 3542 4910 illa

1933 4945 2025 4998 sit.
2060 4943 2248 4997 Videte
2294 4943 2455 5012 igitur
2498 4952 2628 5013 quot
2670 4954 2984 5013 quantaque-
3003 4959 3106 4998 una
3138 4942 3333 4998 domus
3360 4944 3425 4998 ad
3456 4961 3548 4999 nr-

1938 5033 2071 5087 hana
2102 5051 2265 5091 onera
2289 5050 2433 5103 ειιψθ
2455 5035 2865 5090 subministrare
2896 5052 3002 5089 non
3030 5046 3282 5106 gravetur
3303 5080 3319 5103 ,
3352 5043 3547 5107 viaque

1934 5136 2113 5180 tamen
2144 5128 2286 5181 hunc
2312 5139 2584 5197 sumptum
2613 5130 2810 5182 sentiat
2833 5146 2845 5179 :
2870 5131 2912 5181 si
2943 5129 3042 5183 hoc
3064 5131 3291 5200 quisque
3316 5128 3544 5185 divitum

1934 5219 2285 5274 ministerium
2311 5219 2362 5272 in
2392 5235 2655 5290 pauperes
2676 5234 2930 5276 exercere
2952 5221 3132 5284 vellet,
3155 5236 3262 5275 uno
3286 5225 3547 5292 temporis

1934 5322 2207 5365 momento
2246 5313 2435 5366 caelum
2483 5312 2773 5381 abriperet.
2808 5313 2938 5378 Qua:
2986 5318 3138 5369 venia
3184 5314 3347 5384 igitur
3375 5357 3392 5381 ,
3425 5333 3544 5386 qua:

1931 5402 2291 5456 excusationis
2321 5404 2506 5457 mubra
2532 5445 2549 5469 ,
2581 5402 2798 5473 quando
2830 5420 2895 5459 ne
2921 5420 2982 5459 ea
3022 5405 3277 5473 quidem,
3308 5423 3428 5475 qua:
3460 5408 3543 5460 hic

1932 5494 2222 5563 tnigrantcs
2250 5496 2484 5550 relicturi
2518 5512 2723 5559 sumus,
2762 5506 2867 5551 tam
2898 5497 3117 5567 largiter
3142 5500 3328 5569 egenis
3349 5516 3542 5568 suppe-

1930 5585 2180 5649 ditamns,
2201 5603 2359 5657 qnam
2392 5589 2477 5642 alii
2504 5590 2733 5643 scenicis
2759 5599 3003 5659 erogant,
3027 5605 3150 5644 cum
3183 5599 3387 5645 tantum
3419 5590 3540 5643 inde

1929 5678 2158 5730 fruclmn
2188 5694 2409 5749 carpere
2440 5680 2769 5736 debeamus?
2793 5682 3010 5757 Etiprnsi
3043 5684 3185 5737 enim
3214 5682 3301 5737 hic
3329 5696 3541 5749 semper

1930 5773 2169 5824 mansuri
2196 5789 2458 5839 essemus,
2486 5772 2572 5827 hic
2597 5776 2833 5843 pulcnris
2856 5769 3157 5842 sumptibus
3185 5790 3405 5845 parcere
3431 5788 3539 5826 non

1930 5874 2243 5934 oporteret;
2271 5882 2393 5920 cum
2426 5876 2603 5922 autem
2638 5875 2759 5937 post
2802 5868 3064 5921 tantillum
3113 5867 3367 5931 temporis
3414 5866 3537 5922 lnnc

3144 5975 3209 6035 11
