  <div class='ocr_page' id='page_1' title='image "/cluster/home/n/w/nwhite01/storage/ocr_20150623/58/ien.35556001660851/175.png"; bbox 0 0 4040 6426; ppageno 0'>
   <div class='ocr_carea' id='block_1_1' title="bbox 545 378 3075 446">
    <p class='ocr_par' dir='ltr' id='par_1_1' title="bbox 545 378 3075 446">
     <span class='ocr_line' id='line_1_1' title="bbox 545 378 3075 446; baseline -0.003 -1"><span class='ocrx_word' id='word_1_1' title='bbox 545 392 637 446; x_wconf 73' lang='lat' dir='ltr'><strong>om</strong></span> <span class='ocrx_word' id='word_1_2' title='bbox 939 401 942 404; x_wconf 66' lang='lat'><strong><em>~</em></strong></span> <span class='ocrx_word' id='word_1_3' title='bbox 1284 386 1322 440; x_wconf 89' lang='lat' dir='ltr'><strong>s</strong></span> <span class='ocrx_word' id='word_1_4' title='bbox 1374 383 1646 438; x_wconf 70' lang='lat' dir='ltr'><strong>JmNNlS</strong></span> <span class='ocrx_word' id='word_1_5' title='bbox 1684 379 2153 436; x_wconf 74' lang='lat' dir='ltr'><strong>CllltYSOS&#39;l‘OMl</strong></span> <span class='ocrx_word' id='word_1_6' title='bbox 2196 379 2514 435; x_wconf 81' lang='lat' dir='ltr'><strong>ARClllEP.</strong></span> <span class='ocrx_word' id='word_1_7' title='bbox 2545 378 3075 439; x_wconf 75' lang='lat' dir='ltr'><strong>CONST.\NTINOP.</strong></span> 
     </span>
    </p>
   </div>
   <div class='ocr_carea' id='block_1_2' title="bbox 545 498 2125 580">
    <p class='ocr_par' dir='ltr' id='par_1_2' title="bbox 545 498 2125 580">
     <span class='ocr_line' id='line_1_2' title="bbox 545 498 2125 580; baseline -0.007 -16"><span class='ocrx_word' id='word_1_8' title='bbox 545 511 838 580; x_wconf 76' lang='lat' dir='ltr'><strong>nligraturi,</strong></span> <span class='ocrx_word' id='word_1_9' title='bbox 869 509 1097 576; x_wconf 85' lang='lat' dir='ltr'><strong>nudique</strong></span> <span class='ocrx_word' id='word_1_10' title='bbox 1120 503 1356 573; x_wconf 82' lang='lat' dir='ltr'><strong>rapiendi</strong></span> <span class='ocrx_word' id='word_1_11' title='bbox 1381 504 1566 564; x_wconf 84' lang='lat' dir='ltr'><strong>simus,</strong></span> <span class='ocrx_word' id='word_1_12' title='bbox 1586 515 1740 569; x_wconf 90' lang='lat' dir='ltr'><strong>quam</strong></span> <span class='ocrx_word' id='word_1_13' title='bbox 1763 498 2125 555; x_wconf 72' lang='lat' dir='ltr'><strong>defensionem</strong></span> 
     </span>
    </p>
   </div>
   <div class='ocr_carea' id='block_1_3' title="bbox 546 591 2129 668">
    <p class='ocr_par' dir='ltr' id='par_1_3' title="bbox 546 591 2129 668">
     <span class='ocr_line' id='line_1_3' title="bbox 546 591 2129 668; baseline -0.007 -13"><span class='ocrx_word' id='word_1_14' title='bbox 546 603 873 662; x_wconf 86' lang='lat' dir='ltr'><strong>habebimus,</strong></span> <span class='ocrx_word' id='word_1_15' title='bbox 900 600 987 668; x_wconf 96' lang='lat' dir='ltr'><strong>qui</strong></span> <span class='ocrx_word' id='word_1_16' title='bbox 1017 614 1081 652; x_wconf 84' lang='lat' dir='ltr'><strong>ex</strong></span> <span class='ocrx_word' id='word_1_17' title='bbox 1112 595 1456 666; x_wconf 76' lang='lat' dir='ltr'><strong>preventibus</strong></span> <span class='ocrx_word' id='word_1_18' title='bbox 1493 591 1748 646; x_wconf 63' lang='lat' dir='ltr'><strong>fanleiicis</strong></span> <span class='ocrx_word' id='word_1_19' title='bbox 1778 599 1832 645; x_wconf 91' lang='lat' dir='ltr'><strong>et</strong></span> <span class='ocrx_word' id='word_1_20' title='bbox 1857 591 2129 661; x_wconf 83' lang='lat' dir='ltr'><strong>oppressis</strong></span> 
     </span>
    </p>
   </div>
   <div class='ocr_carea' id='block_1_4' title="bbox 547 683 2122 761">
    <p class='ocr_par' dir='ltr' id='par_1_4' title="bbox 547 683 2122 761">
     <span class='ocr_line' id='line_1_4' title="bbox 547 683 2122 761; baseline -0.006 -15"><span class='ocrx_word' id='word_1_21' title='bbox 547 710 647 746; x_wconf 89' lang='lat' dir='ltr'><strong>non</strong></span> <span class='ocrx_word' id='word_1_22' title='bbox 681 690 969 761; x_wconf 87' lang='lat' dir='ltr'><strong>largimur?</strong></span> <span class='ocrx_word' id='word_1_23' title='bbox 999 688 1112 743; x_wconf 85' lang='lat' dir='ltr'><strong>Non</strong></span> <span class='ocrx_word' id='word_1_24' title='bbox 1153 695 1204 741; x_wconf 92' lang='lat' dir='ltr'><strong>te</strong></span> <span class='ocrx_word' id='word_1_25' title='bbox 1233 701 1366 755; x_wconf 88' lang='lat' dir='ltr'><strong>cogo</strong></span> <span class='ocrx_word' id='word_1_26' title='bbox 1394 696 1450 739; x_wconf 90' lang='lat' dir='ltr'><strong>ut</strong></span> <span class='ocrx_word' id='word_1_27' title='bbox 1481 683 1846 753; x_wconf 84' lang='lat' dir='ltr'><strong>possessiones</strong></span> <span class='ocrx_word' id='word_1_28' title='bbox 1875 683 2082 736; x_wconf 84' lang='lat' dir='ltr'><strong>minuas</strong></span> <span class='ocrx_word' id='word_1_29' title='bbox 2110 724 2122 741; x_wconf 87' lang='lat'><strong>.</strong></span> 
     </span>
    </p>
   </div>
   <div class='ocr_carea' id='block_1_5' title="bbox 545 773 2120 853">
    <p class='ocr_par' dir='ltr' id='par_1_5' title="bbox 545 773 2120 853">
     <span class='ocr_line' id='line_1_5' title="bbox 545 773 2120 853; baseline -0.006 -18"><span class='ocrx_word' id='word_1_30' title='bbox 545 800 644 835; x_wconf 88' lang='lat' dir='ltr'><strong>non</strong></span> <span class='ocrx_word' id='word_1_31' title='bbox 672 781 812 853; x_wconf 90' lang='lat' dir='ltr'><strong>quod</strong></span> <span class='ocrx_word' id='word_1_32' title='bbox 857 781 1019 835; x_wconf 80' lang='lat' dir='ltr'><strong>nolim</strong></span> <span class='ocrx_word' id='word_1_33' title='bbox 1039 821 1054 844; x_wconf 95' lang='lat'><strong>,</strong></span> <span class='ocrx_word' id='word_1_34' title='bbox 1081 779 1175 833; x_wconf 89' lang='lat' dir='ltr'><strong>sed</strong></span> <span class='ocrx_word' id='word_1_35' title='bbox 1201 777 1340 847; x_wconf 92' lang='lat' dir='ltr'><strong>quod</strong></span> <span class='ocrx_word' id='word_1_36' title='bbox 1393 786 1442 829; x_wconf 89' lang='lat' dir='ltr'><strong>te</strong></span> <span class='ocrx_word' id='word_1_37' title='bbox 1485 773 1766 827; x_wconf 89' lang='lat' dir='ltr'><strong>admodum</strong></span> <span class='ocrx_word' id='word_1_38' title='bbox 1807 788 2022 842; x_wconf 88' lang='lat' dir='ltr'><strong>segnem</strong></span> <span class='ocrx_word' id='word_1_39' title='bbox 2052 774 2120 826; x_wconf 86' lang='lat' dir='ltr'><strong>vi-</strong></span> 
     </span>
    </p>
   </div>
   <div class='ocr_carea' id='block_1_6' title="bbox 541 866 2124 943">
    <p class='ocr_par' dir='ltr' id='par_1_6' title="bbox 541 866 2124 943">
     <span class='ocr_line' id='line_1_6' title="bbox 541 866 2124 943; baseline -0.007 -14"><span class='ocrx_word' id='word_1_40' title='bbox 541 879 714 932; x_wconf 87' lang='lat' dir='ltr'><strong>deam.</strong></span> <span class='ocrx_word' id='word_1_41' title='bbox 743 875 857 930; x_wconf 86' lang='lat' dir='ltr'><strong>Non</strong></span> <span class='ocrx_word' id='word_1_42' title='bbox 887 874 988 929; x_wconf 92' lang='lat' dir='ltr'><strong>hoc</strong></span> <span class='ocrx_word' id='word_1_43' title='bbox 1015 888 1142 943; x_wconf 90' lang='lat' dir='ltr'><strong>ergo</strong></span> <span class='ocrx_word' id='word_1_44' title='bbox 1171 871 1324 926; x_wconf 89' lang='lat' dir='ltr'><strong>dico:</strong></span> <span class='ocrx_word' id='word_1_45' title='bbox 1350 869 1441 924; x_wconf 87' lang='lat' dir='ltr'><strong>sed</strong></span> <span class='ocrx_word' id='word_1_46' title='bbox 1471 884 1532 922; x_wconf 79' lang='lat' dir='ltr'><strong>ex</strong></span> <span class='ocrx_word' id='word_1_47' title='bbox 1566 867 1821 920; x_wconf 86' lang='lat' dir='ltr'><strong>fructibus</strong></span> <span class='ocrx_word' id='word_1_48' title='bbox 1847 866 2085 934; x_wconf 85' lang='lat' dir='ltr'><strong>expende</strong></span> <span class='ocrx_word' id='word_1_49' title='bbox 2109 907 2124 931; x_wconf 92' lang='lat'><strong>,</strong></span> 
     </span>
    </p>
   </div>
   <div class='ocr_carea' id='block_1_7' title="bbox 541 957 2128 1037">
    <p class='ocr_par' dir='ltr' id='par_1_7' title="bbox 541 957 2128 1037">
     <span class='ocr_line' id='line_1_7' title="bbox 541 957 2128 1037; baseline -0.008 -16"><span class='ocrx_word' id='word_1_50' title='bbox 541 982 712 1037; x_wconf 88' lang='lat' dir='ltr'><strong>neque</strong></span> <span class='ocrx_word' id='word_1_51' title='bbox 745 967 830 1020; x_wconf 93' lang='lat' dir='ltr'><strong>hic</strong></span> <span class='ocrx_word' id='word_1_52' title='bbox 855 965 1107 1036; x_wconf 79' lang='lat' dir='ltr'><strong>pecunias</strong></span> <span class='ocrx_word' id='word_1_53' title='bbox 1131 963 1339 1032; x_wconf 85' lang='lat' dir='ltr'><strong>collige.</strong></span> <span class='ocrx_word' id='word_1_54' title='bbox 1370 958 1508 1014; x_wconf 85' lang='lat' dir='ltr'><strong>Salis</strong></span> <span class='ocrx_word' id='word_1_55' title='bbox 1537 968 1616 1012; x_wconf 90' lang='lat' dir='ltr'><strong>est</strong></span> <span class='ocrx_word' id='word_1_56' title='bbox 1645 957 1733 1009; x_wconf 93' lang='lat' dir='ltr'><strong>libi</strong></span> <span class='ocrx_word' id='word_1_57' title='bbox 1753 998 1767 1018; x_wconf 87' lang='lat'><strong>,</strong></span> <span class='ocrx_word' id='word_1_58' title='bbox 1797 958 1839 1010; x_wconf 95' lang='lat' dir='ltr'><strong>si</strong></span> <span class='ocrx_word' id='word_1_59' title='bbox 1871 957 2128 1025; x_wconf 82' lang='lat' dir='ltr'><strong>pecunia-</strong></span> 
     </span>
    </p>
   </div>
   <div class='ocr_carea' id='block_1_8' title="bbox 539 1048 2124 1128">
    <p class='ocr_par' dir='ltr' id='par_1_8' title="bbox 539 1048 2124 1128">
     <span class='ocr_line' id='line_1_8' title="bbox 539 1048 2124 1128; baseline -0.006 -14"><span class='ocrx_word' id='word_1_60' title='bbox 539 1076 656 1114; x_wconf 88' lang='lat' dir='ltr'><strong>rum</strong></span> <span class='ocrx_word' id='word_1_61' title='bbox 687 1066 999 1128; x_wconf 70' lang='lat' dir='ltr'><strong>proventum</strong></span> <span class='ocrx_word' id='word_1_62' title='bbox 1031 1056 1179 1124; x_wconf 86' lang='lat' dir='ltr'><strong>quasi</strong></span> <span class='ocrx_word' id='word_1_63' title='bbox 1221 1070 1284 1108; x_wconf 73' lang='lat' dir='ltr'><strong>ex</strong></span> <span class='ocrx_word' id='word_1_64' title='bbox 1325 1053 1468 1107; x_wconf 89' lang='lat' dir='ltr'><strong>fonte</strong></span> <span class='ocrx_word' id='word_1_65' title='bbox 1493 1051 1742 1104; x_wconf 85' lang='lat' dir='ltr'><strong>fluentem</strong></span> <span class='ocrx_word' id='word_1_66' title='bbox 1776 1048 1971 1104; x_wconf 89' lang='lat' dir='ltr'><strong>habeas</strong></span> <span class='ocrx_word' id='word_1_67' title='bbox 1999 1066 2011 1102; x_wconf 90' lang='lat'><strong>:</strong></span> <span class='ocrx_word' id='word_1_68' title='bbox 2044 1048 2124 1105; x_wconf 89' lang='lat' dir='ltr'><strong>fac</strong></span> 
     </span>
    </p>
   </div>
   <div class='ocr_carea' id='block_1_9' title="bbox 539 1141 2127 1215">
    <p class='ocr_par' dir='ltr' id='par_1_9' title="bbox 539 1141 2127 1215">
     <span class='ocr_line' id='line_1_9' title="bbox 539 1141 2127 1215; baseline -0.007 -11"><span class='ocrx_word' id='word_1_69' title='bbox 539 1166 721 1205; x_wconf 82' lang='lat' dir='ltr'><strong>earum</strong></span> <span class='ocrx_word' id='word_1_70' title='bbox 748 1157 1026 1205; x_wconf 78' lang='lat' dir='ltr'><strong>consortes</strong></span> <span class='ocrx_word' id='word_1_71' title='bbox 1064 1160 1359 1215; x_wconf 84' lang='lat' dir='ltr'><strong>pauperes.</strong></span> <span class='ocrx_word' id='word_1_72' title='bbox 1393 1154 1446 1198; x_wconf 90' lang='lat' dir='ltr'><strong>ct</strong></span> <span class='ocrx_word' id='word_1_73' title='bbox 1477 1151 1592 1196; x_wconf 50' lang='lat' dir='ltr'><strong>esto</strong></span> <span class='ocrx_word' id='word_1_74' title='bbox 1619 1141 1788 1194; x_wconf 82' lang='lat' dir='ltr'><strong>boans</strong></span> <span class='ocrx_word' id='word_1_75' title='bbox 1816 1155 2127 1196; x_wconf 69' lang='lat' dir='ltr'><strong>oeconomus</strong></span> 
     </span>
    </p>
   </div>
   <div class='ocr_carea' id='block_1_10' title="bbox 537 1233 2122 1312">
    <p class='ocr_par' dir='ltr' id='par_1_10' title="bbox 537 1233 2122 1312">
     <span class='ocr_line' id='line_1_10' title="bbox 537 1233 2122 1312; baseline -0.009 -15"><span class='ocrx_word' id='word_1_76' title='bbox 537 1259 721 1298; x_wconf 88' lang='lat' dir='ltr'><strong>eorum</strong></span> <span class='ocrx_word' id='word_1_77' title='bbox 750 1256 868 1312; x_wconf 70' lang='lat' dir='ltr'><strong>quae</strong></span> <span class='ocrx_word' id='word_1_78' title='bbox 896 1240 988 1295; x_wconf 89' lang='lat' dir='ltr'><strong>tibi</strong></span> <span class='ocrx_word' id='word_1_79' title='bbox 1016 1255 1043 1291; x_wconf 87' lang='lat' dir='ltr'><strong>a</strong></span> <span class='ocrx_word' id='word_1_80' title='bbox 1076 1239 1185 1293; x_wconf 88' lang='lat' dir='ltr'><strong>Deo</strong></span> <span class='ocrx_word' id='word_1_81' title='bbox 1213 1237 1331 1290; x_wconf 89' lang='lat' dir='ltr'><strong>data</strong></span> <span class='ocrx_word' id='word_1_82' title='bbox 1360 1245 1502 1289; x_wconf 90' lang='lat' dir='ltr'><strong>sunt.</strong></span> <span class='ocrx_word' id='word_1_83' title='bbox 1535 1233 1660 1296; x_wconf 89' lang='lat' dir='ltr'><strong>Sed,</strong></span> <span class='ocrx_word' id='word_1_84' title='bbox 1690 1233 1927 1301; x_wconf 80' lang='lat' dir='ltr'><strong>inquies,</strong></span> <span class='ocrx_word' id='word_1_85' title='bbox 1957 1233 2122 1286; x_wconf 90' lang='lat' dir='ltr'><strong>vecti-</strong></span> 
     </span>
    </p>
   </div>
   <div class='ocr_carea' id='block_1_11' title="bbox 535 1320 2125 1403">
    <p class='ocr_par' dir='ltr' id='par_1_11' title="bbox 535 1320 2125 1403">
     <span class='ocr_line' id='line_1_11' title="bbox 535 1320 2125 1403; baseline -0.008 -16"><span class='ocrx_word' id='word_1_86' title='bbox 535 1333 671 1403; x_wconf 84' lang='lat' dir='ltr'><strong>galia</strong></span> <span class='ocrx_word' id='word_1_87' title='bbox 703 1331 898 1403; x_wconf 88' lang='lat' dir='ltr'><strong>pendo.</strong></span> <span class='ocrx_word' id='word_1_88' title='bbox 930 1330 1121 1385; x_wconf 88' lang='lat' dir='ltr'><strong>ldeone</strong></span> <span class='ocrx_word' id='word_1_89' title='bbox 1146 1327 1230 1381; x_wconf 92' lang='lat' dir='ltr'><strong>hic</strong></span> <span class='ocrx_word' id='word_1_90' title='bbox 1251 1325 1568 1390; x_wconf 89' lang='lat' dir='ltr'><strong>contemnis,</strong></span> <span class='ocrx_word' id='word_1_91' title='bbox 1592 1323 1710 1392; x_wconf 90' lang='lat' dir='ltr'><strong>quia</strong></span> <span class='ocrx_word' id='word_1_92' title='bbox 1740 1337 1896 1375; x_wconf 89' lang='lat' dir='ltr'><strong>nean</strong></span> <span class='ocrx_word' id='word_1_93' title='bbox 1923 1320 2125 1389; x_wconf 82' lang='lat' dir='ltr'><strong>exigit?</strong></span> 
     </span>
    </p>
   </div>
   <div class='ocr_carea' id='block_1_12' title="bbox 538 1411 2125 1494">
    <p class='ocr_par' dir='ltr' id='par_1_12' title="bbox 538 1411 2125 1494">
     <span class='ocr_line' id='line_1_12' title="bbox 538 1411 2125 1494; baseline -0.008 -15"><span class='ocrx_word' id='word_1_94' title='bbox 538 1425 602 1480; x_wconf 83' lang='lat' dir='ltr'><strong>Et</strong></span> <span class='ocrx_word' id='word_1_95' title='bbox 632 1425 706 1479; x_wconf 89' lang='lat' dir='ltr'><strong>illi</strong></span> <span class='ocrx_word' id='word_1_96' title='bbox 733 1422 946 1494; x_wconf 85' lang='lat' dir='ltr'><strong>quidem</strong></span> <span class='ocrx_word' id='word_1_97' title='bbox 969 1421 1089 1490; x_wconf 87' lang='lat' dir='ltr'><strong>,qui,</strong></span> <span class='ocrx_word' id='word_1_98' title='bbox 1110 1419 1233 1473; x_wconf 80' lang='lat' dir='ltr'><strong>&#39;sive</strong></span> <span class='ocrx_word' id='word_1_99' title='bbox 1267 1425 1405 1470; x_wconf 86' lang='lat' dir='ltr'><strong>terra</strong></span> <span class='ocrx_word' id='word_1_100' title='bbox 1438 1423 1750 1484; x_wconf 89' lang='lat' dir='ltr'><strong>proventum</strong></span> <span class='ocrx_word' id='word_1_101' title='bbox 1785 1413 1980 1472; x_wconf 89' lang='lat' dir='ltr'><strong>tulerit,</strong></span> <span class='ocrx_word' id='word_1_102' title='bbox 2013 1411 2125 1466; x_wconf 81' lang='lat' dir='ltr'><strong>sive</strong></span> 
     </span>
    </p>
   </div>
   <div class='ocr_carea' id='block_1_13' title="bbox 538 1502 2122 1583">
    <p class='ocr_par' dir='ltr' id='par_1_13' title="bbox 538 1502 2122 1583">
     <span class='ocr_line' id='line_1_13' title="bbox 538 1502 2122 1583; baseline -0.009 -13"><span class='ocrx_word' id='word_1_103' title='bbox 538 1531 692 1570; x_wconf 77' lang='lat' dir='ltr'><strong>secus</strong></span> <span class='ocrx_word' id='word_1_104' title='bbox 719 1557 730 1576; x_wconf 89' lang='lat'><strong>,</strong></span> <span class='ocrx_word' id='word_1_105' title='bbox 760 1523 811 1568; x_wconf 86' lang='lat' dir='ltr'><strong>te</strong></span> <span class='ocrx_word' id='word_1_106' title='bbox 857 1513 996 1583; x_wconf 88' lang='lat' dir='ltr'><strong>cogit</strong></span> <span class='ocrx_word' id='word_1_107' title='bbox 1038 1519 1092 1565; x_wconf 94' lang='lat' dir='ltr'><strong>et</strong></span> <span class='ocrx_word' id='word_1_108' title='bbox 1119 1516 1302 1572; x_wconf 88' lang='lat' dir='ltr'><strong>vexat,</strong></span> <span class='ocrx_word' id='word_1_109' title='bbox 1330 1520 1626 1576; x_wconf 87' lang='lat' dir='ltr'><strong>repugnare</strong></span> <span class='ocrx_word' id='word_1_110' title='bbox 1667 1519 1772 1558; x_wconf 90' lang='lat' dir='ltr'><strong>non</strong></span> <span class='ocrx_word' id='word_1_111' title='bbox 1814 1502 1978 1557; x_wconf 88' lang='lat' dir='ltr'><strong>audes</strong></span> <span class='ocrx_word' id='word_1_112' title='bbox 2009 1520 2020 1554; x_wconf 90' lang='lat'>:</span> <span class='ocrx_word' id='word_1_113' title='bbox 2049 1502 2122 1556; x_wconf 90' lang='lat' dir='ltr'><strong>illi</strong></span> 
     </span>
    </p>
   </div>
   <div class='ocr_carea' id='block_1_14' title="bbox 536 1593 2121 1676">
    <p class='ocr_par' dir='ltr' id='par_1_14' title="bbox 536 1593 2121 1676">
     <span class='ocr_line' id='line_1_14' title="bbox 536 1593 2121 1676; baseline -0.009 -18"><span class='ocrx_word' id='word_1_114' title='bbox 536 1615 682 1671; x_wconf 78' lang='lat' dir='ltr'><strong>vero,</strong></span> <span class='ocrx_word' id='word_1_115' title='bbox 706 1606 792 1676; x_wconf 85' lang='lat' dir='ltr'><strong>qui</strong></span> <span class='ocrx_word' id='word_1_116' title='bbox 824 1606 892 1658; x_wconf 84' lang='lat' dir='ltr'><strong>ita</strong></span> <span class='ocrx_word' id='word_1_117' title='bbox 920 1609 1226 1657; x_wconf 83' lang='lat' dir='ltr'><strong>mansuetus</strong></span> <span class='ocrx_word' id='word_1_118' title='bbox 1245 1608 1346 1662; x_wconf 89' lang='lat' dir='ltr'><strong>est,</strong></span> <span class='ocrx_word' id='word_1_119' title='bbox 1376 1607 1429 1651; x_wconf 88' lang='lat' dir='ltr'><strong>et</strong></span> <span class='ocrx_word' id='word_1_120' title='bbox 1450 1606 1574 1650; x_wconf 92' lang='lat' dir='ltr'><strong>tunc</strong></span> <span class='ocrx_word' id='word_1_121' title='bbox 1597 1596 1767 1649; x_wconf 90' lang='lat' dir='ltr'><strong>solum</strong></span> <span class='ocrx_word' id='word_1_122' title='bbox 1791 1593 1970 1664; x_wconf 74' lang='lat' dir='ltr'><strong>exigit,</strong></span> <span class='ocrx_word' id='word_1_123' title='bbox 2000 1607 2121 1646; x_wconf 89' lang='lat' dir='ltr'><strong>cum</strong></span> 
     </span>
    </p>
   </div>
   <div class='ocr_carea' id='block_1_15' title="bbox 539 1682 2122 1764">
    <p class='ocr_par' dir='ltr' id='par_1_15' title="bbox 539 1682 2122 1764">
     <span class='ocr_line' id='line_1_15' title="bbox 539 1682 2122 1764; baseline -0.008 -16"><span class='ocrx_word' id='word_1_124' title='bbox 539 1709 674 1750; x_wconf 87' lang='lat' dir='ltr'><strong>terra</strong></span> <span class='ocrx_word' id='word_1_125' title='bbox 699 1694 994 1764; x_wconf 73' lang='lat' dir='ltr'><strong>protulerit,</strong></span> <span class='ocrx_word' id='word_1_126' title='bbox 1018 1707 1085 1746; x_wconf 91' lang='lat' dir='ltr'><strong>ne</strong></span> <span class='ocrx_word' id='word_1_127' title='bbox 1102 1690 1319 1744; x_wconf 85' lang='lat' dir='ltr'><strong>verbum</strong></span> <span class='ocrx_word' id='word_1_128' title='bbox 1343 1688 1552 1758; x_wconf 90' lang='lat' dir='ltr'><strong>quidem</strong></span> <span class='ocrx_word' id='word_1_129' title='bbox 1577 1684 1902 1754; x_wconf 86' lang='lat' dir='ltr'><strong>respondes?</strong></span> <span class='ocrx_word' id='word_1_130' title='bbox 1931 1682 2122 1750; x_wconf 86' lang='lat' dir='ltr'><strong>Ecquis</strong></span> 
     </span>
    </p>
   </div>
   <div class='ocr_carea' id='block_1_16' title="bbox 539 1773 2122 1844">
    <p class='ocr_par' dir='ltr' id='par_1_16' title="bbox 539 1773 2122 1844">
     <span class='ocr_line' id='line_1_16' title="bbox 539 1773 2122 1844; baseline -0.007 -6"><span class='ocrx_word' id='word_1_131' title='bbox 539 1795 591 1840; x_wconf 94' lang='lat' dir='ltr'><strong>te</strong></span> <span class='ocrx_word' id='word_1_132' title='bbox 627 1784 875 1840; x_wconf 83' lang='lat' dir='ltr'><strong>liberabit</strong></span> <span class='ocrx_word' id='word_1_133' title='bbox 902 1785 969 1839; x_wconf 91' lang='lat' dir='ltr'><strong>ab</strong></span> <span class='ocrx_word' id='word_1_134' title='bbox 1000 1779 1420 1837; x_wconf 81' lang='lat' dir='ltr'><strong>intolerabilibus</strong></span> <span class='ocrx_word' id='word_1_135' title='bbox 1463 1777 1572 1831; x_wconf 90' lang='lat' dir='ltr'><strong>illis</strong></span> <span class='ocrx_word' id='word_1_136' title='bbox 1599 1774 1914 1844; x_wconf 90' lang='lat' dir='ltr'><strong>suppliciis?</strong></span> <span class='ocrx_word' id='word_1_137' title='bbox 1937 1773 2122 1827; x_wconf 88' lang='lat' dir='ltr'><strong>Nullus</strong></span> 
     </span>
    </p>
   </div>
   <div class='ocr_carea' id='block_1_17' title="bbox 539 1863 2122 1942">
    <p class='ocr_par' dir='ltr' id='par_1_17' title="bbox 539 1863 2122 1942">
     <span class='ocr_line' id='line_1_17' title="bbox 539 1863 2122 1942; baseline -0.006 -16"><span class='ocrx_word' id='word_1_138' title='bbox 539 1876 709 1942; x_wconf 88' lang='lat' dir='ltr'><strong>plane.</strong></span> <span class='ocrx_word' id='word_1_139' title='bbox 732 1874 785 1929; x_wconf 93' lang='lat' dir='ltr'><strong>Si</strong></span> <span class='ocrx_word' id='word_1_140' title='bbox 814 1874 952 1928; x_wconf 91' lang='lat' dir='ltr'><strong>enim</strong></span> <span class='ocrx_word' id='word_1_141' title='bbox 983 1872 1068 1926; x_wconf 86' lang='lat' dir='ltr'><strong>hic</strong></span> <span class='ocrx_word' id='word_1_142' title='bbox 1094 1870 1212 1926; x_wconf 89' lang='lat' dir='ltr'><strong>ideo</strong></span> <span class='ocrx_word' id='word_1_143' title='bbox 1231 1869 1470 1924; x_wconf 85' lang='lat' dir='ltr'><strong>studiose</strong></span> <span class='ocrx_word' id='word_1_144' title='bbox 1495 1867 1679 1932; x_wconf 91' lang='lat' dir='ltr'><strong>solvis,</strong></span> <span class='ocrx_word' id='word_1_145' title='bbox 1702 1865 1822 1934; x_wconf 91' lang='lat' dir='ltr'><strong>quia</strong></span> <span class='ocrx_word' id='word_1_146' title='bbox 1849 1879 1955 1918; x_wconf 91' lang='lat' dir='ltr'><strong>non</strong></span> <span class='ocrx_word' id='word_1_147' title='bbox 1977 1863 2122 1916; x_wconf 83' lang='lat' dir='ltr'><strong>danti</strong></span> 
     </span>
    </p>
   </div>
   <div class='ocr_carea' id='block_1_18' title="bbox 535 1955 2122 2036">
    <p class='ocr_par' dir='ltr' id='par_1_18' title="bbox 535 1955 2122 2036">
     <span class='ocr_line' id='line_1_18' title="bbox 535 1955 2122 2036; baseline -0.008 -18"><span class='ocrx_word' id='word_1_148' title='bbox 535 1967 864 2036; x_wconf 71' lang='lat' dir='ltr'><strong>gravissimae</strong></span> <span class='ocrx_word' id='word_1_149' title='bbox 892 1979 1062 2033; x_wconf 60' lang='lat' dir='ltr'><strong>pana:</strong></span> <span class='ocrx_word' id='word_1_150' title='bbox 1093 1971 1288 2032; x_wconf 71' lang='lat' dir='ltr'><strong>parata:</strong></span> <span class='ocrx_word' id='word_1_151' title='bbox 1317 1969 1460 2024; x_wconf 89' lang='lat' dir='ltr'><strong>sunt,</strong></span> <span class='ocrx_word' id='word_1_152' title='bbox 1489 1957 1690 2029; x_wconf 76' lang='lat' dir='ltr'><strong>cogites</strong></span> <span class='ocrx_word' id='word_1_153' title='bbox 1711 1956 1865 2010; x_wconf 76' lang='lat' dir='ltr'><strong>velim</strong></span> <span class='ocrx_word' id='word_1_154' title='bbox 1895 1955 1978 2009; x_wconf 92' lang='lat' dir='ltr'><strong>hic</strong></span> <span class='ocrx_word' id='word_1_155' title='bbox 2000 1970 2122 2024; x_wconf 88' lang='lat' dir='ltr'><strong>gra-</strong></span> 
     </span>
    </p>
   </div>
   <div class='ocr_carea' id='block_1_19' title="bbox 537 2047 2120 2126">
    <p class='ocr_par' dir='ltr' id='par_1_19' title="bbox 537 2047 2120 2126">
     <span class='ocr_line' id='line_1_19' title="bbox 537 2047 2120 2126; baseline -0.008 -13"><span class='ocrx_word' id='word_1_156' title='bbox 537 2061 707 2113; x_wconf 80' lang='lat' dir='ltr'><strong>viores</strong></span> <span class='ocrx_word' id='word_1_157' title='bbox 740 2057 911 2126; x_wconf 89' lang='lat' dir='ltr'><strong>parari</strong></span> <span class='ocrx_word' id='word_1_158' title='bbox 939 2095 953 2120; x_wconf 94' lang='lat'><strong>,</strong></span> <span class='ocrx_word' id='word_1_159' title='bbox 981 2070 1088 2108; x_wconf 92' lang='lat' dir='ltr'><strong>non</strong></span> <span class='ocrx_word' id='word_1_160' title='bbox 1131 2051 1271 2122; x_wconf 91' lang='lat' dir='ltr'><strong>quod</strong></span> <span class='ocrx_word' id='word_1_161' title='bbox 1305 2050 1530 2105; x_wconf 90' lang='lat' dir='ltr'><strong>vinculis</strong></span> <span class='ocrx_word' id='word_1_162' title='bbox 1576 2047 1989 2117; x_wconf 76' lang='lat' dir='ltr'><strong>constringat-is,</strong></span> <span class='ocrx_word' id='word_1_163' title='bbox 2016 2062 2120 2100; x_wconf 91' lang='lat' dir='ltr'><strong>non</strong></span> 
     </span>
    </p>
   </div>
   <div class='ocr_carea' id='block_1_20' title="bbox 536 2137 2118 2220">
    <p class='ocr_par' dir='ltr' id='par_1_20' title="bbox 536 2137 2118 2220">
     <span class='ocr_line' id='line_1_20' title="bbox 536 2137 2118 2220; baseline -0.011 -14"><span class='ocrx_word' id='word_1_164' title='bbox 536 2150 674 2220; x_wconf 90' lang='lat' dir='ltr'><strong>quod</strong></span> <span class='ocrx_word' id='word_1_165' title='bbox 729 2150 780 2203; x_wconf 92' lang='lat' dir='ltr'><strong>in</strong></span> <span class='ocrx_word' id='word_1_166' title='bbox 837 2160 1106 2202; x_wconf 91' lang='lat' dir='ltr'><strong>carcerem</strong></span> <span class='ocrx_word' id='word_1_167' title='bbox 1155 2141 1500 2212; x_wconf 89' lang='lat' dir='ltr'><strong>conjiciaris,</strong></span> <span class='ocrx_word' id='word_1_168' title='bbox 1530 2139 1622 2194; x_wconf 91' lang='lat' dir='ltr'><strong>sed</strong></span> <span class='ocrx_word' id='word_1_169' title='bbox 1669 2137 1812 2208; x_wconf 90' lang='lat' dir='ltr'><strong>quod</strong></span> <span class='ocrx_word' id='word_1_170' title='bbox 1863 2141 1912 2190; x_wconf 93' lang='lat' dir='ltr'><strong>in</strong></span> <span class='ocrx_word' id='word_1_171' title='bbox 1944 2137 2118 2205; x_wconf 80' lang='lat' dir='ltr'><strong>ignem</strong></span> 
     </span>
    </p>
   </div>
   <div class='ocr_carea' id='block_1_21' title="bbox 536 2228 2120 2305">
    <p class='ocr_par' dir='ltr' id='par_1_21' title="bbox 536 2228 2120 2305">
     <span class='ocr_line' id='line_1_21' title="bbox 536 2228 2120 2305; baseline -0.009 -9"><span class='ocrx_word' id='word_1_172' title='bbox 536 2244 692 2298; x_wconf 89' lang='lat' dir='ltr'><strong>abeas</strong></span> <span class='ocrx_word' id='word_1_173' title='bbox 736 2251 1013 2295; x_wconf 63' lang='lat' dir='ltr'><strong>aeternum.</strong></span> <span class='ocrx_word' id='word_1_174' title='bbox 1057 2236 1414 2305; x_wconf 85' lang='lat' dir='ltr'><strong>Quamobrem</strong></span> <span class='ocrx_word' id='word_1_175' title='bbox 1464 2232 1579 2286; x_wconf 81' lang='lat' dir='ltr'><strong>haec</strong></span> <span class='ocrx_word' id='word_1_176' title='bbox 1635 2232 1800 2300; x_wconf 91' lang='lat' dir='ltr'><strong>prima</strong></span> <span class='ocrx_word' id='word_1_177' title='bbox 1850 2228 2120 2299; x_wconf 81' lang='lat' dir='ltr'><strong>vectigalia</strong></span> 
     </span>
    </p>
   </div>
   <div class='ocr_carea' id='block_1_22' title="bbox 536 2322 2122 2398">
    <p class='ocr_par' dir='ltr' id='par_1_22' title="bbox 536 2322 2122 2398">
     <span class='ocr_line' id='line_1_22' title="bbox 536 2322 2122 2398; baseline -0.009 -11"><span class='ocrx_word' id='word_1_178' title='bbox 536 2335 823 2387; x_wconf 79' lang='lat' dir='ltr'><strong>solvamus.</strong></span> <span class='ocrx_word' id='word_1_179' title='bbox 851 2331 1036 2398; x_wconf 83' lang='lat' dir='ltr'><strong>Magna</strong></span> <span class='ocrx_word' id='word_1_180' title='bbox 1069 2327 1263 2397; x_wconf 88' lang='lat' dir='ltr'><strong>quippe</strong></span> <span class='ocrx_word' id='word_1_181' title='bbox 1291 2325 1535 2388; x_wconf 73' lang='lat' dir='ltr'><strong>facilitas,</strong></span> <span class='ocrx_word' id='word_1_182' title='bbox 1565 2322 1734 2391; x_wconf 85' lang='lat' dir='ltr'><strong>major</strong></span> <span class='ocrx_word' id='word_1_183' title='bbox 1764 2331 1969 2376; x_wconf 88' lang='lat' dir='ltr'><strong>merces</strong></span> <span class='ocrx_word' id='word_1_184' title='bbox 1991 2361 2004 2383; x_wconf 90' lang='lat'><strong>,</strong></span> <span class='ocrx_word' id='word_1_185' title='bbox 2031 2334 2122 2374; x_wconf 89' lang='lat' dir='ltr'><strong>co-</strong></span> 
     </span>
    </p>
   </div>
   <div class='ocr_carea' id='block_1_23' title="bbox 537 2411 2123 2494">
    <p class='ocr_par' dir='ltr' id='par_1_23' title="bbox 537 2411 2123 2494">
     <span class='ocr_line' id='line_1_23' title="bbox 537 2411 2123 2494; baseline -0.008 -17"><span class='ocrx_word' id='word_1_186' title='bbox 537 2423 734 2494; x_wconf 89' lang='lat' dir='ltr'><strong>piosior</strong></span> <span class='ocrx_word' id='word_1_187' title='bbox 779 2420 1107 2490; x_wconf 85' lang='lat' dir='ltr'><strong>negotiatio,</strong></span> <span class='ocrx_word' id='word_1_188' title='bbox 1139 2417 1354 2488; x_wconf 85' lang='lat' dir='ltr'><strong>gravior</strong></span> <span class='ocrx_word' id='word_1_189' title='bbox 1400 2415 1553 2469; x_wconf 91' lang='lat' dir='ltr'><strong>nobis</strong></span> <span class='ocrx_word' id='word_1_190' title='bbox 1600 2414 1762 2476; x_wconf 89' lang='lat' dir='ltr'><strong>ultio,</strong></span> <span class='ocrx_word' id='word_1_191' title='bbox 1791 2413 1834 2465; x_wconf 89' lang='lat' dir='ltr'><strong>si</strong></span> <span class='ocrx_word' id='word_1_192' title='bbox 1885 2411 2123 2481; x_wconf 86' lang='lat' dir='ltr'><strong>improbe</strong></span> 
     </span>
    </p>
   </div>
   <div class='ocr_carea' id='block_1_24' title="bbox 534 2501 2121 2583">
    <p class='ocr_par' dir='ltr' id='par_1_24' title="bbox 534 2501 2121 2583">
     <span class='ocr_line' id='line_1_24' title="bbox 534 2501 2121 2583; baseline -0.009 -17"><span class='ocrx_word' id='word_1_193' title='bbox 534 2527 774 2583; x_wconf 84' lang='lat' dir='ltr'><strong>agamus.</strong></span> <span class='ocrx_word' id='word_1_194' title='bbox 805 2511 939 2566; x_wconf 82' lang='lat' dir='ltr'><strong>Nam</strong></span> <span class='ocrx_word' id='word_1_195' title='bbox 979 2509 1296 2578; x_wconf 89' lang='lat' dir='ltr'><strong>supplicium</strong></span> <span class='ocrx_word' id='word_1_196' title='bbox 1343 2519 1440 2560; x_wconf 91' lang='lat' dir='ltr'><strong>nos</strong></span> <span class='ocrx_word' id='word_1_197' title='bbox 1465 2503 1694 2572; x_wconf 85' lang='lat' dir='ltr'><strong>excipiet</strong></span> <span class='ocrx_word' id='word_1_198' title='bbox 1726 2501 1927 2555; x_wconf 87' lang='lat' dir='ltr'><strong>nullum</strong></span> <span class='ocrx_word' id='word_1_199' title='bbox 1963 2501 2121 2553; x_wconf 92' lang='lat' dir='ltr'><strong>ﬁnem</strong></span> 
     </span>
    </p>
   </div>
   <div class='ocr_carea' id='block_1_25' title="bbox 536 2584 2122 2666">
    <p class='ocr_par' dir='ltr' id='par_1_25' title="bbox 536 2584 2122 2666">
     <span class='ocr_line' id='line_1_25' title="bbox 536 2584 2122 2666; baseline -0.008 -10"><span class='ocrx_word' id='word_1_200' title='bbox 536 2584 858 2657; x_wconf 63' lang='lat' dir='ltr'><strong>habiturum.</strong></span> <span class='ocrx_word' id='word_1_201' title='bbox 893 2599 1044 2666; x_wconf 87' lang='lat' dir='ltr'><strong>Quod</strong></span> <span class='ocrx_word' id='word_1_202' title='bbox 1073 2600 1116 2653; x_wconf 88' lang='lat' dir='ltr'><strong>si</strong></span> <span class='ocrx_word' id='word_1_203' title='bbox 1160 2597 1287 2650; x_wconf 92' lang='lat' dir='ltr'><strong>mihi</strong></span> <span class='ocrx_word' id='word_1_204' title='bbox 1333 2595 1527 2648; x_wconf 87' lang='lat' dir='ltr'><strong>milites</strong></span> <span class='ocrx_word' id='word_1_205' title='bbox 1569 2593 1764 2660; x_wconf 85' lang='lat' dir='ltr'><strong>alleges</strong></span> <span class='ocrx_word' id='word_1_206' title='bbox 1787 2633 1800 2656; x_wconf 96' lang='lat'><strong>,</strong></span> <span class='ocrx_word' id='word_1_207' title='bbox 1829 2591 1915 2660; x_wconf 90' lang='lat' dir='ltr'><strong>qui</strong></span> <span class='ocrx_word' id='word_1_208' title='bbox 1948 2606 2042 2657; x_wconf 92' lang='lat' dir='ltr'><strong>pro</strong></span> <span class='ocrx_word' id='word_1_209' title='bbox 2073 2599 2122 2643; x_wconf 93' lang='lat' dir='ltr'><strong>te</strong></span> 
     </span>
    </p>
   </div>
   <div class='ocr_carea' id='block_1_26' title="bbox 535 2681 2121 2758">
    <p class='ocr_par' dir='ltr' id='par_1_26' title="bbox 535 2681 2121 2758">
     <span class='ocr_line' id='line_1_26' title="bbox 535 2681 2121 2758; baseline -0.011 -8"><span class='ocrx_word' id='word_1_210' title='bbox 535 2706 717 2750; x_wconf 85' lang='lat' dir='ltr'><strong>contra</strong></span> <span class='ocrx_word' id='word_1_211' title='bbox 749 2691 1002 2746; x_wconf 88' lang='lat' dir='ltr'><strong>barbaros</strong></span> <span class='ocrx_word' id='word_1_212' title='bbox 1033 2695 1300 2758; x_wconf 80' lang='lat' dir='ltr'><strong>pugnant,</strong></span> <span class='ocrx_word' id='word_1_213' title='bbox 1325 2695 1404 2739; x_wconf 90' lang='lat' dir='ltr'><strong>est</strong></span> <span class='ocrx_word' id='word_1_214' title='bbox 1445 2697 1653 2754; x_wconf 89' lang='lat' dir='ltr'><strong>quoque</strong></span> <span class='ocrx_word' id='word_1_215' title='bbox 1699 2681 1782 2734; x_wconf 90' lang='lat' dir='ltr'><strong>hic</strong></span> <span class='ocrx_word' id='word_1_216' title='bbox 1831 2695 2121 2749; x_wconf 76' lang='lat' dir='ltr'><strong>pauperum</strong></span> 
     </span>
    </p>
   </div>
   <div class='ocr_carea' id='block_1_27' title="bbox 537 2769 2118 2852">
    <p class='ocr_par' dir='ltr' id='par_1_27' title="bbox 537 2769 2118 2852">
     <span class='ocr_line' id='line_1_27' title="bbox 537 2769 2118 2852; baseline -0.013 -10"><span class='ocrx_word' id='word_1_217' title='bbox 537 2785 822 2849; x_wconf 87' lang='lat' dir='ltr'><strong>exercitus,</strong></span> <span class='ocrx_word' id='word_1_218' title='bbox 850 2782 937 2852; x_wconf 92' lang='lat' dir='ltr'><strong>qui</strong></span> <span class='ocrx_word' id='word_1_219' title='bbox 969 2794 1066 2851; x_wconf 91' lang='lat' dir='ltr'><strong>pro</strong></span> <span class='ocrx_word' id='word_1_220' title='bbox 1098 2788 1148 2832; x_wconf 92' lang='lat' dir='ltr'><strong>te</strong></span> <span class='ocrx_word' id='word_1_221' title='bbox 1175 2777 1368 2831; x_wconf 89' lang='lat' dir='ltr'><strong>bellum</strong></span> <span class='ocrx_word' id='word_1_222' title='bbox 1398 2783 1586 2844; x_wconf 89' lang='lat' dir='ltr'><strong>gerunt</strong></span> <span class='ocrx_word' id='word_1_223' title='bbox 1617 2782 1669 2827; x_wconf 91' lang='lat' dir='ltr'><strong>et</strong></span> <span class='ocrx_word' id='word_1_224' title='bbox 1701 2781 1954 2841; x_wconf 78' lang='lat' dir='ltr'><strong>pugnant.</strong></span> <span class='ocrx_word' id='word_1_225' title='bbox 1985 2769 2118 2824; x_wconf 86' lang='lat' dir='ltr'><strong>Cum</strong></span> 
     </span>
    </p>
   </div>
   <div class='ocr_carea' id='block_1_28' title="bbox 535 2861 2120 2942">
    <p class='ocr_par' dir='ltr' id='par_1_28' title="bbox 535 2861 2120 2942">
     <span class='ocr_line' id='line_1_28' title="bbox 535 2861 2120 2942; baseline -0.012 -11"><span class='ocrx_word' id='word_1_226' title='bbox 535 2877 675 2930; x_wconf 89' lang='lat' dir='ltr'><strong>enim</strong></span> <span class='ocrx_word' id='word_1_227' title='bbox 730 2873 1036 2942; x_wconf 89' lang='lat' dir='ltr'><strong>accipiunt,</strong></span> <span class='ocrx_word' id='word_1_228' title='bbox 1065 2869 1310 2939; x_wconf 88' lang='lat' dir='ltr'><strong>precibus</strong></span> <span class='ocrx_word' id='word_1_229' title='bbox 1367 2867 1532 2920; x_wconf 89' lang='lat' dir='ltr'><strong>Deum</strong></span> <span class='ocrx_word' id='word_1_230' title='bbox 1578 2865 1669 2919; x_wconf 90' lang='lat' dir='ltr'><strong>tibi</strong></span> <span class='ocrx_word' id='word_1_231' title='bbox 1728 2861 2120 2934; x_wconf 81' lang='lat' dir='ltr'><strong>placantzpla-</strong></span> 
     </span>
    </p>
   </div>
   <div class='ocr_carea' id='block_1_29' title="bbox 534 2952 2122 3024">
    <p class='ocr_par' dir='ltr' id='par_1_29' title="bbox 534 2952 2122 3024">
     <span class='ocr_line' id='line_1_29' title="bbox 534 2952 2122 3024; baseline -0.009 -4"><span class='ocrx_word' id='word_1_232' title='bbox 534 2977 716 3022; x_wconf 79' lang='lat' dir='ltr'><strong>rantes</strong></span> <span class='ocrx_word' id='word_1_233' title='bbox 741 2974 954 3024; x_wconf 91' lang='lat' dir='ltr'><strong>autem,</strong></span> <span class='ocrx_word' id='word_1_234' title='bbox 987 2976 1092 3015; x_wconf 91' lang='lat' dir='ltr'><strong>non</strong></span> <span class='ocrx_word' id='word_1_235' title='bbox 1122 2960 1374 3014; x_wconf 85' lang='lat' dir='ltr'><strong>barbaros</strong></span> <span class='ocrx_word' id='word_1_236' title='bbox 1398 3000 1413 3023; x_wconf 88' lang='lat'><strong>,</strong></span> <span class='ocrx_word' id='word_1_237' title='bbox 1447 2957 1539 3013; x_wconf 85' lang='lat' dir='ltr'><strong>sed</strong></span> <span class='ocrx_word' id='word_1_238' title='bbox 1571 2957 1872 3010; x_wconf 82' lang='lat' dir='ltr'><strong>daemonum</strong></span> <span class='ocrx_word' id='word_1_239' title='bbox 1904 2952 2122 3006; x_wconf 81' lang='lat' dir='ltr'><strong>insidias</strong></span> 
     </span>
    </p>
   </div>
   <div class='ocr_carea' id='block_1_30' title="bbox 536 3042 2124 3129">
    <p class='ocr_par' dir='ltr' id='par_1_30' title="bbox 536 3042 2124 3129">
     <span class='ocr_line' id='line_1_30' title="bbox 536 3042 2124 3129; baseline -0.011 -15"><span class='ocrx_word' id='word_1_240' title='bbox 536 3059 794 3129; x_wconf 86' lang='lat' dir='ltr'><strong>repellunt</strong></span> <span class='ocrx_word' id='word_1_241' title='bbox 823 3073 836 3108; x_wconf 88' lang='lat'><strong>:</strong></span> <span class='ocrx_word' id='word_1_242' title='bbox 873 3070 975 3108; x_wconf 93' lang='lat' dir='ltr'><strong>non</strong></span> <span class='ocrx_word' id='word_1_243' title='bbox 1008 3053 1321 3122; x_wconf 76' lang='lat' dir='ltr'><strong>permittunt</strong></span> <span class='ocrx_word' id='word_1_244' title='bbox 1347 3059 1400 3104; x_wconf 93' lang='lat' dir='ltr'><strong>ut</strong></span> <span class='ocrx_word' id='word_1_245' title='bbox 1429 3058 1480 3102; x_wconf 91' lang='lat' dir='ltr'><strong>te</strong></span> <span class='ocrx_word' id='word_1_246' title='bbox 1510 3047 1772 3116; x_wconf 84' lang='lat' dir='ltr'><strong>malignus</strong></span> <span class='ocrx_word' id='word_1_247' title='bbox 1803 3045 1888 3098; x_wconf 91' lang='lat' dir='ltr'><strong>ille</strong></span> <span class='ocrx_word' id='word_1_248' title='bbox 1917 3042 2124 3097; x_wconf 90' lang='lat' dir='ltr'><strong>fortiter</strong></span> 
     </span>
    </p>
   </div>
   <div class='ocr_carea' id='block_1_31' title="bbox 538 3137 2122 3215">
    <p class='ocr_par' dir='ltr' id='par_1_31' title="bbox 538 3137 2122 3215">
     <span class='ocr_line' id='line_1_31' title="bbox 538 3137 2122 3215; baseline -0.011 -9"><span class='ocrx_word' id='word_1_249' title='bbox 538 3151 766 3213; x_wconf 87' lang='lat' dir='ltr'><strong>invadat,</strong></span> <span class='ocrx_word' id='word_1_250' title='bbox 797 3163 894 3204; x_wconf 91' lang='lat' dir='ltr'><strong>nec</strong></span> <span class='ocrx_word' id='word_1_251' title='bbox 919 3157 976 3201; x_wconf 92' lang='lat' dir='ltr'><strong>ut</strong></span> <span class='ocrx_word' id='word_1_252' title='bbox 996 3147 1304 3215; x_wconf 87' lang='lat' dir='ltr'><strong>frequenter</strong></span> <span class='ocrx_word' id='word_1_253' title='bbox 1333 3144 1586 3211; x_wconf 83' lang='lat' dir='ltr'><strong>insurgat,</strong></span> <span class='ocrx_word' id='word_1_254' title='bbox 1617 3139 1709 3194; x_wconf 92' lang='lat' dir='ltr'><strong>sed</strong></span> <span class='ocrx_word' id='word_1_255' title='bbox 1735 3138 1848 3208; x_wconf 80' lang='lat' dir='ltr'><strong>ejus</strong></span> <span class='ocrx_word' id='word_1_256' title='bbox 1872 3137 2010 3190; x_wconf 89' lang='lat' dir='ltr'><strong>vires</strong></span> <span class='ocrx_word' id='word_1_257' title='bbox 2038 3149 2122 3189; x_wconf 89' lang='lat' dir='ltr'><strong>re-</strong></span> 
     </span>
    </p>
   </div>
   <div class='ocr_carea' id='block_1_32' title="bbox 537 3244 768 3298">
    <p class='ocr_par' dir='ltr' id='par_1_32' title="bbox 537 3244 768 3298">
     <span class='ocr_line' id='line_1_32' title="bbox 537 3244 768 3298; baseline -0.017 0"><span class='ocrx_word' id='word_1_258' title='bbox 537 3244 768 3298; x_wconf 82' lang='lat' dir='ltr'><strong>solvunt.</strong></span> 
     </span>
    </p>
   </div>
   <div class='ocr_carea' id='block_1_33' title="bbox 605 3363 2123 3443">
    <p class='ocr_par' dir='ltr' id='par_1_33' title="bbox 605 3363 2123 3443">
     <span class='ocr_line' id='line_1_33' title="bbox 605 3363 2123 3443; baseline -0.012 -11"><span class='ocrx_word' id='word_1_259' title='bbox 605 3379 656 3432; x_wconf 88' lang='lat'><strong>5.</strong></span> <span class='ocrx_word' id='word_1_260' title='bbox 686 3377 818 3434; x_wconf 86' lang='lat' dir='ltr'><strong>Cum</strong></span> <span class='ocrx_word' id='word_1_261' title='bbox 865 3389 992 3443; x_wconf 85' lang='lat' dir='ltr'><strong>ergo</strong></span> <span class='ocrx_word' id='word_1_262' title='bbox 1041 3373 1138 3427; x_wconf 91' lang='lat' dir='ltr'><strong>hos</strong></span> <span class='ocrx_word' id='word_1_263' title='bbox 1184 3371 1378 3425; x_wconf 84' lang='lat' dir='ltr'><strong>milites</strong></span> <span class='ocrx_word' id='word_1_264' title='bbox 1428 3367 1611 3421; x_wconf 86' lang='lat' dir='ltr'><strong>videas</strong></span> <span class='ocrx_word' id='word_1_265' title='bbox 1651 3363 1889 3435; x_wconf 88' lang='lat' dir='ltr'><strong>quotidie</strong></span> <span class='ocrx_word' id='word_1_266' title='bbox 1941 3369 2123 3416; x_wconf 89' lang='lat' dir='ltr'><strong>contra</strong></span> 
     </span>
    </p>
   </div>
   <div class='ocr_carea' id='block_1_34' title="bbox 535 3450 2126 3536">
    <p class='ocr_par' dir='ltr' id='par_1_34' title="bbox 535 3450 2126 3536">
     <span class='ocr_line' id='line_1_34' title="bbox 535 3450 2126 3536; baseline -0.014 -13"><span class='ocrx_word' id='word_1_267' title='bbox 535 3469 799 3523; x_wconf 88' lang='lat' dir='ltr'><strong>diabolum</strong></span> <span class='ocrx_word' id='word_1_268' title='bbox 839 3475 1056 3536; x_wconf 87' lang='lat' dir='ltr'><strong>propter</strong></span> <span class='ocrx_word' id='word_1_269' title='bbox 1087 3472 1137 3517; x_wconf 90' lang='lat' dir='ltr'><strong>te</strong></span> <span class='ocrx_word' id='word_1_270' title='bbox 1169 3455 1462 3532; x_wconf 83' lang='lat' dir='ltr'><strong>pugnantes</strong></span> <span class='ocrx_word' id='word_1_271' title='bbox 1501 3455 1746 3526; x_wconf 85' lang='lat' dir='ltr'><strong>precibus</strong></span> <span class='ocrx_word' id='word_1_272' title='bbox 1771 3450 2126 3507; x_wconf 76' lang='lat' dir='ltr'><strong>orationibus-</strong></span> 
     </span>
    </p>
   </div>
   <div class='ocr_carea' id='block_1_35' title="bbox 539 3540 2121 3627">
    <p class='ocr_par' dir='ltr' id='par_1_35' title="bbox 539 3540 2121 3627">
     <span class='ocr_line' id='line_1_35' title="bbox 539 3540 2121 3627; baseline -0.013 -16"><span class='ocrx_word' id='word_1_273' title='bbox 539 3573 658 3627; x_wconf 90' lang='lat' dir='ltr'><strong>que,</strong></span> <span class='ocrx_word' id='word_1_274' title='bbox 687 3572 714 3610; x_wconf 92' lang='lat' dir='ltr'><strong>a</strong></span> <span class='ocrx_word' id='word_1_275' title='bbox 744 3556 911 3626; x_wconf 84' lang='lat' dir='ltr'><strong>teipse</strong></span> <span class='ocrx_word' id='word_1_276' title='bbox 934 3555 1035 3608; x_wconf 91' lang='lat' dir='ltr'><strong>hoc</strong></span> <span class='ocrx_word' id='word_1_277' title='bbox 1063 3551 1476 3622; x_wconf 87' lang='lat' dir='ltr'><strong>pulcherrimum</strong></span> <span class='ocrx_word' id='word_1_278' title='bbox 1507 3548 1762 3600; x_wconf 88' lang='lat' dir='ltr'><strong>tributum</strong></span> <span class='ocrx_word' id='word_1_279' title='bbox 1795 3551 1994 3612; x_wconf 89' lang='lat' dir='ltr'><strong>repete,</strong></span> <span class='ocrx_word' id='word_1_280' title='bbox 2021 3540 2121 3593; x_wconf 88' lang='lat' dir='ltr'><strong>ali-</strong></span> 
     </span>
    </p>
   </div>
   <div class='ocr_carea' id='block_1_36' title="bbox 537 3633 2122 3718">
    <p class='ocr_par' dir='ltr' id='par_1_36' title="bbox 537 3633 2122 3718">
     <span class='ocr_line' id='line_1_36' title="bbox 537 3633 2122 3718; baseline -0.013 -13"><span class='ocrx_word' id='word_1_281' title='bbox 537 3659 710 3706; x_wconf 89' lang='lat' dir='ltr'><strong>menta</strong></span> <span class='ocrx_word' id='word_1_282' title='bbox 735 3665 924 3718; x_wconf 90' lang='lat' dir='ltr'><strong>nempe</strong></span> <span class='ocrx_word' id='word_1_283' title='bbox 951 3649 1205 3718; x_wconf 91' lang='lat' dir='ltr'><strong>ipsorum.</strong></span> <span class='ocrx_word' id='word_1_284' title='bbox 1232 3644 1363 3699; x_wconf 85' lang='lat' dir='ltr'><strong>Cum</strong></span> <span class='ocrx_word' id='word_1_285' title='bbox 1394 3642 1536 3696; x_wconf 90' lang='lat' dir='ltr'><strong>enim</strong></span> <span class='ocrx_word' id='word_1_286' title='bbox 1565 3645 1867 3692; x_wconf 86' lang='lat' dir='ltr'><strong>mansuetus</strong></span> <span class='ocrx_word' id='word_1_287' title='bbox 1897 3633 1983 3688; x_wconf 84' lang='lat' dir='ltr'><strong>hic</strong></span> <span class='ocrx_word' id='word_1_288' title='bbox 2011 3633 2122 3687; x_wconf 78' lang='lat' dir='ltr'><strong>Rex</strong></span> 
     </span>
    </p>
   </div>
   <div class='ocr_carea' id='block_1_37' title="bbox 536 3728 2122 3807">
    <p class='ocr_par' dir='ltr' id='par_1_37' title="bbox 536 3728 2122 3807">
     <span class='ocr_line' id='line_1_37' title="bbox 536 3728 2122 3807; baseline -0.011 -14"><span class='ocrx_word' id='word_1_289' title='bbox 536 3743 623 3807; x_wconf 82' lang='lat' dir='ltr'><strong>sit,</strong></span> <span class='ocrx_word' id='word_1_290' title='bbox 659 3755 764 3795; x_wconf 91' lang='lat' dir='ltr'><strong>non</strong></span> <span class='ocrx_word' id='word_1_291' title='bbox 797 3737 1047 3806; x_wconf 88' lang='lat' dir='ltr'><strong>imposuit</strong></span> <span class='ocrx_word' id='word_1_292' title='bbox 1079 3735 1169 3789; x_wconf 88' lang='lat' dir='ltr'><strong>tibi</strong></span> <span class='ocrx_word' id='word_1_293' title='bbox 1217 3743 1494 3787; x_wconf 76' lang='lat' dir='ltr'><strong>exactores</strong></span> <span class='ocrx_word' id='word_1_294' title='bbox 1517 3769 1534 3795; x_wconf 93' lang='lat'><strong>,</strong></span> <span class='ocrx_word' id='word_1_295' title='bbox 1566 3728 1658 3782; x_wconf 90' lang='lat' dir='ltr'><strong>sed</strong></span> <span class='ocrx_word' id='word_1_296' title='bbox 1688 3728 1798 3781; x_wconf 85' lang='lat' dir='ltr'><strong>vult</strong></span> <span class='ocrx_word' id='word_1_297' title='bbox 1843 3735 1893 3779; x_wconf 89' lang='lat' dir='ltr'><strong>te</strong></span> <span class='ocrx_word' id='word_1_298' title='bbox 1931 3734 2122 3793; x_wconf 90' lang='lat' dir='ltr'><strong>sponte</strong></span> 
     </span>
    </p>
   </div>
   <div class='ocr_carea' id='block_1_38' title="bbox 537 3816 2119 3902">
    <p class='ocr_par' dir='ltr' id='par_1_38' title="bbox 537 3816 2119 3902">
     <span class='ocr_line' id='line_1_38' title="bbox 537 3816 2119 3902; baseline -0.011 -16"><span class='ocrx_word' id='word_1_299' title='bbox 537 3833 808 3902; x_wconf 85' lang='lat' dir='ltr'><strong>deponere</strong></span> <span class='ocrx_word' id='word_1_300' title='bbox 834 3845 847 3883; x_wconf 93' lang='lat'><em>:</em></span> <span class='ocrx_word' id='word_1_301' title='bbox 875 3829 1079 3884; x_wconf 85' lang='lat' dir='ltr'><strong>etiamsi</strong></span> <span class='ocrx_word' id='word_1_302' title='bbox 1112 3842 1295 3902; x_wconf 78' lang='lat' dir='ltr'><strong>parum</strong></span> <span class='ocrx_word' id='word_1_303' title='bbox 1324 3824 1557 3892; x_wconf 91' lang='lat' dir='ltr'><strong>deponas</strong></span> <span class='ocrx_word' id='word_1_304' title='bbox 1578 3861 1592 3886; x_wconf 95' lang='lat'><strong>,</strong></span> <span class='ocrx_word' id='word_1_305' title='bbox 1616 3819 1806 3888; x_wconf 83' lang='lat' dir='ltr'><strong>accipit</strong></span> <span class='ocrx_word' id='word_1_306' title='bbox 1836 3828 2046 3877; x_wconf 84' lang='lat' dir='ltr'><strong>tamen;</strong></span> <span class='ocrx_word' id='word_1_307' title='bbox 2075 3816 2119 3869; x_wconf 89' lang='lat' dir='ltr'><strong>si</strong></span> 
     </span>
    </p>
   </div>
   <div class='ocr_carea' id='block_1_39' title="bbox 540 3900 2118 3988">
    <p class='ocr_par' dir='ltr' id='par_1_39' title="bbox 540 3900 2118 3988">
     <span class='ocr_line' id='line_1_39' title="bbox 540 3900 2118 3988; baseline -0.011 -13"><span class='ocrx_word' id='word_1_308' title='bbox 540 3900 642 3976; x_wconf 79' lang='lat' dir='ltr'><strong>non</strong></span> <span class='ocrx_word' id='word_1_309' title='bbox 676 3923 745 3975; x_wconf 91' lang='lat' dir='ltr'><strong>ita</strong></span> <span class='ocrx_word' id='word_1_310' title='bbox 786 3919 1018 3988; x_wconf 84' lang='lat' dir='ltr'><strong>locuples</strong></span> <span class='ocrx_word' id='word_1_311' title='bbox 1052 3900 1169 3986; x_wconf 53' lang='lat' dir='ltr'><strong>pns’t</strong></span> <span class='ocrx_word' id='word_1_312' title='bbox 1213 3900 1432 3969; x_wconf 87' lang='lat' dir='ltr'><strong>multum</strong></span> <span class='ocrx_word' id='word_1_313' title='bbox 1481 3911 1734 3979; x_wconf 87' lang='lat' dir='ltr'><strong>temporis</strong></span> <span class='ocrx_word' id='word_1_314' title='bbox 1778 3905 2078 3981; x_wconf 88' lang='lat' dir='ltr'><strong>reposueris</strong></span> <span class='ocrx_word' id='word_1_315' title='bbox 2104 3945 2118 3970; x_wconf 93' lang='lat'><strong>,</strong></span> 
     </span>
    </p>
   </div>
   <div class='ocr_carea' id='block_1_40' title="bbox 539 3997 2124 4081">
    <p class='ocr_par' dir='ltr' id='par_1_40' title="bbox 539 3997 2124 4081">
     <span class='ocr_line' id='line_1_40' title="bbox 539 3997 2124 4081; baseline -0.011 -16"><span class='ocrx_word' id='word_1_316' title='bbox 539 4029 641 4066; x_wconf 90' lang='lat' dir='ltr'><strong>non</strong></span> <span class='ocrx_word' id='word_1_317' title='bbox 671 4010 810 4081; x_wconf 87' lang='lat' dir='ltr'><strong>cogit</strong></span> <span class='ocrx_word' id='word_1_318' title='bbox 835 4027 937 4064; x_wconf 90' lang='lat' dir='ltr'><strong>non</strong></span> <span class='ocrx_word' id='word_1_319' title='bbox 971 4009 1271 4062; x_wconf 83' lang='lat' dir='ltr'><strong>habentem.</strong></span> <span class='ocrx_word' id='word_1_320' title='bbox 1292 4005 1368 4058; x_wconf 85' lang='lat' dir='ltr'><strong>Ne</strong></span> <span class='ocrx_word' id='word_1_321' title='bbox 1391 4003 1547 4074; x_wconf 88' lang='lat' dir='ltr'><strong>igitur</strong></span> <span class='ocrx_word' id='word_1_322' title='bbox 1570 3999 1822 4072; x_wconf 85' lang='lat' dir='ltr'><strong>patientia</strong></span> <span class='ocrx_word' id='word_1_323' title='bbox 1851 3999 1964 4065; x_wconf 90' lang='lat' dir='ltr'><strong>ejus</strong></span> <span class='ocrx_word' id='word_1_324' title='bbox 1993 3997 2124 4049; x_wconf 90' lang='lat' dir='ltr'><strong>abu-</strong></span> 
     </span>
    </p>
   </div>
   <div class='ocr_carea' id='block_1_41' title="bbox 540 4088 2121 4169">
    <p class='ocr_par' dir='ltr' id='par_1_41' title="bbox 540 4088 2121 4169">
     <span class='ocr_line' id='line_1_41' title="bbox 540 4088 2121 4169; baseline -0.011 -12"><span class='ocrx_word' id='word_1_325' title='bbox 540 4117 709 4157; x_wconf 89' lang='lat' dir='ltr'><strong>tamur</strong></span> <span class='ocrx_word' id='word_1_326' title='bbox 733 4143 747 4166; x_wconf 93' lang='lat'><strong>,</strong></span> <span class='ocrx_word' id='word_1_327' title='bbox 781 4102 872 4156; x_wconf 90' lang='lat' dir='ltr'><strong>sed</strong></span> <span class='ocrx_word' id='word_1_328' title='bbox 899 4100 1316 4154; x_wconf 83' lang='lat' dir='ltr'><strong>thesaurizcums</strong></span> <span class='ocrx_word' id='word_1_329' title='bbox 1344 4097 1497 4169; x_wconf 83' lang='lat' dir='ltr'><strong>nobis</strong></span> <span class='ocrx_word' id='word_1_330' title='bbox 1524 4110 1627 4148; x_wconf 93' lang='lat' dir='ltr'><strong>non</strong></span> <span class='ocrx_word' id='word_1_331' title='bbox 1657 4093 1824 4155; x_wconf 86' lang='lat' dir='ltr'><strong>iram,</strong></span> <span class='ocrx_word' id='word_1_332' title='bbox 1853 4088 1944 4143; x_wconf 90' lang='lat' dir='ltr'><strong>sed</strong></span> <span class='ocrx_word' id='word_1_333' title='bbox 1975 4088 2121 4140; x_wconf 83' lang='lat' dir='ltr'><strong>salu-</strong></span> 
     </span>
    </p>
   </div>
   <div class='ocr_carea' id='block_1_42' title="bbox 541 4177 2122 4257">
    <p class='ocr_par' dir='ltr' id='par_1_42' title="bbox 541 4177 2122 4257">
     <span class='ocr_line' id='line_1_42' title="bbox 541 4177 2122 4257; baseline -0.013 -9"><span class='ocrx_word' id='word_1_334' title='bbox 541 4205 665 4257; x_wconf 90' lang='lat' dir='ltr'><strong>tem;</strong></span> <span class='ocrx_word' id='word_1_335' title='bbox 696 4207 797 4245; x_wconf 91' lang='lat' dir='ltr'><strong>non</strong></span> <span class='ocrx_word' id='word_1_336' title='bbox 825 4200 1073 4252; x_wconf 75' lang='lat' dir='ltr'><strong>mortem,</strong></span> <span class='ocrx_word' id='word_1_337' title='bbox 1101 4187 1192 4242; x_wconf 89' lang='lat' dir='ltr'><strong>sed</strong></span> <span class='ocrx_word' id='word_1_338' title='bbox 1220 4188 1399 4248; x_wconf 80' lang='lat' dir='ltr'><strong>vitam;</strong></span> <span class='ocrx_word' id='word_1_339' title='bbox 1425 4199 1528 4239; x_wconf 92' lang='lat' dir='ltr'><strong>non</strong></span> <span class='ocrx_word' id='word_1_340' title='bbox 1558 4182 1872 4252; x_wconf 89' lang='lat' dir='ltr'><strong>supplicium</strong></span> <span class='ocrx_word' id='word_1_341' title='bbox 1893 4186 1946 4233; x_wconf 94' lang='lat' dir='ltr'><strong>et</strong></span> <span class='ocrx_word' id='word_1_342' title='bbox 1966 4177 2122 4230; x_wconf 83' lang='lat' dir='ltr'><strong>ultio-</strong></span> 
     </span>
    </p>
   </div>
   <div class='ocr_carea' id='block_1_43' title="bbox 539 4269 2120 4351">
    <p class='ocr_par' dir='ltr' id='par_1_43' title="bbox 539 4269 2120 4351">
     <span class='ocr_line' id='line_1_43' title="bbox 539 4269 2120 4351; baseline -0.01 -10"><span class='ocrx_word' id='word_1_343' title='bbox 539 4303 680 4351; x_wconf 89' lang='lat' dir='ltr'><strong>nem,</strong></span> <span class='ocrx_word' id='word_1_344' title='bbox 714 4285 806 4340; x_wconf 88' lang='lat' dir='ltr'><strong>sed</strong></span> <span class='ocrx_word' id='word_1_345' title='bbox 831 4284 1066 4338; x_wconf 85' lang='lat' dir='ltr'><strong>honores</strong></span> <span class='ocrx_word' id='word_1_346' title='bbox 1095 4291 1148 4336; x_wconf 91' lang='lat' dir='ltr'><strong>et</strong></span> <span class='ocrx_word' id='word_1_347' title='bbox 1173 4295 1421 4336; x_wconf 86' lang='lat' dir='ltr'><strong>coronas.</strong></span> <span class='ocrx_word' id='word_1_348' title='bbox 1460 4279 1574 4334; x_wconf 85' lang='lat' dir='ltr'><strong>Non</strong></span> <span class='ocrx_word' id='word_1_349' title='bbox 1606 4285 1690 4332; x_wconf 93' lang='lat' dir='ltr'><strong>est</strong></span> <span class='ocrx_word' id='word_1_350' title='bbox 1721 4276 1805 4330; x_wconf 92' lang='lat' dir='ltr'><strong>hic</strong></span> <span class='ocrx_word' id='word_1_351' title='bbox 1833 4269 1957 4344; x_wconf 86' lang='lat' dir='ltr'><strong>quid</strong></span> <span class='ocrx_word' id='word_1_352' title='bbox 1988 4287 2120 4340; x_wconf 89' lang='lat' dir='ltr'><strong>pen-</strong></span> 
     </span>
    </p>
   </div>
   <div class='ocr_carea' id='block_1_44' title="bbox 538 4362 2118 4434">
    <p class='ocr_par' dir='ltr' id='par_1_44' title="bbox 538 4362 2118 4434">
     <span class='ocr_line' id='line_1_44' title="bbox 538 4362 2118 4434; baseline -0.011 -2"><span class='ocrx_word' id='word_1_353' title='bbox 538 4378 766 4434; x_wconf 87' lang='lat' dir='ltr'><strong>dendum</strong></span> <span class='ocrx_word' id='word_1_354' title='bbox 792 4376 858 4430; x_wconf 91' lang='lat' dir='ltr'><strong>ad</strong></span> <span class='ocrx_word' id='word_1_355' title='bbox 891 4385 1158 4430; x_wconf 89' lang='lat' dir='ltr'><strong>vecturam</strong></span> <span class='ocrx_word' id='word_1_356' title='bbox 1186 4374 1485 4429; x_wconf 83' lang='lat' dir='ltr'><strong>oblaturum</strong></span> <span class='ocrx_word' id='word_1_357' title='bbox 1509 4387 1522 4434; x_wconf 91' lang='lat'><strong>;</strong></span> <span class='ocrx_word' id='word_1_358' title='bbox 1553 4385 1656 4424; x_wconf 93' lang='lat' dir='ltr'><strong>non</strong></span> <span class='ocrx_word' id='word_1_359' title='bbox 1681 4365 2027 4423; x_wconf 89' lang='lat' dir='ltr'><strong>laborandum</strong></span> <span class='ocrx_word' id='word_1_360' title='bbox 2055 4362 2118 4417; x_wconf 91' lang='lat' dir='ltr'><strong>ad</strong></span> 
     </span>
    </p>
   </div>
   <div class='ocr_carea' id='block_1_45' title="bbox 538 4453 2122 4540">
    <p class='ocr_par' dir='ltr' id='par_1_45' title="bbox 538 4453 2122 4540">
     <span class='ocr_line' id='line_1_45' title="bbox 538 4453 2122 4540; baseline -0.013 -15"><span class='ocrx_word' id='word_1_361' title='bbox 538 4478 813 4540; x_wconf 86' lang='lat' dir='ltr'><strong>argentum</strong></span> <span class='ocrx_word' id='word_1_362' title='bbox 840 4466 1248 4523; x_wconf 89' lang='lat' dir='ltr'><strong>eorradendum.</strong></span> <span class='ocrx_word' id='word_1_363' title='bbox 1275 4463 1331 4520; x_wconf 92' lang='lat' dir='ltr'><strong>Si</strong></span> <span class='ocrx_word' id='word_1_364' title='bbox 1361 4464 1598 4532; x_wconf 85' lang='lat' dir='ltr'><strong>deponas</strong></span> <span class='ocrx_word' id='word_1_365' title='bbox 1638 4461 1724 4514; x_wconf 88' lang='lat' dir='ltr'><strong>illa</strong></span> <span class='ocrx_word' id='word_1_366' title='bbox 1751 4501 1766 4525; x_wconf 96' lang='lat'><strong>,</strong></span> <span class='ocrx_word' id='word_1_367' title='bbox 1799 4458 1912 4527; x_wconf 88' lang='lat' dir='ltr'><strong>ipse</strong></span> <span class='ocrx_word' id='word_1_368' title='bbox 1939 4453 2122 4510; x_wconf 89' lang='lat' dir='ltr'><strong>Domi-</strong></span> 
     </span>
    </p>
   </div>
   <div class='ocr_carea' id='block_1_46' title="bbox 540 4550 2119 4624">
    <p class='ocr_par' dir='ltr' id='par_1_46' title="bbox 540 4550 2119 4624">
     <span class='ocr_line' id='line_1_46' title="bbox 540 4550 2119 4624; baseline -0.013 -8"><span class='ocrx_word' id='word_1_369' title='bbox 540 4580 637 4617; x_wconf 87' lang='lat' dir='ltr'><strong>nus</strong></span> <span class='ocrx_word' id='word_1_370' title='bbox 661 4564 711 4616; x_wconf 92' lang='lat' dir='ltr'><strong>in</strong></span> <span class='ocrx_word' id='word_1_371' title='bbox 739 4560 926 4616; x_wconf 71' lang='lat' dir='ltr'><strong>cadum</strong></span> <span class='ocrx_word' id='word_1_372' title='bbox 953 4557 1231 4613; x_wconf 87' lang='lat' dir='ltr'><strong>transfert:</strong></span> <span class='ocrx_word' id='word_1_373' title='bbox 1259 4553 1370 4624; x_wconf 88' lang='lat' dir='ltr'><strong>ipse</strong></span> <span class='ocrx_word' id='word_1_374' title='bbox 1403 4555 1492 4608; x_wconf 91' lang='lat' dir='ltr'><strong>tibi</strong></span> <span class='ocrx_word' id='word_1_375' title='bbox 1530 4550 1939 4620; x_wconf 86' lang='lat' dir='ltr'><strong>negotiationem</strong></span> <span class='ocrx_word' id='word_1_376' title='bbox 1967 4552 2119 4614; x_wconf 87' lang='lat' dir='ltr'><strong>parat</strong></span> 
     </span>
    </p>
   </div>
   <div class='ocr_carea' id='block_1_47' title="bbox 3715 387 3820 441">
    <p class='ocr_par' dir='ltr' id='par_1_47' title="bbox 3715 387 3820 441">
     <span class='ocr_line' id='line_1_47' title="bbox 3715 387 3820 441; baseline 0.019 -3"><span class='ocrx_word' id='word_1_377' title='bbox 3715 387 3820 441; x_wconf 62' lang='grc' dir='ltr'><strong>εἷῖὲ</strong></span> 
     </span>
    </p>
   </div>
   <div class='ocr_carea' id='block_1_48' title="bbox 2234 497 3824 572">
    <p class='ocr_par' dir='ltr' id='par_1_48' title="bbox 2234 497 3824 572">
     <span class='ocr_line' id='line_1_48' title="bbox 2234 497 3824 572; baseline -0.001 -20"><span class='ocrx_word' id='word_1_378' title='bbox 2234 499 2454 552; x_wconf 92' lang='lat' dir='ltr'><strong>multum</strong></span> <span class='ocrx_word' id='word_1_379' title='bbox 2474 497 2603 552; x_wconf 88' lang='lat' dir='ltr'><strong>lucri</strong></span> <span class='ocrx_word' id='word_1_380' title='bbox 2625 497 2954 553; x_wconf 79' lang='lat' dir='ltr'><strong>atfcrentem.</strong></span> <span class='ocrx_word' id='word_1_381' title='bbox 2974 497 3088 553; x_wconf 83' lang='lat' dir='ltr'><strong>Non</strong></span> <span class='ocrx_word' id='word_1_382' title='bbox 3111 508 3192 554; x_wconf 90' lang='lat' dir='ltr'><strong>est</strong></span> <span class='ocrx_word' id='word_1_383' title='bbox 3215 499 3298 555; x_wconf 92' lang='lat' dir='ltr'><strong>hic</strong></span> <span class='ocrx_word' id='word_1_384' title='bbox 3320 501 3637 572; x_wconf 72' lang='lat' dir='ltr'><strong>qumrendus</strong></span> <span class='ocrx_word' id='word_1_385' title='bbox 3663 502 3824 557; x_wconf 81' lang='lat' dir='ltr'><strong>homo</strong></span> 
     </span>
    </p>
   </div>
   <div class='ocr_carea' id='block_1_49' title="bbox 2232 595 3828 668">
    <p class='ocr_par' dir='ltr' id='par_1_49' title="bbox 2232 595 3828 668">
     <span class='ocr_line' id='line_1_49' title="bbox 2232 595 3828 668; baseline -0.003 -18"><span class='ocrx_word' id='word_1_386' title='bbox 2232 597 2318 668; x_wconf 87' lang='lat' dir='ltr'><strong>qui</strong></span> <span class='ocrx_word' id='word_1_387' title='bbox 2347 595 2585 666; x_wconf 82' lang='lat' dir='ltr'><strong>deposita</strong></span> <span class='ocrx_word' id='word_1_388' title='bbox 2617 597 2935 652; x_wconf 80' lang='lat' dir='ltr'><strong>transferat:</strong></span> <span class='ocrx_word' id='word_1_389' title='bbox 2964 605 3168 651; x_wconf 89' lang='lat' dir='ltr'><strong>tantum</strong></span> <span class='ocrx_word' id='word_1_390' title='bbox 3197 595 3422 664; x_wconf 83' lang='lat' dir='ltr'><strong>depone,</strong></span> <span class='ocrx_word' id='word_1_391' title='bbox 3453 597 3628 650; x_wconf 89' lang='lat' dir='ltr'><strong>statim</strong></span> <span class='ocrx_word' id='word_1_392' title='bbox 3657 595 3828 664; x_wconf 78' lang='lat' dir='ltr'><strong>depo-</strong></span> 
     </span>
    </p>
   </div>
   <div class='ocr_carea' id='block_1_50' title="bbox 2232 685 3826 751">
    <p class='ocr_par' dir='ltr' id='par_1_50' title="bbox 2232 685 3826 751">
     <span class='ocr_line' id='line_1_50' title="bbox 2232 685 3826 751; baseline -0.001 -11"><span class='ocrx_word' id='word_1_393' title='bbox 2232 687 2392 740; x_wconf 92' lang='lat' dir='ltr'><strong>situm</strong></span> <span class='ocrx_word' id='word_1_394' title='bbox 2420 687 2682 751; x_wconf 79' lang='lat' dir='ltr'><strong>ascendit;</strong></span> <span class='ocrx_word' id='word_1_395' title='bbox 2709 702 2812 742; x_wconf 93' lang='lat' dir='ltr'><strong>non</strong></span> <span class='ocrx_word' id='word_1_396' title='bbox 2842 697 2898 741; x_wconf 83' lang='grc' dir='ltr'><strong>ιιι</strong></span> <span class='ocrx_word' id='word_1_397' title='bbox 2922 688 3008 740; x_wconf 87' lang='lat' dir='ltr'><strong>alii</strong></span> <span class='ocrx_word' id='word_1_398' title='bbox 3040 688 3237 742; x_wconf 87' lang='lat' dir='ltr'><strong>milites</strong></span> <span class='ocrx_word' id='word_1_399' title='bbox 3267 687 3496 749; x_wconf 87' lang='lat' dir='ltr'><strong>alantur,</strong></span> <span class='ocrx_word' id='word_1_400' title='bbox 3526 685 3620 740; x_wconf 88' lang='lat' dir='ltr'><strong>sed</strong></span> <span class='ocrx_word' id='word_1_401' title='bbox 3649 695 3705 739; x_wconf 92' lang='lat' dir='ltr'><strong>ut</strong></span> <span class='ocrx_word' id='word_1_402' title='bbox 3729 688 3826 739; x_wconf 87' lang='lat' dir='ltr'><strong>tibi</strong></span> 
     </span>
    </p>
   </div>
   <div class='ocr_carea' id='block_1_51' title="bbox 2233 779 3827 850">
    <p class='ocr_par' dir='ltr' id='par_1_51' title="bbox 2233 779 3827 850">
     <span class='ocr_line' id='line_1_51' title="bbox 2233 779 3827 850; baseline 0.001 -19"><span class='ocrx_word' id='word_1_403' title='bbox 2233 787 2476 834; x_wconf 89' lang='lat' dir='ltr'><strong>maneant</strong></span> <span class='ocrx_word' id='word_1_404' title='bbox 2500 795 2617 834; x_wconf 89' lang='lat' dir='ltr'><strong>cum</strong></span> <span class='ocrx_word' id='word_1_405' title='bbox 2647 795 2838 850; x_wconf 87' lang='lat' dir='ltr'><strong>magno</strong></span> <span class='ocrx_word' id='word_1_406' title='bbox 2869 783 3089 837; x_wconf 72' lang='lat' dir='ltr'><strong>foenore.</strong></span> <span class='ocrx_word' id='word_1_407' title='bbox 3126 781 3218 836; x_wconf 89' lang='lat' dir='ltr'><strong>llic</strong></span> <span class='ocrx_word' id='word_1_408' title='bbox 3248 781 3388 836; x_wconf 91' lang='lat' dir='ltr'><strong>enim</strong></span> <span class='ocrx_word' id='word_1_409' title='bbox 3415 795 3536 834; x_wconf 90' lang='lat' dir='ltr'><strong>cum</strong></span> <span class='ocrx_word' id='word_1_410' title='bbox 3559 780 3675 844; x_wconf 88' lang='lat' dir='ltr'><strong>das,</strong></span> <span class='ocrx_word' id='word_1_411' title='bbox 3698 779 3827 834; x_wconf 90' lang='lat' dir='ltr'><strong>data</strong></span> 
     </span>
    </p>
   </div>
   <div class='ocr_carea' id='block_1_52' title="bbox 2235 871 3828 942">
    <p class='ocr_par' dir='ltr' id='par_1_52' title="bbox 2235 871 3828 942">
     <span class='ocr_line' id='line_1_52' title="bbox 2235 871 3828 942; baseline 0.001 -21"><span class='ocrx_word' id='word_1_412' title='bbox 2235 878 2476 937; x_wconf 87' lang='lat' dir='ltr'><strong>repetere</strong></span> <span class='ocrx_word' id='word_1_413' title='bbox 2507 886 2610 924; x_wconf 92' lang='lat' dir='ltr'><strong>non</strong></span> <span class='ocrx_word' id='word_1_414' title='bbox 2637 871 2760 926; x_wconf 89' lang='lat' dir='ltr'><strong>licet</strong></span> <span class='ocrx_word' id='word_1_415' title='bbox 2792 889 2803 922; x_wconf 90' lang='lat'><strong>:</strong></span> <span class='ocrx_word' id='word_1_416' title='bbox 2837 872 2944 927; x_wconf 89' lang='lat' dir='ltr'><strong>illic</strong></span> <span class='ocrx_word' id='word_1_417' title='bbox 2975 888 3102 927; x_wconf 91' lang='lat' dir='ltr'><strong>vero</strong></span> <span class='ocrx_word' id='word_1_418' title='bbox 3132 887 3324 942; x_wconf 90' lang='lat' dir='ltr'><strong>magno</strong></span> <span class='ocrx_word' id='word_1_419' title='bbox 3354 887 3474 926; x_wconf 92' lang='lat' dir='ltr'><strong>cum</strong></span> <span class='ocrx_word' id='word_1_420' title='bbox 3506 873 3708 926; x_wconf 87' lang='lat' dir='ltr'><strong>honore</strong></span> <span class='ocrx_word' id='word_1_421' title='bbox 3737 872 3828 925; x_wconf 85' lang='lat' dir='ltr'><strong>illa</strong></span> 
     </span>
    </p>
   </div>
   <div class='ocr_carea' id='block_1_53' title="bbox 2230 961 3819 1032">
    <p class='ocr_par' dir='ltr' id='par_1_53' title="bbox 2230 961 3819 1032">
     <span class='ocr_line' id='line_1_53' title="bbox 2230 961 3819 1032; baseline 0.003 -20"><span class='ocrx_word' id='word_1_422' title='bbox 2230 974 2438 1013; x_wconf 87' lang='lat' dir='ltr'><strong>rursum</strong></span> <span class='ocrx_word' id='word_1_423' title='bbox 2473 961 2731 1030; x_wconf 84' lang='lat' dir='ltr'><strong>recipies,</strong></span> <span class='ocrx_word' id='word_1_424' title='bbox 2757 962 3064 1032; x_wconf 86' lang='lat' dir='ltr'><strong>majoraque</strong></span> <span class='ocrx_word' id='word_1_425' title='bbox 3111 977 3174 1017; x_wconf 86' lang='lat' dir='ltr'><strong>ac</strong></span> <span class='ocrx_word' id='word_1_426' title='bbox 3211 963 3504 1031; x_wconf 88' lang='lat' dir='ltr'><strong>spiritualia</strong></span> <span class='ocrx_word' id='word_1_427' title='bbox 3543 961 3688 1016; x_wconf 82' lang='lat' dir='ltr'><strong>lucra</strong></span> <span class='ocrx_word' id='word_1_428' title='bbox 3731 978 3819 1016; x_wconf 87' lang='lat' dir='ltr'><strong>re-</strong></span> 
     </span>
    </p>
   </div>
   <div class='ocr_carea' id='block_1_54' title="bbox 2233 1052 3818 1124">
    <p class='ocr_par' dir='ltr' id='par_1_54' title="bbox 2233 1052 3818 1124">
     <span class='ocr_line' id='line_1_54' title="bbox 2233 1052 3818 1124; baseline 0.002 -20"><span class='ocrx_word' id='word_1_429' title='bbox 2233 1052 2390 1106; x_wconf 89' lang='lat' dir='ltr'><strong>feres.</strong></span> <span class='ocrx_word' id='word_1_430' title='bbox 2419 1054 2514 1108; x_wconf 86' lang='lat' dir='ltr'><strong>llic</strong></span> <span class='ocrx_word' id='word_1_431' title='bbox 2531 1070 2647 1124; x_wconf 70' lang='lat' dir='ltr'><strong>qua:</strong></span> <span class='ocrx_word' id='word_1_432' title='bbox 2669 1055 2862 1109; x_wconf 88' lang='lat' dir='ltr'><strong>dantur</strong></span> <span class='ocrx_word' id='word_1_433' title='bbox 2883 1066 3002 1109; x_wconf 91' lang='lat' dir='ltr'><strong>sunt</strong></span> <span class='ocrx_word' id='word_1_434' title='bbox 3023 1055 3252 1121; x_wconf 79' lang='lat' dir='ltr'><strong>exactio,</strong></span> <span class='ocrx_word' id='word_1_435' title='bbox 3283 1054 3389 1109; x_wconf 92' lang='lat' dir='ltr'><strong>illic</strong></span> <span class='ocrx_word' id='word_1_436' title='bbox 3415 1071 3596 1120; x_wconf 90' lang='lat' dir='ltr'><strong>usura,</strong></span> <span class='ocrx_word' id='word_1_437' title='bbox 3623 1055 3818 1117; x_wconf 74' lang='lat' dir='ltr'><strong>ftenus,</strong></span> 
     </span>
    </p>
   </div>
   <div class='ocr_carea' id='block_1_55' title="bbox 2230 1143 3820 1216">
    <p class='ocr_par' dir='ltr' id='par_1_55' title="bbox 2230 1143 3820 1216">
     <span class='ocr_line' id='line_1_55' title="bbox 2230 1143 3820 1216; baseline 0.001 -22"><span class='ocrx_word' id='word_1_438' title='bbox 2230 1143 2486 1197; x_wconf 90' lang='lat' dir='ltr'><strong>debitum.</strong></span> <span class='ocrx_word' id='word_1_439' title='bbox 2515 1143 2644 1198; x_wconf 88' lang='lat' dir='ltr'><strong>Nam</strong></span> <span class='ocrx_word' id='word_1_440' title='bbox 2677 1146 3027 1216; x_wconf 89' lang='lat' dir='ltr'><strong>chirographa</strong></span> <span class='ocrx_word' id='word_1_441' title='bbox 3062 1146 3153 1200; x_wconf 93' lang='lat' dir='ltr'><strong>tibi</strong></span> <span class='ocrx_word' id='word_1_442' title='bbox 3192 1146 3328 1200; x_wconf 88' lang='lat' dir='ltr'><strong>Deus</strong></span> <span class='ocrx_word' id='word_1_443' title='bbox 3355 1147 3476 1200; x_wconf 89' lang='lat' dir='ltr'><strong>fecit</strong></span> <span class='ocrx_word' id='word_1_444' title='bbox 3497 1165 3509 1201; x_wconf 92' lang='lat'>:</span> <span class='ocrx_word' id='word_1_445' title='bbox 3533 1146 3605 1200; x_wconf 89' lang='lat' dir='ltr'><strong>ait</strong></span> <span class='ocrx_word' id='word_1_446' title='bbox 3633 1148 3780 1200; x_wconf 89' lang='lat' dir='ltr'><strong>enim</strong></span> <span class='ocrx_word' id='word_1_447' title='bbox 3808 1163 3820 1196; x_wconf 86' lang='lat'><strong><em>:</em></strong></span> 
     </span>
    </p>
   </div>
   <div class='ocr_carea' id='block_1_56' title="bbox 2233 1235 3825 1309">
    <p class='ocr_par' dir='ltr' id='par_1_56' title="bbox 2233 1235 3825 1309">
     <span class='ocr_line' id='line_1_56' title="bbox 2233 1235 3825 1309; baseline 0.002 -21"><span class='ocrx_word' id='word_1_448' title='bbox 2233 1235 2330 1300; x_wconf 82' lang='lat' dir='ltr'><strong>Qui</strong></span> <span class='ocrx_word' id='word_1_449' title='bbox 2367 1237 2628 1292; x_wconf 80' lang='lat' dir='ltr'><strong>miseretur</strong></span> <span class='ocrx_word' id='word_1_450' title='bbox 2653 1239 2907 1309; x_wconf 82' lang='lat' dir='ltr'><strong>pauperis,</strong></span> <span class='ocrx_word' id='word_1_451' title='bbox 2935 1237 3044 1291; x_wconf 85' lang='lat' dir='ltr'><strong>Deo</strong></span> <span class='ocrx_word' id='word_1_452' title='bbox 3070 1239 3346 1306; x_wconf 66' lang='lat' dir='ltr'><strong>{auertitur</strong></span> <span class='ocrx_word' id='word_1_453' title='bbox 3376 1236 3555 1309; x_wconf 70' lang='lat' dir='ltr'><strong>(Prov.</strong></span> <span class='ocrx_word' id='word_1_454' title='bbox 3589 1237 3674 1293; x_wconf 83' lang='grc'><strong>19.</strong></span> <span class='ocrx_word' id='word_1_455' title='bbox 3708 1239 3825 1305; x_wconf 87' lang='grc'><strong>17).</strong></span> 
     </span>
    </p>
   </div>
   <div class='ocr_carea' id='block_1_57' title="bbox 2231 1327 3818 1396">
    <p class='ocr_par' dir='ltr' id='par_1_57' title="bbox 2231 1327 3818 1396">
     <span class='ocr_line' id='line_1_57' title="bbox 2231 1327 3818 1396; baseline -0.002 -13"><span class='ocrx_word' id='word_1_456' title='bbox 2231 1329 2381 1384; x_wconf 84' lang='lat' dir='ltr'><strong>Dedit</strong></span> <span class='ocrx_word' id='word_1_457' title='bbox 2407 1328 2500 1382; x_wconf 91' lang='lat' dir='ltr'><strong>tibi</strong></span> <span class='ocrx_word' id='word_1_458' title='bbox 2530 1327 2744 1381; x_wconf 89' lang='lat' dir='ltr'><strong>arrham</strong></span> <span class='ocrx_word' id='word_1_459' title='bbox 2767 1335 2820 1381; x_wconf 93' lang='lat' dir='ltr'><strong>ct</strong></span> <span class='ocrx_word' id='word_1_460' title='bbox 2844 1328 3026 1394; x_wconf 83' lang='lat' dir='ltr'><strong>vades,</strong></span> <span class='ocrx_word' id='word_1_461' title='bbox 3056 1329 3154 1382; x_wconf 86' lang='lat' dir='ltr'><strong>etsi</strong></span> <span class='ocrx_word' id='word_1_462' title='bbox 3188 1328 3326 1382; x_wconf 90' lang='lat' dir='ltr'><strong>Deus</strong></span> <span class='ocrx_word' id='word_1_463' title='bbox 3353 1330 3438 1382; x_wconf 86' lang='lat' dir='ltr'><strong>sil.</strong></span> <span class='ocrx_word' id='word_1_464' title='bbox 3472 1329 3602 1396; x_wconf 66' lang='lat' dir='ltr'><strong>Quae</strong></span> <span class='ocrx_word' id='word_1_465' title='bbox 3634 1329 3818 1389; x_wconf 78' lang='lat' dir='ltr'><strong>arrha,</strong></span> 
     </span>
    </p>
   </div>
   <div class='ocr_carea' id='block_1_58' title="bbox 2227 1417 3816 1490">
    <p class='ocr_par' dir='ltr' id='par_1_58' title="bbox 2227 1417 3816 1490">
     <span class='ocr_line' id='line_1_58' title="bbox 2227 1417 3816 1490; baseline 0 -18"><span class='ocrx_word' id='word_1_466' title='bbox 2227 1421 2314 1490; x_wconf 93' lang='lat' dir='ltr'><strong>qui</strong></span> <span class='ocrx_word' id='word_1_467' title='bbox 2339 1417 2499 1474; x_wconf 83' lang='lat' dir='ltr'><strong>vades</strong></span> <span class='ocrx_word' id='word_1_468' title='bbox 2515 1422 2537 1470; x_wconf 82' lang='lat' dir='ltr'><strong>&#39;t</strong></span> <span class='ocrx_word' id='word_1_469' title='bbox 2553 1417 2681 1484; x_wconf 63' lang='lat' dir='ltr'><strong>Quze</strong></span> <span class='ocrx_word' id='word_1_470' title='bbox 2702 1427 2825 1472; x_wconf 91' lang='lat' dir='ltr'><strong>sunt</strong></span> <span class='ocrx_word' id='word_1_471' title='bbox 2849 1419 2899 1472; x_wconf 93' lang='lat' dir='ltr'><strong>in</strong></span> <span class='ocrx_word' id='word_1_472' title='bbox 2921 1420 3168 1487; x_wconf 72' lang='lat' dir='ltr'><strong>prmsenti</strong></span> <span class='ocrx_word' id='word_1_473' title='bbox 3195 1419 3318 1484; x_wconf 92' lang='lat' dir='ltr'><strong>vita,</strong></span> <span class='ocrx_word' id='word_1_474' title='bbox 3342 1420 3631 1478; x_wconf 85' lang='lat' dir='ltr'><strong>sensibilia.</strong></span> <span class='ocrx_word' id='word_1_475' title='bbox 3657 1421 3816 1486; x_wconf 89' lang='lat' dir='ltr'><strong>spiri-</strong></span> 
     </span>
    </p>
   </div>
   <div class='ocr_carea' id='block_1_59' title="bbox 2230 1507 3822 1579">
    <p class='ocr_par' dir='ltr' id='par_1_59' title="bbox 2230 1507 3822 1579">
     <span class='ocr_line' id='line_1_59' title="bbox 2230 1507 3822 1579; baseline -0.001 -14"><span class='ocrx_word' id='word_1_476' title='bbox 2230 1510 2408 1575; x_wconf 88' lang='lat' dir='ltr'><strong>tualia,</strong></span> <span class='ocrx_word' id='word_1_477' title='bbox 2424 1510 2640 1564; x_wconf 78' lang='lat' dir='ltr'><strong>exordia</strong></span> <span class='ocrx_word' id='word_1_478' title='bbox 2657 1507 2978 1563; x_wconf 89' lang='lat' dir='ltr'><strong>futurorum.</strong></span> <span class='ocrx_word' id='word_1_479' title='bbox 2995 1510 3129 1576; x_wconf 90' lang='lat' dir='ltr'><strong>Quid</strong></span> <span class='ocrx_word' id='word_1_480' title='bbox 3151 1511 3306 1579; x_wconf 86' lang='lat' dir='ltr'><strong>igitur</strong></span> <span class='ocrx_word' id='word_1_481' title='bbox 3326 1513 3501 1564; x_wconf 87' lang='lat' dir='ltr'><strong>tardas</strong></span> <span class='ocrx_word' id='word_1_482' title='bbox 3520 1511 3822 1575; x_wconf 88' lang='lat' dir='ltr'><strong>etduhitas,</strong></span> 
     </span>
    </p>
   </div>
   <div class='ocr_carea' id='block_1_60' title="bbox 2226 1601 3822 1671">
    <p class='ocr_par' dir='ltr' id='par_1_60' title="bbox 2226 1601 3822 1671">
     <span class='ocr_line' id='line_1_60' title="bbox 2226 1601 3822 1671; baseline -0.003 -13"><span class='ocrx_word' id='word_1_483' title='bbox 2226 1618 2345 1658; x_wconf 90' lang='lat' dir='ltr'><strong>cum</strong></span> <span class='ocrx_word' id='word_1_484' title='bbox 2385 1610 2460 1655; x_wconf 91' lang='lat' dir='ltr'><strong>tot</strong></span> <span class='ocrx_word' id='word_1_485' title='bbox 2490 1609 2742 1671; x_wconf 89' lang='lat' dir='ltr'><strong>tantaque</strong></span> <span class='ocrx_word' id='word_1_486' title='bbox 2773 1601 2882 1670; x_wconf 91' lang='lat' dir='ltr'><strong>jam</strong></span> <span class='ocrx_word' id='word_1_487' title='bbox 2915 1601 3216 1671; x_wconf 88' lang='lat' dir='ltr'><strong>receperis,</strong></span> <span class='ocrx_word' id='word_1_488' title='bbox 3241 1611 3316 1655; x_wconf 87' lang='lat' dir='ltr'><strong>tot</strong></span> <span class='ocrx_word' id='word_1_489' title='bbox 3351 1602 3660 1670; x_wconf 81' lang='lat' dir='ltr'><strong>exspectes?</strong></span> <span class='ocrx_word' id='word_1_490' title='bbox 3687 1602 3822 1655; x_wconf 69' lang='lat' dir='ltr'><strong>Nam</strong></span> 
     </span>
    </p>
   </div>
   <div class='ocr_carea' id='block_1_61' title="bbox 2226 1692 3822 1764">
    <p class='ocr_par' dir='ltr' id='par_1_61' title="bbox 2226 1692 3822 1764">
     <span class='ocr_line' id='line_1_61' title="bbox 2226 1692 3822 1764; baseline -0.001 -16"><span class='ocrx_word' id='word_1_491' title='bbox 2226 1709 2344 1764; x_wconf 67' lang='lat' dir='ltr'><strong>qum</strong></span> <span class='ocrx_word' id='word_1_492' title='bbox 2361 1693 2606 1763; x_wconf 88' lang='lat' dir='ltr'><strong>recepisti</strong></span> <span class='ocrx_word' id='word_1_493' title='bbox 2623 1694 2736 1748; x_wconf 59' lang='lat' dir='ltr'><strong>haec</strong></span> <span class='ocrx_word' id='word_1_494' title='bbox 2755 1701 2876 1748; x_wconf 92' lang='lat' dir='ltr'><strong>sunt</strong></span> <span class='ocrx_word' id='word_1_495' title='bbox 2898 1712 2909 1747; x_wconf 91' lang='lat'><strong>:</strong></span> <span class='ocrx_word' id='word_1_496' title='bbox 2927 1707 3119 1762; x_wconf 87' lang='lat' dir='ltr'><strong>corpus</strong></span> <span class='ocrx_word' id='word_1_497' title='bbox 3137 1693 3226 1746; x_wconf 91' lang='lat' dir='ltr'><strong>tibi</strong></span> <span class='ocrx_word' id='word_1_498' title='bbox 3246 1692 3564 1756; x_wconf 83' lang='lat' dir='ltr'><strong>ell‘ormavit,</strong></span> <span class='ocrx_word' id='word_1_499' title='bbox 3587 1694 3822 1746; x_wconf 85' lang='lat' dir='ltr'><strong>animam</strong></span> 
     </span>
    </p>
   </div>
   <div class='ocr_carea' id='block_1_62' title="bbox 2229 1784 3821 1851">
    <p class='ocr_par' dir='ltr' id='par_1_62' title="bbox 2229 1784 3821 1851">
     <span class='ocr_line' id='line_1_62' title="bbox 2229 1784 3821 1851; baseline 0 -11"><span class='ocrx_word' id='word_1_500' title='bbox 2229 1785 2319 1840; x_wconf 88' lang='lat' dir='ltr'><strong>tibi</strong></span> <span class='ocrx_word' id='word_1_501' title='bbox 2350 1785 2570 1851; x_wconf 89' lang='lat' dir='ltr'><strong>indidit;</strong></span> <span class='ocrx_word' id='word_1_502' title='bbox 2603 1795 2652 1840; x_wconf 92' lang='lat' dir='ltr'><strong>te</strong></span> <span class='ocrx_word' id='word_1_503' title='bbox 2683 1785 2852 1840; x_wconf 89' lang='lat' dir='ltr'><strong>solum</strong></span> <span class='ocrx_word' id='word_1_504' title='bbox 2886 1784 2938 1838; x_wconf 92' lang='lat' dir='ltr'><strong>in</strong></span> <span class='ocrx_word' id='word_1_505' title='bbox 2968 1795 3105 1839; x_wconf 84' lang='lat' dir='ltr'><strong>terra</strong></span> <span class='ocrx_word' id='word_1_506' title='bbox 3131 1785 3335 1838; x_wconf 80' lang='lat' dir='ltr'><strong>ratione.</strong></span> <span class='ocrx_word' id='word_1_507' title='bbox 3361 1785 3597 1846; x_wconf 86' lang='lat' dir='ltr'><strong>ornavit;</strong></span> <span class='ocrx_word' id='word_1_508' title='bbox 3631 1801 3821 1840; x_wconf 84' lang='lat' dir='ltr'><strong>eorum</strong></span> 
     </span>
    </p>
   </div>
   <div class='ocr_carea' id='block_1_63' title="bbox 2226 1876 3825 1948">
    <p class='ocr_par' dir='ltr' id='par_1_63' title="bbox 2226 1876 3825 1948">
     <span class='ocr_line' id='line_1_63' title="bbox 2226 1876 3825 1948; baseline 0 -20"><span class='ocrx_word' id='word_1_509' title='bbox 2226 1896 2343 1948; x_wconf 73' lang='lat' dir='ltr'><strong>quae</strong></span> <span class='ocrx_word' id='word_1_510' title='bbox 2361 1879 2458 1933; x_wconf 90' lang='lat' dir='ltr'><strong>sub</strong></span> <span class='ocrx_word' id='word_1_511' title='bbox 2475 1887 2743 1946; x_wconf 85' lang='lat' dir='ltr'><strong>aspectum</strong></span> <span class='ocrx_word' id='word_1_512' title='bbox 2759 1877 2949 1931; x_wconf 88' lang='lat' dir='ltr'><strong>cadunt</strong></span> <span class='ocrx_word' id='word_1_513' title='bbox 2967 1877 3201 1930; x_wconf 88' lang='lat' dir='ltr'><strong>omnium</strong></span> <span class='ocrx_word' id='word_1_514' title='bbox 3223 1893 3372 1930; x_wconf 90' lang='lat' dir='ltr'><strong>usum</strong></span> <span class='ocrx_word' id='word_1_515' title='bbox 3391 1876 3556 1942; x_wconf 88' lang='lat' dir='ltr'><strong>dedit;</strong></span> <span class='ocrx_word' id='word_1_516' title='bbox 3571 1879 3825 1947; x_wconf 76' lang='lat' dir='ltr'><strong>cognitio—</strong></span> 
     </span>
    </p>
   </div>
   <div class='ocr_carea' id='block_1_64' title="bbox 2229 1967 3819 2038">
    <p class='ocr_par' dir='ltr' id='par_1_64' title="bbox 2229 1967 3819 2038">
     <span class='ocr_line' id='line_1_64' title="bbox 2229 1967 3819 2038; baseline -0.004 -12"><span class='ocrx_word' id='word_1_517' title='bbox 2229 1988 2348 2026; x_wconf 91' lang='lat' dir='ltr'><strong>nem</strong></span> <span class='ocrx_word' id='word_1_518' title='bbox 2375 1973 2454 2025; x_wconf 91' lang='lat' dir='ltr'><strong>sui</strong></span> <span class='ocrx_word' id='word_1_519' title='bbox 2484 1971 2572 2024; x_wconf 93' lang='lat' dir='ltr'><strong>tibi</strong></span> <span class='ocrx_word' id='word_1_520' title='bbox 2593 1971 2810 2038; x_wconf 79' lang='lat' dir='ltr'><strong>largitus</strong></span> <span class='ocrx_word' id='word_1_521' title='bbox 2832 1977 2949 2033; x_wconf 90' lang='lat' dir='ltr'><strong>est;</strong></span> <span class='ocrx_word' id='word_1_522' title='bbox 2977 1967 3170 2021; x_wconf 85' lang='lat' dir='ltr'><strong>Filium</strong></span> <span class='ocrx_word' id='word_1_523' title='bbox 3198 1981 3350 2021; x_wconf 92' lang='lat' dir='ltr'><strong>suum</strong></span> <span class='ocrx_word' id='word_1_524' title='bbox 3373 1983 3467 2037; x_wconf 90' lang='lat' dir='ltr'><strong>pro</strong></span> <span class='ocrx_word' id='word_1_525' title='bbox 3491 1977 3539 2022; x_wconf 90' lang='lat' dir='ltr'><strong>te</strong></span> <span class='ocrx_word' id='word_1_526' title='bbox 3568 1968 3779 2022; x_wconf 91' lang='lat' dir='ltr'><strong>tradidit</strong></span> <span class='ocrx_word' id='word_1_527' title='bbox 3804 1985 3819 2032; x_wconf 91' lang='lat'><strong>;</strong></span> 
     </span>
    </p>
   </div>
   <div class='ocr_carea' id='block_1_65' title="bbox 2229 2059 3820 2133">
    <p class='ocr_par' dir='ltr' id='par_1_65' title="bbox 2229 2059 3820 2133">
     <span class='ocr_line' id='line_1_65' title="bbox 2229 2059 3820 2133; baseline -0.003 -15"><span class='ocrx_word' id='word_1_528' title='bbox 2229 2064 2484 2133; x_wconf 87' lang='lat' dir='ltr'><strong>baptisma</strong></span> <span class='ocrx_word' id='word_1_529' title='bbox 2519 2071 2594 2116; x_wconf 93' lang='lat' dir='ltr'><strong>tot</strong></span> <span class='ocrx_word' id='word_1_530' title='bbox 2619 2061 2871 2116; x_wconf 90' lang='lat' dir='ltr'><strong>refertum</strong></span> <span class='ocrx_word' id='word_1_531' title='bbox 2889 2059 3044 2114; x_wconf 89' lang='lat' dir='ltr'><strong>donis</strong></span> <span class='ocrx_word' id='word_1_532' title='bbox 3064 2059 3350 2124; x_wconf 87' lang='lat' dir='ltr'><strong>concessit,</strong></span> <span class='ocrx_word' id='word_1_533' title='bbox 3375 2074 3580 2113; x_wconf 82' lang='lat' dir='ltr'><strong>necnon</strong></span> <span class='ocrx_word' id='word_1_534' title='bbox 3610 2073 3820 2113; x_wconf 89' lang='lat' dir='ltr'><strong>sacram</strong></span> 
     </span>
    </p>
   </div>
   <div class='ocr_carea' id='block_1_66' title="bbox 2227 2150 3824 2224">
    <p class='ocr_par' dir='ltr' id='par_1_66' title="bbox 2227 2150 3824 2224">
     <span class='ocr_line' id='line_1_66' title="bbox 2227 2150 3824 2224; baseline -0.003 -14"><span class='ocrx_word' id='word_1_535' title='bbox 2227 2170 2499 2219; x_wconf 86' lang='lat' dir='ltr'><strong>mensam;</strong></span> <span class='ocrx_word' id='word_1_536' title='bbox 2541 2153 2787 2224; x_wconf 90' lang='lat' dir='ltr'><strong>promisit</strong></span> <span class='ocrx_word' id='word_1_537' title='bbox 2833 2166 3052 2222; x_wconf 86' lang='lat' dir='ltr'><strong>regnum</strong></span> <span class='ocrx_word' id='word_1_538' title='bbox 3102 2161 3156 2206; x_wconf 91' lang='lat' dir='ltr'><strong>et</strong></span> <span class='ocrx_word' id='word_1_539' title='bbox 3203 2150 3485 2206; x_wconf 74' lang='lat' dir='ltr'><strong>ineffabilia</strong></span> <span class='ocrx_word' id='word_1_540' title='bbox 3532 2153 3688 2206; x_wconf 90' lang='lat' dir='ltr'><strong>bona.</strong></span> <span class='ocrx_word' id='word_1_541' title='bbox 3718 2151 3824 2206; x_wconf 85' lang='lat' dir='ltr'><strong>Tot</strong></span> 
     </span>
    </p>
   </div>
   <div class='ocr_carea' id='block_1_67' title="bbox 2226 2243 3819 2318">
    <p class='ocr_par' dir='ltr' id='par_1_67' title="bbox 2226 2243 3819 2318">
     <span class='ocr_line' id='line_1_67' title="bbox 2226 2243 3819 2318; baseline -0.006 -16"><span class='ocrx_word' id='word_1_542' title='bbox 2226 2263 2353 2318; x_wconf 87' lang='lat' dir='ltr'><strong>ergo</strong></span> <span class='ocrx_word' id='word_1_543' title='bbox 2369 2247 2599 2315; x_wconf 86' lang='lat' dir='ltr'><strong>acceptis</strong></span> <span class='ocrx_word' id='word_1_544' title='bbox 2619 2255 2671 2300; x_wconf 89' lang='lat' dir='ltr'><strong>et</strong></span> <span class='ocrx_word' id='word_1_545' title='bbox 2692 2256 2765 2300; x_wconf 88' lang='lat' dir='ltr'><strong>tot</strong></span> <span class='ocrx_word' id='word_1_546' title='bbox 2783 2254 3094 2314; x_wconf 90' lang='lat' dir='ltr'><strong>accepturus</strong></span> <span class='ocrx_word' id='word_1_547' title='bbox 3112 2243 3186 2312; x_wconf 92' lang='lat' dir='ltr'><strong>(id</strong></span> <span class='ocrx_word' id='word_1_548' title='bbox 3209 2243 3348 2298; x_wconf 85' lang='lat' dir='ltr'><strong>enim</strong></span> <span class='ocrx_word' id='word_1_549' title='bbox 3371 2258 3577 2297; x_wconf 89' lang='lat' dir='ltr'><strong>rursum</strong></span> <span class='ocrx_word' id='word_1_550' title='bbox 3597 2244 3792 2314; x_wconf 82' lang='lat' dir='ltr'><strong>dicam)</strong></span> <span class='ocrx_word' id='word_1_551' title='bbox 3806 2287 3819 2303; x_wconf 82' lang='lat'><strong>,</strong></span> 
     </span>
    </p>
   </div>
   <div class='ocr_carea' id='block_1_68' title="bbox 2225 2337 3824 2410">
    <p class='ocr_par' dir='ltr' id='par_1_68' title="bbox 2225 2337 3824 2410">
     <span class='ocr_line' id='line_1_68' title="bbox 2225 2337 3824 2410; baseline -0.003 -14"><span class='ocrx_word' id='word_1_552' title='bbox 2225 2343 2363 2396; x_wconf 90' lang='lat' dir='ltr'><strong>circa</strong></span> <span class='ocrx_word' id='word_1_553' title='bbox 2395 2341 2656 2410; x_wconf 88' lang='lat' dir='ltr'><strong>perituras</strong></span> <span class='ocrx_word' id='word_1_554' title='bbox 2693 2339 2942 2408; x_wconf 84' lang='lat' dir='ltr'><strong>pecunias</strong></span> <span class='ocrx_word' id='word_1_555' title='bbox 2970 2353 3162 2407; x_wconf 87' lang='lat' dir='ltr'><strong>parcus</strong></span> <span class='ocrx_word' id='word_1_556' title='bbox 3209 2338 3308 2392; x_wconf 85' lang='lat' dir='ltr'><strong>es?</strong></span> <span class='ocrx_word' id='word_1_557' title='bbox 3336 2353 3555 2408; x_wconf 79' lang='lat' dir='ltr'><strong>ecquam</strong></span> <span class='ocrx_word' id='word_1_558' title='bbox 3601 2337 3824 2392; x_wconf 83' lang='lat' dir='ltr'><strong>habebis</strong></span> 
     </span>
    </p>
   </div>
   <div class='ocr_carea' id='block_1_69' title="bbox 2227 2427 3824 2496">
    <p class='ocr_par' dir='ltr' id='par_1_69' title="bbox 2227 2427 3824 2496">
     <span class='ocr_line' id='line_1_69' title="bbox 2227 2427 3824 2496; baseline -0.003 -12"><span class='ocrx_word' id='word_1_559' title='bbox 2227 2432 2433 2486; x_wconf 85' lang='lat' dir='ltr'><strong>veniam</strong></span> <span class='ocrx_word' id='word_1_560' title='bbox 2457 2430 2478 2481; x_wconf 86' lang='lat' dir='ltr'><strong>&#39;t</strong></span> <span class='ocrx_word' id='word_1_561' title='bbox 2507 2429 2610 2484; x_wconf 90' lang='lat' dir='ltr'><strong>Sed</strong></span> <span class='ocrx_word' id='word_1_562' title='bbox 2641 2429 2838 2484; x_wconf 89' lang='lat' dir='ltr'><strong>liberos</strong></span> <span class='ocrx_word' id='word_1_563' title='bbox 2869 2427 3093 2496; x_wconf 89' lang='lat' dir='ltr'><strong>respicis</strong></span> <span class='ocrx_word' id='word_1_564' title='bbox 3121 2468 3133 2492; x_wconf 95' lang='lat'><strong>,</strong></span> <span class='ocrx_word' id='word_1_565' title='bbox 3166 2435 3218 2481; x_wconf 90' lang='lat' dir='ltr'><strong>et</strong></span> <span class='ocrx_word' id='word_1_566' title='bbox 3247 2428 3458 2481; x_wconf 87' lang='lat' dir='ltr'><strong>illorum</strong></span> <span class='ocrx_word' id='word_1_567' title='bbox 3486 2441 3644 2480; x_wconf 90' lang='lat' dir='ltr'><strong>causa</strong></span> <span class='ocrx_word' id='word_1_568' title='bbox 3693 2427 3824 2480; x_wconf 87' lang='lat' dir='ltr'><strong>dare</strong></span> 
     </span>
    </p>
   </div>
   <div class='ocr_carea' id='block_1_70' title="bbox 2227 2515 3824 2591">
    <p class='ocr_par' dir='ltr' id='par_1_70' title="bbox 2227 2515 3824 2591">
     <span class='ocr_line' id='line_1_70' title="bbox 2227 2515 3824 2591; baseline -0.005 -15"><span class='ocrx_word' id='word_1_569' title='bbox 2227 2521 2460 2591; x_wconf 80' lang='lat' dir='ltr'><strong>refugis?</strong></span> <span class='ocrx_word' id='word_1_570' title='bbox 2483 2519 2550 2574; x_wconf 85' lang='lat' dir='ltr'><strong>Et</strong></span> <span class='ocrx_word' id='word_1_571' title='bbox 2573 2521 2669 2574; x_wconf 92' lang='lat' dir='ltr'><strong>hos</strong></span> <span class='ocrx_word' id='word_1_572' title='bbox 2696 2533 2905 2590; x_wconf 87' lang='lat' dir='ltr'><strong>quoque</strong></span> <span class='ocrx_word' id='word_1_573' title='bbox 2946 2518 3162 2572; x_wconf 88' lang='lat' dir='ltr'><strong>institue</strong></span> <span class='ocrx_word' id='word_1_574' title='bbox 3199 2517 3263 2570; x_wconf 87' lang='lat' dir='ltr'><strong>ad</strong></span> <span class='ocrx_word' id='word_1_575' title='bbox 3294 2516 3591 2585; x_wconf 88' lang='lat' dir='ltr'><strong>hujusmodi</strong></span> <span class='ocrx_word' id='word_1_576' title='bbox 3627 2515 3824 2570; x_wconf 75' lang='lat' dir='ltr'><strong>facien-</strong></span> 
     </span>
    </p>
   </div>
   <div class='ocr_carea' id='block_1_71' title="bbox 2227 2608 3822 2678">
    <p class='ocr_par' dir='ltr' id='par_1_71' title="bbox 2227 2608 3822 2678">
     <span class='ocr_line' id='line_1_71' title="bbox 2227 2608 3822 2678; baseline -0.004 -12"><span class='ocrx_word' id='word_1_577' title='bbox 2227 2613 2292 2666; x_wconf 89' lang='lat' dir='ltr'><strong>da</strong></span> <span class='ocrx_word' id='word_1_578' title='bbox 2327 2613 2492 2667; x_wconf 90' lang='lat' dir='ltr'><strong>lucra.</strong></span> <span class='ocrx_word' id='word_1_579' title='bbox 2523 2611 2652 2666; x_wconf 83' lang='lat' dir='ltr'><strong>Nam</strong></span> <span class='ocrx_word' id='word_1_580' title='bbox 2683 2613 2726 2664; x_wconf 92' lang='lat' dir='ltr'><strong>si</strong></span> <span class='ocrx_word' id='word_1_581' title='bbox 2753 2619 3030 2678; x_wconf 88' lang='lat' dir='ltr'><strong>argentum</strong></span> <span class='ocrx_word' id='word_1_582' title='bbox 3078 2608 3300 2662; x_wconf 90' lang='lat' dir='ltr'><strong>haberes</strong></span> <span class='ocrx_word' id='word_1_583' title='bbox 3342 2609 3441 2662; x_wconf 90' lang='lat' dir='ltr'><strong>sub</strong></span> <span class='ocrx_word' id='word_1_584' title='bbox 3474 2608 3675 2664; x_wconf 74' lang='lat' dir='ltr'><strong>ftenorc</strong></span> <span class='ocrx_word' id='word_1_585' title='bbox 3704 2608 3822 2660; x_wconf 88' lang='lat' dir='ltr'><strong>eol-</strong></span> 
     </span>
    </p>
   </div>
   <div class='ocr_carea' id='block_1_72' title="bbox 2227 2699 3822 2769">
    <p class='ocr_par' dir='ltr' id='par_1_72' title="bbox 2227 2699 3822 2769">
     <span class='ocr_line' id='line_1_72' title="bbox 2227 2699 3822 2769; baseline -0.005 -13"><span class='ocrx_word' id='word_1_586' title='bbox 2227 2703 2476 2767; x_wconf 81' lang='lat' dir='ltr'><strong>locatum,</strong></span> <span class='ocrx_word' id='word_1_587' title='bbox 2502 2711 2554 2756; x_wconf 91' lang='lat' dir='ltr'><strong>et</strong></span> <span class='ocrx_word' id='word_1_588' title='bbox 2584 2701 2791 2755; x_wconf 93' lang='lat' dir='ltr'><strong>debitor</strong></span> <span class='ocrx_word' id='word_1_589' title='bbox 2814 2701 3007 2769; x_wconf 90' lang='lat' dir='ltr'><strong>probus</strong></span> <span class='ocrx_word' id='word_1_590' title='bbox 3030 2707 3191 2762; x_wconf 90' lang='lat' dir='ltr'><strong>esset,</strong></span> <span class='ocrx_word' id='word_1_591' title='bbox 3219 2699 3403 2752; x_wconf 90' lang='lat' dir='ltr'><strong>malles</strong></span> <span class='ocrx_word' id='word_1_592' title='bbox 3430 2707 3578 2752; x_wconf 91' lang='lat' dir='ltr'><strong>certe</strong></span> <span class='ocrx_word' id='word_1_593' title='bbox 3599 2713 3822 2768; x_wconf 71' lang='lat' dir='ltr'><strong>syngra-</strong></span> 
     </span>
    </p>
   </div>
   <div class='ocr_carea' id='block_1_73' title="bbox 2227 2789 3824 2863">
    <p class='ocr_par' dir='ltr' id='par_1_73' title="bbox 2227 2789 3824 2863">
     <span class='ocr_line' id='line_1_73' title="bbox 2227 2789 3824 2863; baseline -0.001 -19"><span class='ocrx_word' id='word_1_594' title='bbox 2227 2793 2385 2863; x_wconf 89' lang='lat' dir='ltr'><strong>pham</strong></span> <span class='ocrx_word' id='word_1_595' title='bbox 2415 2807 2569 2863; x_wconf 88' lang='lat' dir='ltr'><strong>quam</strong></span> <span class='ocrx_word' id='word_1_596' title='bbox 2601 2808 2788 2846; x_wconf 88' lang='lat' dir='ltr'><strong>aurum</strong></span> <span class='ocrx_word' id='word_1_597' title='bbox 2821 2791 2929 2845; x_wconf 85' lang='lat' dir='ltr'><strong>lilio</strong></span> <span class='ocrx_word' id='word_1_598' title='bbox 2951 2791 3271 2860; x_wconf 86' lang='lat' dir='ltr'><strong>relinquere,</strong></span> <span class='ocrx_word' id='word_1_599' title='bbox 3297 2798 3352 2843; x_wconf 92' lang='lat' dir='ltr'><strong>ut</strong></span> <span class='ocrx_word' id='word_1_600' title='bbox 3381 2789 3502 2844; x_wconf 90' lang='lat' dir='ltr'><strong>inde</strong></span> <span class='ocrx_word' id='word_1_601' title='bbox 3533 2799 3824 2858; x_wconf 84' lang='lat' dir='ltr'><strong>proventus</strong></span> 
     </span>
    </p>
   </div>
   <div class='ocr_carea' id='block_1_74' title="bbox 2230 2881 3816 2953">
    <p class='ocr_par' dir='ltr' id='par_1_74' title="bbox 2230 2881 3816 2953">
     <span class='ocr_line' id='line_1_74' title="bbox 2230 2881 3816 2953; baseline -0.003 -15"><span class='ocrx_word' id='word_1_602' title='bbox 2230 2884 2327 2953; x_wconf 82' lang='lat' dir='ltr'><strong>ipsi</strong></span> <span class='ocrx_word' id='word_1_603' title='bbox 2371 2892 2515 2938; x_wconf 86' lang='lat' dir='ltr'><strong>esset</strong></span> <span class='ocrx_word' id='word_1_604' title='bbox 2559 2898 2816 2953; x_wconf 90' lang='lat' dir='ltr'><strong>magnus,</strong></span> <span class='ocrx_word' id='word_1_605' title='bbox 2842 2898 2940 2936; x_wconf 90' lang='lat' dir='ltr'><strong>nec</strong></span> <span class='ocrx_word' id='word_1_606' title='bbox 2979 2891 3259 2951; x_wconf 81' lang='lat' dir='ltr'><strong>cogeretur</strong></span> <span class='ocrx_word' id='word_1_607' title='bbox 3289 2881 3422 2935; x_wconf 86' lang='lat' dir='ltr'><strong>alios</strong></span> <span class='ocrx_word' id='word_1_608' title='bbox 3454 2896 3695 2951; x_wconf 74' lang='lat' dir='ltr'><strong>quarrerc</strong></span> <span class='ocrx_word' id='word_1_609' title='bbox 3725 2881 3816 2934; x_wconf 89' lang='lat' dir='ltr'><strong>ubi</strong></span> 
     </span>
    </p>
   </div>
   <div class='ocr_carea' id='block_1_75' title="bbox 2231 2972 3824 3047">
    <p class='ocr_par' dir='ltr' id='par_1_75' title="bbox 2231 2972 3824 3047">
     <span class='ocr_line' id='line_1_75' title="bbox 2231 2972 3824 3047; baseline 0 -19"><span class='ocrx_word' id='word_1_610' title='bbox 2231 2988 2411 3047; x_wconf 83' lang='lat' dir='ltr'><strong>posset</strong></span> <span class='ocrx_word' id='word_1_611' title='bbox 2438 2976 2722 3031; x_wconf 86' lang='lat' dir='ltr'><strong>collocare.</strong></span> <span class='ocrx_word' id='word_1_612' title='bbox 2751 2974 2901 3030; x_wconf 87' lang='lat' dir='ltr'><strong>Nunc</strong></span> <span class='ocrx_word' id='word_1_613' title='bbox 2923 2974 3331 3045; x_wconf 73' lang='lat' dir='ltr'><strong>chirographum</strong></span> <span class='ocrx_word' id='word_1_614' title='bbox 3364 2973 3664 3044; x_wconf 89' lang='lat' dir='ltr'><strong>hujusmodi</strong></span> <span class='ocrx_word' id='word_1_615' title='bbox 3698 2972 3824 3028; x_wconf 85' lang='lat' dir='ltr'><strong>ﬁliis</strong></span> 
     </span>
    </p>
   </div>
   <div class='ocr_carea' id='block_1_76' title="bbox 2228 3065 3822 3136">
    <p class='ocr_par' dir='ltr' id='par_1_76' title="bbox 2228 3065 3822 3136">
     <span class='ocr_line' id='line_1_76' title="bbox 2228 3065 3822 3136; baseline -0.001 -14"><span class='ocrx_word' id='word_1_616' title='bbox 2228 3069 2391 3129; x_wconf 87' lang='lat' dir='ltr'><strong>dato,</strong></span> <span class='ocrx_word' id='word_1_617' title='bbox 2423 3077 2476 3122; x_wconf 91' lang='lat' dir='ltr'><strong>et</strong></span> <span class='ocrx_word' id='word_1_618' title='bbox 2522 3067 2685 3122; x_wconf 89' lang='lat' dir='ltr'><strong>Deum</strong></span> <span class='ocrx_word' id='word_1_619' title='bbox 2718 3067 2844 3134; x_wconf 87' lang='lat' dir='ltr'><strong>ipsis</strong></span> <span class='ocrx_word' id='word_1_620' title='bbox 2884 3066 3120 3134; x_wconf 91' lang='lat' dir='ltr'><strong>relinque</strong></span> <span class='ocrx_word' id='word_1_621' title='bbox 3145 3065 3461 3120; x_wconf 87' lang='lat' dir='ltr'><strong>debitorem.</strong></span> <span class='ocrx_word' id='word_1_622' title='bbox 3495 3067 3663 3136; x_wconf 82' lang='lat' dir='ltr'><strong>Agros</strong></span> <span class='ocrx_word' id='word_1_623' title='bbox 3711 3081 3822 3120; x_wconf 90' lang='lat' dir='ltr'><strong>non</strong></span> 
     </span>
    </p>
   </div>
   <div class='ocr_carea' id='block_1_77' title="bbox 2230 3157 3825 3227">
    <p class='ocr_par' dir='ltr' id='par_1_77' title="bbox 2230 3157 3825 3227">
     <span class='ocr_line' id='line_1_77' title="bbox 2230 3157 3825 3227; baseline 0 -16"><span class='ocrx_word' id='word_1_624' title='bbox 2230 3161 2418 3214; x_wconf 89' lang='lat' dir='ltr'><strong>vendis</strong></span> <span class='ocrx_word' id='word_1_625' title='bbox 2443 3201 2458 3227; x_wconf 88' lang='lat'><strong>,</strong></span> <span class='ocrx_word' id='word_1_626' title='bbox 2483 3159 2575 3214; x_wconf 91' lang='lat' dir='ltr'><strong>sed</strong></span> <span class='ocrx_word' id='word_1_627' title='bbox 2607 3159 2729 3212; x_wconf 88' lang='lat' dir='ltr'><strong>liliis</strong></span> <span class='ocrx_word' id='word_1_628' title='bbox 2756 3157 3013 3227; x_wconf 91' lang='lat' dir='ltr'><strong>relinquis</strong></span> <span class='ocrx_word' id='word_1_629' title='bbox 3035 3198 3050 3223; x_wconf 95' lang='lat'><strong>,</strong></span> <span class='ocrx_word' id='word_1_630' title='bbox 3078 3166 3133 3210; x_wconf 91' lang='lat' dir='ltr'><strong>ut</strong></span> <span class='ocrx_word' id='word_1_631' title='bbox 3167 3166 3453 3225; x_wconf 86' lang='lat' dir='ltr'><strong>proventus</strong></span> <span class='ocrx_word' id='word_1_632' title='bbox 3486 3166 3696 3210; x_wconf 86' lang='lat' dir='ltr'><strong>maneat</strong></span> <span class='ocrx_word' id='word_1_633' title='bbox 3719 3196 3733 3220; x_wconf 95' lang='lat'><strong>,</strong></span> <span class='ocrx_word' id='word_1_634' title='bbox 3765 3166 3825 3211; x_wconf 87' lang='lat' dir='ltr'><strong>ut</strong></span> 
     </span>
    </p>
   </div>
   <div class='ocr_carea' id='block_1_78' title="bbox 2227 3249 3823 3320">
    <p class='ocr_par' dir='ltr' id='par_1_78' title="bbox 2227 3249 3823 3320">
     <span class='ocr_line' id='line_1_78' title="bbox 2227 3249 3823 3320; baseline -0.001 -15"><span class='ocrx_word' id='word_1_635' title='bbox 2227 3251 2462 3306; x_wconf 73' lang='lat' dir='ltr'><strong>accessio</strong></span> <span class='ocrx_word' id='word_1_636' title='bbox 2508 3251 2610 3305; x_wconf 90' lang='lat' dir='ltr'><strong>illis</strong></span> <span class='ocrx_word' id='word_1_637' title='bbox 2642 3251 2985 3319; x_wconf 89' lang='lat' dir='ltr'><strong>pecuniarum</strong></span> <span class='ocrx_word' id='word_1_638' title='bbox 3027 3250 3116 3304; x_wconf 88' lang='lat' dir='ltr'><strong>liat</strong></span> <span class='ocrx_word' id='word_1_639' title='bbox 3144 3268 3156 3301; x_wconf 92' lang='lat'><strong>:</strong></span> <span class='ocrx_word' id='word_1_640' title='bbox 3187 3249 3289 3303; x_wconf 92' lang='lat' dir='ltr'><strong>hoc</strong></span> <span class='ocrx_word' id='word_1_641' title='bbox 3333 3263 3494 3319; x_wconf 91' lang='lat' dir='ltr'><strong>porro</strong></span> <span class='ocrx_word' id='word_1_642' title='bbox 3544 3249 3823 3320; x_wconf 87' lang='lat' dir='ltr'><strong>chirogra-</strong></span> 
     </span>
    </p>
   </div>
   <div class='ocr_carea' id='block_1_79' title="bbox 2233 3338 3822 3411">
    <p class='ocr_par' dir='ltr' id='par_1_79' title="bbox 2233 3338 3822 3411">
     <span class='ocr_line' id='line_1_79' title="bbox 2233 3338 3822 3411; baseline 0.001 -21"><span class='ocrx_word' id='word_1_643' title='bbox 2233 3341 2412 3411; x_wconf 65' lang='lat' dir='ltr'><strong>phum,</strong></span> <span class='ocrx_word' id='word_1_644' title='bbox 2437 3341 2624 3409; x_wconf 88' lang='lat' dir='ltr'><strong>quovis</strong></span> <span class='ocrx_word' id='word_1_645' title='bbox 2644 3355 2794 3410; x_wconf 87' lang='lat' dir='ltr'><strong>agro,</strong></span> <span class='ocrx_word' id='word_1_646' title='bbox 2819 3339 3091 3410; x_wconf 88' lang='lat' dir='ltr'><strong>quibusvis</strong></span> <span class='ocrx_word' id='word_1_647' title='bbox 3112 3340 3452 3409; x_wconf 87' lang='lat' dir='ltr'><strong>proventibus</strong></span> <span class='ocrx_word' id='word_1_648' title='bbox 3473 3338 3822 3404; x_wconf 76' lang='lat' dir='ltr'><strong>fructuosius,</strong></span> 
     </span>
    </p>
   </div>
   <div class='ocr_carea' id='block_1_80' title="bbox 2231 3430 3824 3500">
    <p class='ocr_par' dir='ltr' id='par_1_80' title="bbox 2231 3430 3824 3500">
     <span class='ocr_line' id='line_1_80' title="bbox 2231 3430 3824 3500; baseline -0.003 -14"><span class='ocrx_word' id='word_1_649' title='bbox 2231 3441 2284 3486; x_wconf 90' lang='lat' dir='ltr'><strong>et</strong></span> <span class='ocrx_word' id='word_1_650' title='bbox 2317 3441 2392 3486; x_wconf 90' lang='lat' dir='ltr'><strong>tot</strong></span> <span class='ocrx_word' id='word_1_651' title='bbox 2417 3433 2591 3485; x_wconf 86' lang='lat' dir='ltr'><strong>ferens</strong></span> <span class='ocrx_word' id='word_1_652' title='bbox 2623 3431 2860 3494; x_wconf 87' lang='lat' dir='ltr'><strong>fructus-,</strong></span> <span class='ocrx_word' id='word_1_653' title='bbox 2891 3431 3194 3500; x_wconf 88' lang='lat' dir='ltr'><strong>relinquere</strong></span> <span class='ocrx_word' id='word_1_654' title='bbox 3225 3430 3421 3484; x_wconf 84' lang='lat' dir='ltr'><strong>times?</strong></span> <span class='ocrx_word' id='word_1_655' title='bbox 3449 3445 3617 3500; x_wconf 88' lang='lat' dir='ltr'><strong>ecqua</strong></span> <span class='ocrx_word' id='word_1_656' title='bbox 3641 3431 3824 3485; x_wconf 82' lang='lat' dir='ltr'><strong>stulti-</strong></span> 
     </span>
    </p>
   </div>
   <div class='ocr_carea' id='block_1_81' title="bbox 2234 3522 3822 3593">
    <p class='ocr_par' dir='ltr' id='par_1_81' title="bbox 2234 3522 3822 3593">
     <span class='ocr_line' id='line_1_81' title="bbox 2234 3522 3822 3593; baseline -0.001 -15"><span class='ocrx_word' id='word_1_657' title='bbox 2234 3527 2337 3589; x_wconf 91' lang='lat' dir='ltr'><strong>tia,</strong></span> <span class='ocrx_word' id='word_1_658' title='bbox 2379 3539 2496 3593; x_wconf 74' lang='lat' dir='ltr'><strong>qua:</strong></span> <span class='ocrx_word' id='word_1_659' title='bbox 2539 3524 2740 3577; x_wconf 85' lang='lat' dir='ltr'><strong>insania</strong></span> <span class='ocrx_word' id='word_1_660' title='bbox 2793 3522 2905 3576; x_wconf 71' lang='grc' dir='ltr'><strong>Ι]ωο</strong></span> <span class='ocrx_word' id='word_1_661' title='bbox 2953 3523 3164 3576; x_wconf 83' lang='lat' dir='ltr'><strong>cst‘tEt</strong></span> <span class='ocrx_word' id='word_1_662' title='bbox 3210 3522 3311 3576; x_wconf 91' lang='lat' dir='ltr'><strong>hoc</strong></span> <span class='ocrx_word' id='word_1_663' title='bbox 3367 3537 3486 3576; x_wconf 91' lang='lat' dir='ltr'><strong>cum</strong></span> <span class='ocrx_word' id='word_1_664' title='bbox 3542 3523 3680 3577; x_wconf 89' lang='lat' dir='ltr'><strong>scias</strong></span> <span class='ocrx_word' id='word_1_665' title='bbox 3731 3532 3822 3588; x_wconf 93' lang='lat' dir='ltr'><strong>te,</strong></span> 
     </span>
    </p>
   </div>
   <div class='ocr_carea' id='block_1_82' title="bbox 2230 3613 3825 3683">
    <p class='ocr_par' dir='ltr' id='par_1_82' title="bbox 2230 3613 3825 3683">
     <span class='ocr_line' id='line_1_82' title="bbox 2230 3613 3825 3683; baseline -0.002 -13"><span class='ocrx_word' id='word_1_666' title='bbox 2230 3617 2436 3670; x_wconf 89' lang='lat' dir='ltr'><strong>etiamsi</strong></span> <span class='ocrx_word' id='word_1_667' title='bbox 2467 3615 2594 3670; x_wconf 92' lang='lat' dir='ltr'><strong>illud</strong></span> <span class='ocrx_word' id='word_1_668' title='bbox 2635 3615 2760 3669; x_wconf 87' lang='lat' dir='ltr'><strong>ﬁliis</strong></span> <span class='ocrx_word' id='word_1_669' title='bbox 2804 3613 3069 3683; x_wconf 84' lang='lat' dir='ltr'><strong>relinquas</strong></span> <span class='ocrx_word' id='word_1_670' title='bbox 3095 3654 3108 3677; x_wconf 94' lang='lat'><strong>,</strong></span> <span class='ocrx_word' id='word_1_671' title='bbox 3135 3613 3262 3667; x_wconf 91' lang='lat' dir='ltr'><strong>illud</strong></span> <span class='ocrx_word' id='word_1_672' title='bbox 3306 3622 3482 3668; x_wconf 88' lang='lat' dir='ltr'><strong>tamen</strong></span> <span class='ocrx_word' id='word_1_673' title='bbox 3531 3615 3825 3669; x_wconf 87' lang='lat' dir='ltr'><strong>abeuntem</strong></span> 
     </span>
    </p>
   </div>
   <div class='ocr_carea' id='block_1_83' title="bbox 2233 3704 3819 3776">
    <p class='ocr_par' dir='ltr' id='par_1_83' title="bbox 2233 3704 3819 3776">
     <span class='ocr_line' id='line_1_83' title="bbox 2233 3704 3819 3776; baseline -0.001 -15"><span class='ocrx_word' id='word_1_674' title='bbox 2233 3718 2402 3761; x_wconf 89' lang='lat' dir='ltr'><strong>tecum</strong></span> <span class='ocrx_word' id='word_1_675' title='bbox 2433 3722 2550 3762; x_wconf 86' lang='lat' dir='ltr'><strong>esse</strong></span> <span class='ocrx_word' id='word_1_676' title='bbox 2583 3715 2931 3776; x_wconf 83' lang='lat' dir='ltr'><strong>perlaturum.</strong></span> <span class='ocrx_word' id='word_1_677' title='bbox 2965 3704 3112 3760; x_wconf 84' lang='lat' dir='ltr'><strong>Talia</strong></span> <span class='ocrx_word' id='word_1_678' title='bbox 3134 3705 3327 3775; x_wconf 89' lang='lat' dir='ltr'><strong>quippe</strong></span> <span class='ocrx_word' id='word_1_679' title='bbox 3353 3714 3476 3761; x_wconf 91' lang='lat' dir='ltr'><strong>sunt</strong></span> <span class='ocrx_word' id='word_1_680' title='bbox 3501 3706 3819 3776; x_wconf 86' lang='lat' dir='ltr'><strong>spiritualia,</strong></span> 
     </span>
    </p>
   </div>
   <div class='ocr_carea' id='block_1_84' title="bbox 2230 3794 3823 3869">
    <p class='ocr_par' dir='ltr' id='par_1_84' title="bbox 2230 3794 3823 3869">
     <span class='ocr_line' id='line_1_84' title="bbox 2230 3794 3823 3869; baseline -0.001 -15"><span class='ocrx_word' id='word_1_681' title='bbox 2230 3814 2526 3869; x_wconf 87' lang='lat' dir='ltr'><strong>magnaque</strong></span> <span class='ocrx_word' id='word_1_682' title='bbox 2563 3799 2804 3867; x_wconf 88' lang='lat' dir='ltr'><strong>largitate</strong></span> <span class='ocrx_word' id='word_1_683' title='bbox 2834 3796 3098 3850; x_wconf 89' lang='lat' dir='ltr'><strong>fruuntur.</strong></span> <span class='ocrx_word' id='word_1_684' title='bbox 3130 3794 3208 3851; x_wconf 87' lang='lat' dir='ltr'><strong>Ne</strong></span> <span class='ocrx_word' id='word_1_685' title='bbox 3237 3797 3413 3865; x_wconf 89' lang='lat' dir='ltr'><strong>itaque</strong></span> <span class='ocrx_word' id='word_1_686' title='bbox 3445 3795 3516 3851; x_wconf 88' lang='lat' dir='ltr'><strong>ita</strong></span> <span class='ocrx_word' id='word_1_687' title='bbox 3555 3811 3823 3867; x_wconf 86' lang='lat' dir='ltr'><strong>pauperes</strong></span> 
     </span>
    </p>
   </div>
   <div class='ocr_carea' id='block_1_85' title="bbox 2229 3889 3825 3959">
    <p class='ocr_par' dir='ltr' id='par_1_85' title="bbox 2229 3889 3825 3959">
     <span class='ocr_line' id='line_1_85' title="bbox 2229 3889 3825 3959; baseline -0.001 -14"><span class='ocrx_word' id='word_1_688' title='bbox 2229 3893 2407 3947; x_wconf 89' lang='lat' dir='ltr'><strong>animo</strong></span> <span class='ocrx_word' id='word_1_689' title='bbox 2436 3893 2631 3955; x_wconf 90' lang='lat' dir='ltr'><strong>simus,</strong></span> <span class='ocrx_word' id='word_1_690' title='bbox 2661 3904 2831 3959; x_wconf 89' lang='lat' dir='ltr'><strong>neque</strong></span> <span class='ocrx_word' id='word_1_691' title='bbox 2863 3904 2986 3958; x_wconf 90' lang='lat' dir='ltr'><strong>erga</strong></span> <span class='ocrx_word' id='word_1_692' title='bbox 3017 3903 3114 3943; x_wconf 92' lang='lat' dir='ltr'><strong>nos</strong></span> <span class='ocrx_word' id='word_1_693' title='bbox 3142 3890 3284 3958; x_wconf 88' lang='lat' dir='ltr'><strong>ipsos</strong></span> <span class='ocrx_word' id='word_1_694' title='bbox 3313 3889 3586 3944; x_wconf 89' lang='lat' dir='ltr'><strong>inhumani</strong></span> <span class='ocrx_word' id='word_1_695' title='bbox 3624 3889 3825 3944; x_wconf 82' lang='lat' dir='ltr'><strong>evada—</strong></span> 
     </span>
    </p>
   </div>
   <div class='ocr_carea' id='block_1_86' title="bbox 2232 3981 3821 4051">
    <p class='ocr_par' dir='ltr' id='par_1_86' title="bbox 2232 3981 3821 4051">
     <span class='ocr_line' id='line_1_86' title="bbox 2232 3981 3821 4051; baseline -0.002 -14"><span class='ocrx_word' id='word_1_696' title='bbox 2232 3999 2368 4047; x_wconf 91' lang='lat' dir='ltr'><strong>mus,</strong></span> <span class='ocrx_word' id='word_1_697' title='bbox 2390 3981 2482 4037; x_wconf 89' lang='lat' dir='ltr'><strong>sed</strong></span> <span class='ocrx_word' id='word_1_698' title='bbox 2512 3981 2645 4035; x_wconf 91' lang='lat' dir='ltr'><strong>hanc</strong></span> <span class='ocrx_word' id='word_1_699' title='bbox 2673 3991 3027 4051; x_wconf 71' lang='lat' dir='ltr'><strong>qumstuosam</strong></span> <span class='ocrx_word' id='word_1_700' title='bbox 3057 3988 3412 4034; x_wconf 90' lang='lat' dir='ltr'><strong>mercaturam</strong></span> <span class='ocrx_word' id='word_1_701' title='bbox 3441 3981 3821 4050; x_wconf 87' lang='lat' dir='ltr'><strong>suscipiamus,</strong></span> 
     </span>
    </p>
   </div>
   <div class='ocr_carea' id='block_1_87' title="bbox 2232 4069 3822 4143">
    <p class='ocr_par' dir='ltr' id='par_1_87' title="bbox 2232 4069 3822 4143">
     <span class='ocr_line' id='line_1_87' title="bbox 2232 4069 3822 4143; baseline -0.002 -15"><span class='ocrx_word' id='word_1_702' title='bbox 2232 4084 2289 4128; x_wconf 94' lang='lat' dir='ltr'><strong>ut</strong></span> <span class='ocrx_word' id='word_1_703' title='bbox 2313 4086 2366 4128; x_wconf 93' lang='lat' dir='ltr'><strong>ct</strong></span> <span class='ocrx_word' id='word_1_704' title='bbox 2398 4073 2494 4143; x_wconf 84' lang='lat' dir='ltr'><strong>ipsi</strong></span> <span class='ocrx_word' id='word_1_705' title='bbox 2525 4073 2650 4126; x_wconf 91' lang='lat' dir='ltr'><strong>hinc</strong></span> <span class='ocrx_word' id='word_1_706' title='bbox 2677 4072 2964 4142; x_wconf 89' lang='lat' dir='ltr'><strong>migrantes</strong></span> <span class='ocrx_word' id='word_1_707' title='bbox 2996 4070 3140 4124; x_wconf 80' lang='lat' dir='ltr'><strong>illam</strong></span> <span class='ocrx_word' id='word_1_708' title='bbox 3179 4069 3482 4125; x_wconf 84' lang='lat' dir='ltr'><strong>auferamus</strong></span> <span class='ocrx_word' id='word_1_709' title='bbox 3503 4111 3518 4137; x_wconf 94' lang='lat'><strong>,</strong></span> <span class='ocrx_word' id='word_1_710' title='bbox 3542 4079 3596 4125; x_wconf 86' lang='lat' dir='ltr'><strong>et</strong></span> <span class='ocrx_word' id='word_1_711' title='bbox 3640 4080 3822 4126; x_wconf 89' lang='lat' dir='ltr'><strong>tamen</strong></span> 
     </span>
    </p>
   </div>
   <div class='ocr_carea' id='block_1_88' title="bbox 2234 4159 3822 4230">
    <p class='ocr_par' dir='ltr' id='par_1_88' title="bbox 2234 4159 3822 4230">
     <span class='ocr_line' id='line_1_88' title="bbox 2234 4159 3822 4230; baseline -0.001 -13"><span class='ocrx_word' id='word_1_712' title='bbox 2234 4164 2355 4218; x_wconf 88' lang='lat' dir='ltr'><strong>filiis</strong></span> <span class='ocrx_word' id='word_1_713' title='bbox 2407 4163 2800 4230; x_wconf 88' lang='lat' dir='ltr'><strong>relinquamus,</strong></span> <span class='ocrx_word' id='word_1_714' title='bbox 2849 4159 3132 4230; x_wconf 90' lang='lat' dir='ltr'><strong>futuraque</strong></span> <span class='ocrx_word' id='word_1_715' title='bbox 3185 4175 3580 4230; x_wconf 89' lang='lat' dir='ltr'><strong>consequamur</strong></span> <span class='ocrx_word' id='word_1_716' title='bbox 3639 4161 3822 4228; x_wconf 86' lang='lat' dir='ltr'><strong>bona,</strong></span> 
     </span>
    </p>
   </div>
   <div class='ocr_carea' id='block_1_89' title="bbox 2231 4251 3823 4327">
    <p class='ocr_par' dir='ltr' id='par_1_89' title="bbox 2231 4251 3823 4327">
     <span class='ocr_line' id='line_1_89' title="bbox 2231 4251 3823 4327; baseline 0 -18"><span class='ocrx_word' id='word_1_717' title='bbox 2231 4257 2398 4327; x_wconf 87' lang='lat' dir='ltr'><strong>gratia</strong></span> <span class='ocrx_word' id='word_1_718' title='bbox 2449 4264 2505 4309; x_wconf 89' lang='lat' dir='ltr'><strong>et</strong></span> <span class='ocrx_word' id='word_1_719' title='bbox 2544 4252 2907 4308; x_wconf 90' lang='lat' dir='ltr'><strong>misericordia</strong></span> <span class='ocrx_word' id='word_1_720' title='bbox 2953 4252 3156 4307; x_wconf 84' lang='lat' dir='ltr'><strong>Domini</strong></span> <span class='ocrx_word' id='word_1_721' title='bbox 3202 4253 3368 4307; x_wconf 91' lang='lat' dir='ltr'><strong>nostri</strong></span> <span class='ocrx_word' id='word_1_722' title='bbox 3414 4251 3539 4309; x_wconf 85' lang='lat' dir='ltr'><strong>.lesu</strong></span> <span class='ocrx_word' id='word_1_723' title='bbox 3580 4251 3823 4322; x_wconf 86' lang='lat' dir='ltr'><strong>Christi,</strong></span> 
     </span>
    </p>
   </div>
   <div class='ocr_carea' id='block_1_90' title="bbox 2229 4329 3822 4420">
    <p class='ocr_par' dir='ltr' id='par_1_90' title="bbox 2229 4329 3822 4420">
     <span class='ocr_line' id='line_1_90' title="bbox 2229 4329 3822 4420; baseline -0.001 -21"><span class='ocrx_word' id='word_1_724' title='bbox 2229 4350 2442 4420; x_wconf 87' lang='lat' dir='ltr'><strong>quicum</strong></span> <span class='ocrx_word' id='word_1_725' title='bbox 2492 4345 2632 4400; x_wconf 85' lang='lat' dir='ltr'><strong>Patri</strong></span> <span class='ocrx_word' id='word_1_726' title='bbox 2675 4352 2732 4398; x_wconf 91' lang='lat' dir='ltr'><strong>et</strong></span> <span class='ocrx_word' id='word_1_727' title='bbox 2769 4329 2988 4413; x_wconf 88' lang='lat' dir='ltr'><strong>Spiritui</strong></span> <span class='ocrx_word' id='word_1_728' title='bbox 3016 4353 3199 4398; x_wconf 90' lang='lat' dir='ltr'><strong>sancto</strong></span> <span class='ocrx_word' id='word_1_729' title='bbox 3243 4343 3410 4414; x_wconf 86' lang='lat' dir='ltr'><strong>gloria</strong></span> <span class='ocrx_word' id='word_1_730' title='bbox 3437 4385 3451 4409; x_wconf 89' lang='lat'><strong>,</strong></span> <span class='ocrx_word' id='word_1_731' title='bbox 3494 4343 3778 4412; x_wconf 87' lang='lat' dir='ltr'><strong>imperium</strong></span> <span class='ocrx_word' id='word_1_732' title='bbox 3805 4386 3822 4412; x_wconf 93' lang='lat'><strong>,</strong></span> 
     </span>
    </p>
   </div>
   <div class='ocr_carea' id='block_1_91' title="bbox 2231 4434 3820 4504">
    <p class='ocr_par' dir='ltr' id='par_1_91' title="bbox 2231 4434 3820 4504">
     <span class='ocr_line' id='line_1_91' title="bbox 2231 4434 3820 4504; baseline -0.003 -10"><span class='ocrx_word' id='word_1_733' title='bbox 2231 4440 2438 4504; x_wconf 90' lang='lat' dir='ltr'><strong>honor,</strong></span> <span class='ocrx_word' id='word_1_734' title='bbox 2473 4451 2613 4491; x_wconf 89' lang='lat' dir='ltr'><strong>nunc</strong></span> <span class='ocrx_word' id='word_1_735' title='bbox 2663 4444 2717 4490; x_wconf 88' lang='lat' dir='ltr'><strong>et</strong></span> <span class='ocrx_word' id='word_1_736' title='bbox 2763 4449 3011 4504; x_wconf 85' lang='lat' dir='ltr'><strong>semper,</strong></span> <span class='ocrx_word' id='word_1_737' title='bbox 3037 4443 3089 4488; x_wconf 92' lang='lat' dir='ltr'><strong>et</strong></span> <span class='ocrx_word' id='word_1_738' title='bbox 3130 4434 3181 4488; x_wconf 93' lang='lat' dir='ltr'><strong>in</strong></span> <span class='ocrx_word' id='word_1_739' title='bbox 3225 4435 3419 4489; x_wconf 68' lang='lat' dir='ltr'><strong>saecula</strong></span> <span class='ocrx_word' id='word_1_740' title='bbox 3475 4435 3820 4490; x_wconf 65' lang='lat' dir='ltr'><strong>sa‘culorum.</strong></span> 
     </span>
    </p>
   </div>
   <div class='ocr_carea' id='block_1_92' title="bbox 2231 4535 2422 4587">
    <p class='ocr_par' dir='ltr' id='par_1_92' title="bbox 2231 4535 2422 4587">
     <span class='ocr_line' id='line_1_92' title="bbox 2231 4535 2422 4587; baseline -0.016 -1"><span class='ocrx_word' id='word_1_741' title='bbox 2231 4535 2422 4587; x_wconf 84' lang='lat' dir='ltr'><strong>Amen.</strong></span> 
     </span>
    </p>
   </div>
   <div class='ocr_carea' id='block_1_93' title="bbox 541 4892 2121 4980">
    <p class='ocr_par' dir='ltr' id='par_1_93' title="bbox 541 4892 2121 4980">
     <span class='ocr_line' id='line_1_93' title="bbox 541 4892 2121 4980; baseline -0.016 -12"><span class='ocrx_word' id='word_1_742' title='bbox 541 4915 666 4968; x_wconf 60' lang='lat' dir='ltr'><strong>Cvr.</strong></span> <span class='ocrx_word' id='word_1_743' title='bbox 688 4912 778 4966; x_wconf 75' lang='lat'><strong>21.</strong></span> <span class='ocrx_word' id='word_1_744' title='bbox 809 4926 842 4964; x_wconf 91' lang='lat' dir='ltr'><strong>v</strong></span> <span class='ocrx_word' id='word_1_745' title='bbox 898 4909 983 4964; x_wconf 68' lang='lat'><strong>12.</strong></span> <span class='ocrx_word' id='word_1_746' title='bbox 1017 4908 1080 4962; x_wconf 87' lang='lat' dir='ltr'><strong>Et</strong></span> <span class='ocrx_word' id='word_1_747' title='bbox 1107 4910 1360 4980; x_wconf 78' lang='lat' dir='ltr'><strong>ingressus</strong></span> <span class='ocrx_word' id='word_1_748' title='bbox 1384 4905 1534 4959; x_wconf 87' lang='lat' dir='ltr'><strong>Jesus</strong></span> <span class='ocrx_word' id='word_1_749' title='bbox 1571 4904 1625 4956; x_wconf 87' lang='lat' dir='ltr'><strong>in</strong></span> <span class='ocrx_word' id='word_1_750' title='bbox 1671 4900 1944 4968; x_wconf 83' lang='lat' dir='ltr'><strong>templum,</strong></span> <span class='ocrx_word' id='word_1_751' title='bbox 1977 4892 2121 4966; x_wconf 85' lang='lat' dir='ltr'><strong>ejecit</strong></span> 
     </span>
    </p>
   </div>
   <div class='ocr_carea' id='block_1_94' title="bbox 610 4989 2120 5060">
    <p class='ocr_par' dir='ltr' id='par_1_94' title="bbox 610 4989 2120 5060">
     <span class='ocr_line' id='line_1_94' title="bbox 610 4989 2120 5060; baseline -0.013 -2"><span class='ocrx_word' id='word_1_752' title='bbox 610 5019 780 5057; x_wconf 78' lang='lat' dir='ltr'><strong>omnes</strong></span> <span class='ocrx_word' id='word_1_753' title='bbox 801 5001 1068 5055; x_wconf 75' lang='lat' dir='ltr'><strong>uendentes</strong></span> <span class='ocrx_word' id='word_1_754' title='bbox 1093 5007 1138 5052; x_wconf 84' lang='lat' dir='ltr'><strong>et</strong></span> <span class='ocrx_word' id='word_1_755' title='bbox 1165 5005 1397 5060; x_wconf 83' lang='lat' dir='ltr'><strong>ementes,</strong></span> <span class='ocrx_word' id='word_1_756' title='bbox 1423 5007 1470 5049; x_wconf 91' lang='lat' dir='ltr'><strong>et</strong></span> <span class='ocrx_word' id='word_1_757' title='bbox 1499 5009 1696 5049; x_wconf 78' lang='lat' dir='ltr'><strong>mensas</strong></span> <span class='ocrx_word' id='word_1_758' title='bbox 1719 4989 2120 5045; x_wconf 81' lang='lat' dir='ltr'><strong>nuntulariorum</strong></span> 
     </span>
    </p>
   </div>
   <div class='ocr_carea' id='block_1_95' title="bbox 615 5079 2118 5156">
    <p class='ocr_par' dir='ltr' id='par_1_95' title="bbox 615 5079 2118 5156">
     <span class='ocr_line' id='line_1_95' title="bbox 615 5079 2118 5156; baseline -0.011 -10"><span class='ocrx_word' id='word_1_759' title='bbox 615 5094 807 5156; x_wconf 80' lang='lat' dir='ltr'><strong>evertit,</strong></span> <span class='ocrx_word' id='word_1_760' title='bbox 834 5101 879 5144; x_wconf 86' lang='lat' dir='ltr'><strong>et</strong></span> <span class='ocrx_word' id='word_1_761' title='bbox 907 5090 1173 5143; x_wconf 84' lang='lat' dir='ltr'><strong>cathedras</strong></span> <span class='ocrx_word' id='word_1_762' title='bbox 1193 5087 1511 5142; x_wconf 82' lang='lat' dir='ltr'><strong>vendentium</strong></span> <span class='ocrx_word' id='word_1_763' title='bbox 1535 5085 1813 5147; x_wconf 84' lang='lat' dir='ltr'><strong>columbas,</strong></span> <span class='ocrx_word' id='word_1_764' title='bbox 1842 5082 1928 5136; x_wconf 79' lang='grc'><strong>15.</strong></span> <span class='ocrx_word' id='word_1_765' title='bbox 1962 5089 2008 5132; x_wconf 87' lang='lat' dir='ltr'><strong>et</strong></span> <span class='ocrx_word' id='word_1_766' title='bbox 2039 5079 2118 5131; x_wconf 89' lang='lat' dir='ltr'><strong>di—</strong></span> 
     </span>
    </p>
   </div>
   <div class='ocr_carea' id='block_1_96' title="bbox 612 5172 2122 5249">
    <p class='ocr_par' dir='ltr' id='par_1_96' title="bbox 612 5172 2122 5249">
     <span class='ocr_line' id='line_1_96' title="bbox 612 5172 2122 5249; baseline -0.009 -13"><span class='ocrx_word' id='word_1_767' title='bbox 612 5185 677 5236; x_wconf 87' lang='lat' dir='ltr'><strong>cit</strong></span> <span class='ocrx_word' id='word_1_768' title='bbox 706 5183 774 5236; x_wconf 82' lang='lat' dir='ltr'><strong>cis</strong></span> <span class='ocrx_word' id='word_1_769' title='bbox 803 5198 820 5235; x_wconf 92' lang='lat'><strong><em>:</em></strong></span> <span class='ocrx_word' id='word_1_770' title='bbox 850 5179 1109 5249; x_wconf 84' lang='lat' dir='ltr'><strong>Scriptum</strong></span> <span class='ocrx_word' id='word_1_771' title='bbox 1137 5188 1208 5232; x_wconf 83' lang='lat' dir='ltr'><strong>est</strong></span> <span class='ocrx_word' id='word_1_772' title='bbox 1229 5179 1270 5244; x_wconf 75' lang='grc' dir='ltr'><strong>ί,</strong></span> <span class='ocrx_word' id='word_1_773' title='bbox 1306 5177 1496 5232; x_wconf 80' lang='lat' dir='ltr'><strong>Domus</strong></span> <span class='ocrx_word' id='word_1_774' title='bbox 1525 5194 1632 5230; x_wconf 84' lang='lat' dir='ltr'><strong>utea</strong></span> <span class='ocrx_word' id='word_1_775' title='bbox 1667 5176 1845 5229; x_wconf 84' lang='lat' dir='ltr'><strong>domus</strong></span> <span class='ocrx_word' id='word_1_776' title='bbox 1882 5172 2122 5226; x_wconf 83' lang='lat' dir='ltr'><strong>orationis</strong></span> 
     </span>
    </p>
   </div>
   <div class='ocr_carea' id='block_1_97' title="bbox 614 5265 2121 5341">
    <p class='ocr_par' dir='ltr' id='par_1_97' title="bbox 614 5265 2121 5341">
     <span class='ocr_line' id='line_1_97' title="bbox 614 5265 2121 5341; baseline -0.007 -16"><span class='ocrx_word' id='word_1_777' title='bbox 614 5273 866 5325; x_wconf 74' lang='lat' dir='ltr'><strong>vocabitur</strong></span> <span class='ocrx_word' id='word_1_778' title='bbox 896 5269 1044 5340; x_wconf 85' lang='lat' dir='ltr'><strong>(Isai.</strong></span> <span class='ocrx_word' id='word_1_779' title='bbox 1077 5269 1164 5324; x_wconf 82' lang='lat'><strong>56.</strong></span> <span class='ocrx_word' id='word_1_780' title='bbox 1193 5268 1247 5341; x_wconf 87' lang='lat'><strong>7)</strong></span> <span class='ocrx_word' id='word_1_781' title='bbox 1275 5288 1287 5322; x_wconf 74' lang='grc' dir='ltr'><strong><em>τ</em></strong></span> <span class='ocrx_word' id='word_1_782' title='bbox 1321 5285 1406 5322; x_wconf 83' lang='lat' dir='ltr'><strong>vos</strong></span> <span class='ocrx_word' id='word_1_783' title='bbox 1433 5278 1597 5322; x_wconf 87' lang='lat' dir='ltr'><strong>autem</strong></span> <span class='ocrx_word' id='word_1_784' title='bbox 1622 5266 1810 5338; x_wconf 80' lang='lat' dir='ltr'><strong>fecistis</strong></span> <span class='ocrx_word' id='word_1_785' title='bbox 1843 5265 1984 5318; x_wconf 81' lang='lat' dir='ltr'><strong>illam</strong></span> <span class='ocrx_word' id='word_1_786' title='bbox 2011 5279 2121 5332; x_wconf 83' lang='lat' dir='ltr'><strong>spe-</strong></span> 
     </span>
    </p>
   </div>
   <div class='ocr_carea' id='block_1_98' title="bbox 617 5363 1121 5416">
    <p class='ocr_par' dir='ltr' id='par_1_98' title="bbox 617 5363 1121 5416">
     <span class='ocr_line' id='line_1_98' title="bbox 617 5363 1121 5416; baseline -0.004 0"><span class='ocrx_word' id='word_1_787' title='bbox 617 5367 812 5416; x_wconf 84' lang='lat' dir='ltr'><strong>luncam</strong></span> <span class='ocrx_word' id='word_1_788' title='bbox 835 5363 1121 5416; x_wconf 69' lang='lat' dir='ltr'><strong>latronum.</strong></span> 
     </span>
    </p>
   </div>
   <div class='ocr_carea' id='block_1_99' title="bbox 617 5493 2126 5568">
    <p class='ocr_par' dir='ltr' id='par_1_99' title="bbox 617 5493 2126 5568">
     <span class='ocr_line' id='line_1_99' title="bbox 617 5493 2126 5568; baseline 0 -20"><span class='ocrx_word' id='word_1_789' title='bbox 617 5496 668 5548; x_wconf 92' lang='grc'><strong>1.</strong></span> <span class='ocrx_word' id='word_1_790' title='bbox 701 5494 811 5550; x_wconf 88' lang='lat' dir='ltr'><strong>Hoc</strong></span> <span class='ocrx_word' id='word_1_791' title='bbox 847 5505 901 5550; x_wconf 91' lang='lat' dir='ltr'><strong>et</strong></span> <span class='ocrx_word' id='word_1_792' title='bbox 938 5495 1170 5551; x_wconf 86' lang='lat' dir='ltr'><strong>Joannes</strong></span> <span class='ocrx_word' id='word_1_793' title='bbox 1201 5495 1365 5568; x_wconf 85' lang='lat' dir='ltr'><strong>(Cap.</strong></span> <span class='ocrx_word' id='word_1_794' title='bbox 1397 5495 1451 5548; x_wconf 75' lang='lat'><strong>2.</strong></span> <span class='ocrx_word' id='word_1_795' title='bbox 1486 5494 1685 5567; x_wconf 73' lang='lat' dir='ltr'><strong>H-lﬁ)</strong></span> <span class='ocrx_word' id='word_1_796' title='bbox 1725 5495 1884 5561; x_wconf 89' lang='lat' dir='ltr'><strong>dicit;</strong></span> <span class='ocrx_word' id='word_1_797' title='bbox 1916 5493 2006 5548; x_wconf 84' lang='lat' dir='ltr'><strong>sed</strong></span> <span class='ocrx_word' id='word_1_798' title='bbox 2040 5493 2126 5548; x_wconf 89' lang='lat' dir='ltr'><strong>ille</strong></span> 
     </span>
    </p>
   </div>
   <div class='ocr_carea' id='block_1_100' title="bbox 545 5586 2123 5658">
    <p class='ocr_par' dir='ltr' id='par_1_100' title="bbox 545 5586 2123 5658">
     <span class='ocr_line' id='line_1_100' title="bbox 545 5586 2123 5658; baseline -0.001 -19"><span class='ocrx_word' id='word_1_799' title='bbox 545 5586 756 5658; x_wconf 90' lang='lat' dir='ltr'><strong>quidem</strong></span> <span class='ocrx_word' id='word_1_800' title='bbox 806 5587 859 5640; x_wconf 91' lang='lat' dir='ltr'><strong>in</strong></span> <span class='ocrx_word' id='word_1_801' title='bbox 906 5587 1160 5657; x_wconf 89' lang='lat' dir='ltr'><strong>principio</strong></span> <span class='ocrx_word' id='word_1_802' title='bbox 1208 5588 1503 5658; x_wconf 84' lang='lat' dir='ltr'><strong>Evangelii,</strong></span> <span class='ocrx_word' id='word_1_803' title='bbox 1548 5587 1634 5641; x_wconf 89' lang='lat' dir='ltr'><strong>hic</strong></span> <span class='ocrx_word' id='word_1_804' title='bbox 1672 5596 1848 5642; x_wconf 91' lang='lat' dir='ltr'><strong>autem</strong></span> <span class='ocrx_word' id='word_1_805' title='bbox 1896 5587 1947 5640; x_wconf 88' lang='lat' dir='ltr'><strong>iu</strong></span> <span class='ocrx_word' id='word_1_806' title='bbox 1998 5586 2123 5642; x_wconf 88' lang='lat' dir='ltr'><strong>ﬁne.</strong></span> 
     </span>
    </p>
   </div>
   <div class='ocr_carea' id='block_1_101' title="bbox 549 5677 2126 5746">
    <p class='ocr_par' dir='ltr' id='par_1_101' title="bbox 549 5677 2126 5746">
     <span class='ocr_line' id='line_1_101' title="bbox 549 5677 2126 5746; baseline 0.001 -14"><span class='ocrx_word' id='word_1_807' title='bbox 549 5677 700 5733; x_wconf 67' lang='lat' dir='ltr'><strong>Linde</strong></span> <span class='ocrx_word' id='word_1_808' title='bbox 730 5678 1018 5733; x_wconf 86' lang='lat' dir='ltr'><strong>vensimile</strong></span> <span class='ocrx_word' id='word_1_809' title='bbox 1047 5691 1127 5732; x_wconf 69' lang='grc' dir='ltr'><strong>ρει</strong></span> <span class='ocrx_word' id='word_1_810' title='bbox 1160 5681 1257 5733; x_wconf 84' lang='lat' dir='ltr'><strong>hoc</strong></span> <span class='ocrx_word' id='word_1_811' title='bbox 1285 5679 1365 5732; x_wconf 90' lang='lat' dir='ltr'><strong>bis</strong></span> <span class='ocrx_word' id='word_1_812' title='bbox 1393 5681 1584 5734; x_wconf 85' lang='lat' dir='ltr'><strong>factum</strong></span> <span class='ocrx_word' id='word_1_813' title='bbox 1615 5679 1801 5746; x_wconf 82' lang='lat' dir='ltr'><strong>fuisse,</strong></span> <span class='ocrx_word' id='word_1_814' title='bbox 1825 5689 1877 5735; x_wconf 89' lang='lat' dir='ltr'><strong>et</strong></span> <span class='ocrx_word' id='word_1_815' title='bbox 1900 5679 2126 5735; x_wconf 83' lang='lat' dir='ltr'><strong>diversis</strong></span> 
     </span>
    </p>
   </div>
   <div class='ocr_carea' id='block_1_102' title="bbox 613 5813 1614 5877">
    <p class='ocr_par' dir='ltr' id='par_1_102' title="bbox 613 5813 1614 5877">
     <span class='ocr_line' id='line_1_102' title="bbox 613 5813 1614 5877; baseline 0.003 -14"><span class='ocrx_word' id='word_1_816' title='bbox 613 5817 629 5848; x_wconf 80' lang='grc' dir='ltr'>ί</span> <span class='ocrx_word' id='word_1_817' title='bbox 665 5813 716 5863; x_wconf 86' lang='lat' dir='ltr'><strong>In</strong></span> <span class='ocrx_word' id='word_1_818' title='bbox 738 5814 897 5864; x_wconf 66' lang='lat' dir='ltr'><strong>alorci.</strong></span> <span class='ocrx_word' id='word_1_819' title='bbox 929 5830 1022 5864; x_wconf 90' lang='lat' dir='ltr'><strong>non</strong></span> <span class='ocrx_word' id='word_1_820' title='bbox 1049 5816 1249 5877; x_wconf 79' lang='lat' dir='ltr'><strong>legitur,</strong></span> <span class='ocrx_word' id='word_1_821' title='bbox 1277 5815 1503 5877; x_wconf 76' lang='lat' dir='ltr'><strong>scriptum</strong></span> <span class='ocrx_word' id='word_1_822' title='bbox 1528 5824 1614 5866; x_wconf 79' lang='lat' dir='ltr'><strong>est.</strong></span> 
     </span>
    </p>
   </div>
   <div class='ocr_carea' id='block_1_103' title="bbox 2227 4877 3823 4952">
    <p class='ocr_par' dir='ltr' id='par_1_103' title="bbox 2227 4877 3823 4952">
     <span class='ocr_line' id='line_1_103' title="bbox 2227 4877 3823 4952; baseline 0 -15"><span class='ocrx_word' id='word_1_823' title='bbox 2227 4882 2557 4952; x_wconf 88' lang='lat' dir='ltr'><strong>temporibus</strong></span> <span class='ocrx_word' id='word_1_824' title='bbox 2585 4897 2598 4932; x_wconf 88' lang='lat'><strong>:</strong></span> <span class='ocrx_word' id='word_1_825' title='bbox 2629 4877 2768 4948; x_wconf 90' lang='lat' dir='ltr'><strong>quod</strong></span> <span class='ocrx_word' id='word_1_826' title='bbox 2801 4877 2970 4948; x_wconf 91' lang='lat' dir='ltr'><strong>palam</strong></span> <span class='ocrx_word' id='word_1_827' title='bbox 2994 4892 3114 4932; x_wconf 89' lang='lat' dir='ltr'><strong>esse</strong></span> <span class='ocrx_word' id='word_1_828' title='bbox 3138 4877 3345 4934; x_wconf 89' lang='lat' dir='ltr'><strong>videtur</strong></span> <span class='ocrx_word' id='word_1_829' title='bbox 3369 4888 3478 4934; x_wconf 90' lang='lat' dir='ltr'><strong>tum</strong></span> <span class='ocrx_word' id='word_1_830' title='bbox 3499 4895 3527 4933; x_wconf 91' lang='lat' dir='ltr'><strong>a</strong></span> <span class='ocrx_word' id='word_1_831' title='bbox 3552 4887 3823 4950; x_wconf 80' lang='lat' dir='ltr'><strong>tempore,</strong></span> 
     </span>
    </p>
   </div>
   <div class='ocr_carea' id='block_1_104' title="bbox 2231 4968 3826 5039">
    <p class='ocr_par' dir='ltr' id='par_1_104' title="bbox 2231 4968 3826 5039">
     <span class='ocr_line' id='line_1_104' title="bbox 2231 4968 3826 5039; baseline -0.001 -10"><span class='ocrx_word' id='word_1_832' title='bbox 2231 4984 2338 5029; x_wconf 92' lang='lat' dir='ltr'><strong>tum</strong></span> <span class='ocrx_word' id='word_1_833' title='bbox 2371 4973 2530 5026; x_wconf 90' lang='lat' dir='ltr'><strong>etiam</strong></span> <span class='ocrx_word' id='word_1_834' title='bbox 2558 4984 2587 5023; x_wconf 89' lang='lat' dir='ltr'><strong>a</strong></span> <span class='ocrx_word' id='word_1_835' title='bbox 2615 4969 2981 5038; x_wconf 89' lang='lat' dir='ltr'><strong>responsione.</strong></span> <span class='ocrx_word' id='word_1_836' title='bbox 3035 4968 3149 5022; x_wconf 89' lang='lat' dir='ltr'><strong>lllic</strong></span> <span class='ocrx_word' id='word_1_837' title='bbox 3191 4969 3332 5024; x_wconf 90' lang='lat' dir='ltr'><strong>enim</strong></span> <span class='ocrx_word' id='word_1_838' title='bbox 3380 4971 3496 5039; x_wconf 90' lang='lat' dir='ltr'><strong>ipso</strong></span> <span class='ocrx_word' id='word_1_839' title='bbox 3539 4970 3826 5027; x_wconf 81' lang='lat' dir='ltr'><strong>Paschalis</strong></span> 
     </span>
    </p>
   </div>
   <div class='ocr_carea' id='block_1_105' title="bbox 2239 5059 3827 5134">
    <p class='ocr_par' dir='ltr' id='par_1_105' title="bbox 2239 5059 3827 5134">
     <span class='ocr_line' id='line_1_105' title="bbox 2239 5059 3827 5134; baseline 0 -15"><span class='ocrx_word' id='word_1_840' title='bbox 2239 5075 2479 5134; x_wconf 91' lang='lat' dir='ltr'><strong>tempore</strong></span> <span class='ocrx_word' id='word_1_841' title='bbox 2500 5061 2712 5116; x_wconf 86' lang='lat' dir='ltr'><strong>advenit</strong></span> <span class='ocrx_word' id='word_1_842' title='bbox 2736 5079 2746 5112; x_wconf 91' lang='lat'>:</span> <span class='ocrx_word' id='word_1_843' title='bbox 2769 5059 2856 5114; x_wconf 91' lang='lat' dir='ltr'><strong>hic</strong></span> <span class='ocrx_word' id='word_1_844' title='bbox 2877 5076 3003 5115; x_wconf 89' lang='lat' dir='ltr'><strong>vero</strong></span> <span class='ocrx_word' id='word_1_845' title='bbox 3024 5059 3112 5113; x_wconf 91' lang='lat' dir='ltr'><strong>diu</strong></span> <span class='ocrx_word' id='word_1_846' title='bbox 3136 5070 3257 5116; x_wconf 89' lang='lat' dir='ltr'><strong>ante</strong></span> <span class='ocrx_word' id='word_1_847' title='bbox 3287 5061 3507 5116; x_wconf 79' lang='lat' dir='ltr'><strong>Pascha.</strong></span> <span class='ocrx_word' id='word_1_848' title='bbox 3532 5061 3604 5117; x_wconf 88' lang='lat' dir='ltr'><strong>lbi</strong></span> <span class='ocrx_word' id='word_1_849' title='bbox 3633 5063 3827 5120; x_wconf 89' lang='lat' dir='ltr'><strong>dicunt</strong></span> 
     </span>
    </p>
   </div>
   <div class='ocr_carea' id='block_1_106' title="bbox 2230 5153 3828 5227">
    <p class='ocr_par' dir='ltr' id='par_1_106' title="bbox 2230 5153 3828 5227">
     <span class='ocr_line' id='line_1_106' title="bbox 2230 5153 3828 5227; baseline -0.001 -13"><span class='ocrx_word' id='word_1_850' title='bbox 2230 5157 2420 5221; x_wconf 70' lang='lat' dir='ltr'><strong>Judzei,</strong></span> <span class='ocrx_word' id='word_1_851' title='bbox 2456 5155 2605 5221; x_wconf 80' lang='lat' dir='ltr'><strong>Quod</strong></span> <span class='ocrx_word' id='word_1_852' title='bbox 2635 5155 2833 5225; x_wconf 83' lang='lat' dir='ltr'><strong>signum</strong></span> <span class='ocrx_word' id='word_1_853' title='bbox 2858 5155 3076 5210; x_wconf 80' lang='lat' dir='ltr'><strong>ostendis</strong></span> <span class='ocrx_word' id='word_1_854' title='bbox 3106 5155 3248 5209; x_wconf 84' lang='lat' dir='ltr'><strong>nobis</strong></span> <span class='ocrx_word' id='word_1_855' title='bbox 3279 5154 3447 5226; x_wconf 87' lang='lat' dir='ltr'><strong>(Ibid.</strong></span> <span class='ocrx_word' id='word_1_856' title='bbox 3477 5172 3524 5209; x_wconf 80' lang='grc' dir='ltr'><strong>υ.</strong></span> <span class='ocrx_word' id='word_1_857' title='bbox 3558 5155 3623 5211; x_wconf 84' lang='grc'><strong>18</strong></span> <span class='ocrx_word' id='word_1_858' title='bbox 3643 5153 3704 5227; x_wconf 81' lang='lat'><strong>)?</strong></span> <span class='ocrx_word' id='word_1_859' title='bbox 3735 5156 3828 5212; x_wconf 87' lang='lat' dir='ltr'><strong>hic</strong></span> 
     </span>
    </p>
   </div>
   <div class='ocr_carea' id='block_1_107' title="bbox 2229 5249 3830 5320">
    <p class='ocr_par' dir='ltr' id='par_1_107' title="bbox 2229 5249 3830 5320">
     <span class='ocr_line' id='line_1_107' title="bbox 2229 5249 3830 5320; baseline -0.001 -13"><span class='ocrx_word' id='word_1_860' title='bbox 2229 5267 2358 5307; x_wconf 87' lang='lat' dir='ltr'><strong>vero</strong></span> <span class='ocrx_word' id='word_1_861' title='bbox 2406 5259 2621 5316; x_wconf 89' lang='lat' dir='ltr'><strong>tacent,</strong></span> <span class='ocrx_word' id='word_1_862' title='bbox 2664 5249 2870 5304; x_wconf 85' lang='lat' dir='ltr'><strong>etiamsi</strong></span> <span class='ocrx_word' id='word_1_863' title='bbox 2913 5249 3252 5317; x_wconf 89' lang='lat' dir='ltr'><strong>increpentur</strong></span> <span class='ocrx_word' id='word_1_864' title='bbox 3282 5268 3293 5302; x_wconf 92' lang='lat'>:</span> <span class='ocrx_word' id='word_1_865' title='bbox 3323 5263 3388 5304; x_wconf 89' lang='lat' dir='ltr'><strong>eo</strong></span> <span class='ocrx_word' id='word_1_866' title='bbox 3429 5249 3569 5320; x_wconf 92' lang='lat' dir='ltr'><strong>quod</strong></span> <span class='ocrx_word' id='word_1_867' title='bbox 3615 5250 3830 5307; x_wconf 88' lang='lat' dir='ltr'><strong>scilicet</strong></span> 
     </span>
    </p>
   </div>
   <div class='ocr_carea' id='block_1_108' title="bbox 2232 5341 3829 5417">
    <p class='ocr_par' dir='ltr' id='par_1_108' title="bbox 2232 5341 3829 5417">
     <span class='ocr_line' id='line_1_108' title="bbox 2232 5341 3829 5417; baseline -0.001 -17"><span class='ocrx_word' id='word_1_868' title='bbox 2232 5345 2370 5417; x_wconf 90' lang='lat' dir='ltr'><strong>apud</strong></span> <span class='ocrx_word' id='word_1_869' title='bbox 2398 5358 2584 5398; x_wconf 87' lang='lat' dir='ltr'><strong>omnes</strong></span> <span class='ocrx_word' id='word_1_870' title='bbox 2617 5344 2671 5397; x_wconf 91' lang='lat' dir='ltr'><strong>in</strong></span> <span class='ocrx_word' id='word_1_871' title='bbox 2696 5341 3048 5396; x_wconf 89' lang='lat' dir='ltr'><strong>admiratione</strong></span> <span class='ocrx_word' id='word_1_872' title='bbox 3085 5351 3247 5396; x_wconf 89' lang='lat' dir='ltr'><strong>esset.</strong></span> <span class='ocrx_word' id='word_1_873' title='bbox 3295 5341 3418 5396; x_wconf 66' lang='lat' dir='ltr'><strong>llmc</strong></span> <span class='ocrx_word' id='word_1_874' title='bbox 3451 5351 3625 5396; x_wconf 90' lang='lat' dir='ltr'><strong>autem</strong></span> <span class='ocrx_word' id='word_1_875' title='bbox 3657 5357 3829 5398; x_wconf 82' lang='lat' dir='ltr'><strong>accu-</strong></span> 
     </span>
    </p>
   </div>
   <div class='ocr_carea' id='block_1_109' title="bbox 2235 5433 3831 5507">
    <p class='ocr_par' dir='ltr' id='par_1_109' title="bbox 2235 5433 3831 5507">
     <span class='ocr_line' id='line_1_109' title="bbox 2235 5433 3831 5507; baseline -0.003 -13"><span class='ocrx_word' id='word_1_876' title='bbox 2235 5441 2370 5494; x_wconf 90' lang='lat' dir='ltr'><strong>satio</strong></span> <span class='ocrx_word' id='word_1_877' title='bbox 2397 5440 2609 5507; x_wconf 86' lang='lat' dir='ltr'><strong>gravior</strong></span> <span class='ocrx_word' id='word_1_878' title='bbox 2636 5447 2819 5491; x_wconf 91' lang='lat' dir='ltr'><strong>contra</strong></span> <span class='ocrx_word' id='word_1_879' title='bbox 2843 5433 3057 5489; x_wconf 72' lang='lat' dir='ltr'><strong>Judrcos</strong></span> <span class='ocrx_word' id='word_1_880' title='bbox 3085 5445 3224 5499; x_wconf 89' lang='lat' dir='ltr'><strong>erat,</strong></span> <span class='ocrx_word' id='word_1_881' title='bbox 3251 5433 3413 5504; x_wconf 89' lang='lat' dir='ltr'><strong>quod,</strong></span> <span class='ocrx_word' id='word_1_882' title='bbox 3443 5434 3544 5488; x_wconf 86' lang='lat' dir='ltr'><strong>etsi</strong></span> <span class='ocrx_word' id='word_1_883' title='bbox 3576 5435 3744 5489; x_wconf 89' lang='lat' dir='ltr'><strong>semel</strong></span> <span class='ocrx_word' id='word_1_884' title='bbox 3775 5446 3831 5490; x_wconf 83' lang='lat' dir='ltr'><strong>et</strong></span> 
     </span>
    </p>
   </div>
   <div class='ocr_carea' id='block_1_110' title="bbox 2236 5526 3831 5596">
    <p class='ocr_par' dir='ltr' id='par_1_110' title="bbox 2236 5526 3831 5596">
     <span class='ocr_line' id='line_1_110' title="bbox 2236 5526 3831 5596; baseline -0.002 -11"><span class='ocrx_word' id='word_1_885' title='bbox 2236 5533 2316 5585; x_wconf 85' lang='lat' dir='ltr'><strong>bis</strong></span> <span class='ocrx_word' id='word_1_886' title='bbox 2361 5531 2411 5585; x_wconf 92' lang='lat' dir='ltr'><strong>id</strong></span> <span class='ocrx_word' id='word_1_887' title='bbox 2455 5530 2684 5591; x_wconf 89' lang='lat' dir='ltr'><strong>fecisset,</strong></span> <span class='ocrx_word' id='word_1_888' title='bbox 2730 5529 2781 5583; x_wconf 91' lang='lat' dir='ltr'><strong>in</strong></span> <span class='ocrx_word' id='word_1_889' title='bbox 2829 5527 3127 5596; x_wconf 88' lang='lat' dir='ltr'><strong>hujusmodi</strong></span> <span class='ocrx_word' id='word_1_890' title='bbox 3161 5526 3482 5582; x_wconf 91' lang='lat' dir='ltr'><strong>commercio</strong></span> <span class='ocrx_word' id='word_1_891' title='bbox 3511 5541 3831 5596; x_wconf 85' lang='lat' dir='ltr'><strong>persevera-</strong></span> 
     </span>
    </p>
   </div>
   <div class='ocr_carea' id='block_1_111' title="bbox 2235 5620 3830 5692">
    <p class='ocr_par' dir='ltr' id='par_1_111' title="bbox 2235 5620 3830 5692">
     <span class='ocr_line' id='line_1_111' title="bbox 2235 5620 3830 5692; baseline -0.001 -14"><span class='ocrx_word' id='word_1_892' title='bbox 2235 5633 2352 5678; x_wconf 89' lang='lat' dir='ltr'><strong>rent</strong></span> <span class='ocrx_word' id='word_1_893' title='bbox 2375 5641 2388 5677; x_wconf 87' lang='lat'><strong>:</strong></span> <span class='ocrx_word' id='word_1_894' title='bbox 2413 5624 2692 5692; x_wconf 90' lang='lat' dir='ltr'><strong>ipsumque</strong></span> <span class='ocrx_word' id='word_1_895' title='bbox 2716 5623 2827 5677; x_wconf 85' lang='lat' dir='ltr'><strong>Deo</strong></span> <span class='ocrx_word' id='word_1_896' title='bbox 2850 5621 3212 5676; x_wconf 85' lang='lat' dir='ltr'><strong>adversarium</strong></span> <span class='ocrx_word' id='word_1_897' title='bbox 3235 5620 3500 5684; x_wconf 84' lang='lat' dir='ltr'><strong>dicebant,</strong></span> <span class='ocrx_word' id='word_1_898' title='bbox 3523 5636 3642 5674; x_wconf 86' lang='lat' dir='ltr'><strong>cum</strong></span> <span class='ocrx_word' id='word_1_899' title='bbox 3666 5637 3830 5691; x_wconf 88' lang='lat' dir='ltr'><strong>opor-</strong></span> 
     </span>
    </p>
   </div>
   <div class='ocr_carea' id='block_1_112' title="bbox 2239 5713 3827 5784">
    <p class='ocr_par' dir='ltr' id='par_1_112' title="bbox 2239 5713 3827 5784">
     <span class='ocr_line' id='line_1_112' title="bbox 2239 5713 3827 5784; baseline -0.001 -15"><span class='ocrx_word' id='word_1_900' title='bbox 2239 5715 2426 5769; x_wconf 89' lang='lat' dir='ltr'><strong>tuisset</strong></span> <span class='ocrx_word' id='word_1_901' title='bbox 2446 5715 2686 5769; x_wconf 68' lang='lat' dir='ltr'><strong>ediscere</strong></span> <span class='ocrx_word' id='word_1_902' title='bbox 2709 5715 2878 5784; x_wconf 90' lang='lat' dir='ltr'><strong>ipsum</strong></span> <span class='ocrx_word' id='word_1_903' title='bbox 2905 5714 3159 5768; x_wconf 89' lang='lat' dir='ltr'><strong>honorem</strong></span> <span class='ocrx_word' id='word_1_904' title='bbox 3185 5714 3324 5768; x_wconf 90' lang='lat' dir='ltr'><strong>Patri</strong></span> <span class='ocrx_word' id='word_1_905' title='bbox 3347 5713 3580 5768; x_wconf 89' lang='lat' dir='ltr'><strong>debitum</strong></span> <span class='ocrx_word' id='word_1_906' title='bbox 3609 5729 3827 5778; x_wconf 87' lang='lat' dir='ltr'><strong>curare,</strong></span> 
     </span>
    </p>
   </div>
   <div class='ocr_carea' id='block_1_113' title="bbox 2238 5806 3826 5880">
    <p class='ocr_par' dir='ltr' id='par_1_113' title="bbox 2238 5806 3826 5880">
     <span class='ocr_line' id='line_1_113' title="bbox 2238 5806 3826 5880; baseline 0.001 -18"><span class='ocrx_word' id='word_1_907' title='bbox 2238 5819 2288 5863; x_wconf 90' lang='lat' dir='ltr'><strong>et</strong></span> <span class='ocrx_word' id='word_1_908' title='bbox 2315 5824 2556 5880; x_wconf 88' lang='lat' dir='ltr'><strong>magnam</strong></span> <span class='ocrx_word' id='word_1_909' title='bbox 2589 5809 2877 5879; x_wconf 78' lang='lat' dir='ltr'><strong>potentiam</strong></span> <span class='ocrx_word' id='word_1_910' title='bbox 2911 5806 3125 5863; x_wconf 80' lang='lat' dir='ltr'><strong>habere.</strong></span> <span class='ocrx_word' id='word_1_911' title='bbox 3176 5807 3384 5862; x_wconf 88' lang='lat' dir='ltr'><strong>Etenim</strong></span> <span class='ocrx_word' id='word_1_912' title='bbox 3425 5810 3532 5878; x_wconf 87' lang='lat' dir='ltr'><strong>jam</strong></span> <span class='ocrx_word' id='word_1_913' title='bbox 3568 5810 3718 5876; x_wconf 83' lang='lat' dir='ltr'><strong>signa</strong></span> <span class='ocrx_word' id='word_1_914' title='bbox 3756 5808 3826 5863; x_wconf 53' lang='lat' dir='ltr'><strong>fe</strong></span> 
     </span>
    </p>
   </div>
  </div>
