4040 6428
205 547 356 591 celat
380 575 394 600 ,
427 543 484 590 et
513 532 760 587 videbant
788 543 949 598 opera
984 540 1104 580 cum
1137 522 1312 578 verbis
1341 529 1639 575 consonare
1671 531 1685 566 :

206 644 392 698 neque
419 629 498 683 sic
525 628 980 692 obtemperarunt,
1006 621 1112 671 imo
1140 613 1574 679 indignabantur,
1597 605 1809 698 etiamsi

206 695 331 776 hate
378 721 615 774 clamare
660 717 971 786 prophetam
1013 709 1296 768 audirem,
1343 718 1406 758 ac
1451 713 1665 786 pueros,
1692 695 1811 762 plus

209 823 382 879 quam
399 817 534 862 aetas
559 785 718 858 ferret
748 785 1110 872 praedicantes
1131 809 1276 850 eum.
1293 791 1406 855 Qua
1416 785 1814 879 propter-incu-

211 875 430 954 santem
453 898 578 950 illos
595 895 788 947 Isaiam
813 889 1024 944 inducit
1043 882 1473 941 dicens:l)omns
1494 895 1608 930 mea
1628 875 1814 926 domus

205 986 462 1038 orationis
473 984 750 1038 vocabitur.
767 981 948 1050 Neque
968 983 1066 1033 hoc
1080 975 1450 1032 tantummodo
1464 987 1614 1027 suam
1631 979 1812 1040 poten-

206 1079 339 1130 tiam
361 1076 616 1140 ostendit,
642 1076 734 1130 sed
762 1073 904 1145 quod
925 1081 1074 1128 curet
1097 1071 1268 1125 varias
1291 1067 1626 1122 infirmitates
1653 1082 1665 1118 :
1687 1079 1808 1117 nam

207 1167 301 1221 14.
338 1169 666 1220 Accesserant
702 1165 771 1218 ad
808 1180 921 1218 eum
960 1162 1133 1216 claudi
1157 1171 1202 1215 et
1230 1160 1372 1224 crati,
1398 1168 1443 1212 et
1469 1156 1664 1210 curavit
1689 1169 1811 1217 eos;

203 1272 256 1312 et
281 1259 366 1312 sic
379 1260 630 1312 virtutem
654 1265 1078 1327 potestatemque
1097 1268 1250 1307 suam
1274 1259 1556 1305 monstrat.
1585 1247 1661 1302 Illi
1684 1262 1810 1301 vero

207 1365 390 1420 neque
415 1350 495 1404 sic
520 1350 978 1417 obtemperarunt,
1001 1344 1094 1399 sed
1118 1360 1236 1399 cum
1268 1343 1522 1396 miracula
1546 1340 1806 1404 viderent,

209 1455 526 1509 puerosque
547 1440 791 1494 audirent
817 1441 990 1508 ipsum
1016 1435 1391 1503 prredicautes,
1415 1432 1811 1487 suffocahantur

208 1543 267 1584 et
299 1528 553 1583 dicebant
585 1545 600 1582 :
634 1527 720 1582 16.
756 1526 878 1582 Non
907 1527 1053 1580 audis
1074 1526 1195 1596 quid
1221 1525 1304 1580 isti
1331 1525 1544 1578 dicunt?
1569 1523 1725 1590 Atqui
1757 1521 1808 1575 id

202 1618 457 1674 Christus
474 1621 603 1688 ipsis
621 1619 798 1674 dicere
818 1619 1069 1688 potuisset
1090 1617 1232 1671 :Non
1249 1616 1444 1671 auditis
1472 1615 1595 1685 quid
1631 1615 1712 1668 isti
1729 1614 1810 1666 di-

203 1710 381 1763 cunt?
424 1709 557 1764 Nam
587 1710 658 1763 illi
685 1711 835 1778 quasi
874 1710 982 1764 Deo
1008 1708 1291 1764 canebant.
1326 1707 1463 1774 Quid
1495 1707 1655 1776 igitur
1679 1705 1809 1760 ille?

203 1804 343 1868 Quia
397 1803 558 1855 rebus
602 1802 899 1857 manifestis
941 1801 1414 1866 contradicebant,
1465 1803 1643 1854 acrius
1689 1799 1808 1853 illos

203 1896 382 1964 carpit
405 1895 590 1948 dicens
619 1912 633 1946 :
665 1893 960 1962 Numquam
992 1893 1182 1962 legistis
1212 1907 1230 1943 .'
1254 1891 1336 1946 Ea:
1355 1909 1444 1944 ore
1464 1892 1739 1961 infantium
1760 1901 1808 1942 et

204 1986 504 2039 luctantium
554 1986 806 2056 perfecisti
854 1986 1056 2038 (arulam
1101 1985 1118 2051 (
1148 1981 1294 2037 Psal.
1317 1985 1369 2039 8.
1406 1985 1439 2038 5
1463 1985 1517 2051 )?
1558 1984 1624 2037 Et
1660 1994 1808 2038 recte

199 2076 381 2140 dixit,
417 2075 498 2130 Ex
525 2093 629 2130 ore.
662 2076 774 2130 Non
806 2076 949 2132 enim
978 2075 1270 2131 secundum
1303 2088 1534 2131 utentem
1569 2078 1805 2145 ipsorunt

203 2168 294 2220 illa
326 2170 489 2222 verba
520 2179 692 2233 erant,
716 2169 809 2223 sed
841 2170 1033 2222 virtute
1067 2170 1232 2239 ipsius
1257 2169 1536 2222 immatura
1569 2169 1806 2237 ipsorum

202 2258 386 2327 lingua
422 2259 767 2329 dirigebatur.
800 2260 912 2314 Hoc
943 2276 1071 2314 vero
1098 2259 1264 2329 ﬁgura
1293 2269 1409 2314 erat
1428 2260 1664 2328 gentium
1689 2261 1806 2313 hal-

196 2351 549 2413 hutientium,
579 2368 694 2420 qua:
717 2352 1000 2406 confestim
1024 2367 1212 2420 magna
1238 2353 1586 2406 insonuerunt
1613 2361 1666 2405 et
1694 2353 1806 2405 ani-

201 2459 296 2494 tno
335 2452 393 2496 et
437 2443 562 2505 fide,
589 2453 642 2498 et
678 2444 936 2514 apostolis
981 2444 1115 2498 hinc-
1145 2459 1248 2497 non
1293 2459 1453 2513 parva
1484 2444 1802 2499 Consolatio.

199 2535 279 2590 Ne
307 2535 452 2588 enim
479 2534 828 2606 ambigerent,
852 2535 1123 2605 quomodo
1150 2535 1311 2589 rudes
1341 2535 1586 2588 homines
1614 2535 1808 2604 praedi-

200 2631 471 2682 cationem
508 2629 827 2682 annuntiare
857 2637 1142 2698 poterunt,
1173 2638 1612 2698 praoccupantes
1655 2629 1803 2698 pueri

201 2720 346 2773 illam
379 2721 543 2774 animi
574 2720 874 2789 angustiam
913 2721 1206 2788 ejeceruut,
1239 2729 1294 2774 et
1332 2735 1482 2789 spem
1526 2720 1800 2786 fecerunt,

201 2811 511 2865 facultatem
541 2809 748 2864 dicendi
776 2810 1024 2864 daturum
1057 2809 1157 2863 sibi
1187 2824 1305 2864 esse
1335 2824 1456 2864 eum
1488 2810 1574 2880 qui
1609 2826 1804 2880 pueros

201 2901 464 2971 hymnum
513 2911 731 2956 cantare
779 2901 997 2967 docuit;
1049 2915 1226 2971 neque
1275 2901 1377 2956 hoc
1418 2910 1662 2966 tantum,
1706 2902 1803 2957 scd

197 2996 360 3048 etiam
405 3009 525 3048 esse
565 2995 712 3046 illttm
757 3003 959 3048 naturae
1003 2994 1358 3056 conditorem,
1395 2995 1494 3047 huc
1544 2996 1802 3052 miraculo

197 3098 478 3139 ostensum
508 3095 608 3140 est.
637 3086 792 3140 Pueri
821 3088 979 3156 igitur
1005 3087 1103 3139 etsi
1138 3087 1435 3141 immatura:
1465 3091 1656 3152 astatis,
1685 3090 1800 3143 fau-

197 3191 278 3232 sta
309 3188 365 3233 et
392 3180 640 3248 supernis
669 3194 905 3233 consona
947 3179 1300 3249 loquebantur
1332 3199 1344 3234 :
1380 3181 1480 3235 viri
1510 3193 1687 3236 autem
1720 3185 1799 3237 in-

196 3271 346 3324 sania
393 3279 449 3324 et
490 3271 673 3325 furore
722 3272 899 3340 plena.
947 3271 1090 3325 Talis
1131 3286 1219 3325 res
1257 3282 1338 3325 est
1371 3274 1628 3342 nequitia.
1662 3274 1795 3341 Quia

197 3365 359 3431 igitur
389 3364 556 3417 multa
581 3373 736 3418 erant
761 3379 881 3432 quae
911 3364 1028 3418 illos
1055 3373 1459 3417 commoverent
1479 3405 1492 3428 ,
1523 3365 1692 3418 tut-lue
1721 3367 1799 3420 vi-

193 3457 409 3519 delicet,
435 3457 629 3524 ejectio
653 3454 1016 3518 vendentium,
1043 3455 1320 3520 miracula,
1345 3456 1492 3524 pueri
1516 3466 1792 3522 canentes,

192 3563 384 3603 rursus
420 3563 516 3603 eos
553 3549 824 3619 relinquit,
875 3559 931 3603 ut
973 3549 1186 3603 illorum
1235 3550 1389 3604 sedet
1437 3559 1700 3605 tumorem
1742 3560 1797 3605 ct

190 3640 354 3705 iram,
384 3639 661 3710 noluitque
681 3640 896 3708 docere,
919 3655 986 3697 ne
1016 3641 1211 3698 invidia
1238 3641 1508 3698 ferventes
1537 3644 1675 3699 dicta
1698 3659 1795 3701 sua

192 3747 338 3802 mgre
365 3731 587 3788 ferrent.

272 3823 502 3878 Historia
525 3826 652 3894 ﬁcus
680 3841 712 3878 ιι
737 3825 936 3880 Christo
961 3827 1244 3883 maledicta
1271 3839 1657 3884 commentatur.
1690 3830 1796 3887 Cur

190 3913 427 3970 Christus
457 3915 578 3983 ﬁcui
605 3917 887 3971 maledixit.
909 3949 981 3958 —
998 3919 1085 3974 l8.
1113 3918 1270 3973 Mane
1287 3931 1453 3975 autem
1475 3931 1723 3977 revertens
1742 3925 1795 3977 in

190 4007 386 4072 urbem,
433 4007 632 4062 esuriit.
673 4007 955 4074 Quomodo
1000 4026 1159 4066 mane
1200 4011 1423 4066 esuriltf
1463 4013 1693 4082 Quando
1741 4013 1793 4070 id

190 4103 340 4156 carui
370 4102 660 4166 concessit,
695 4114 820 4158 tunc
859 4104 999 4158 illius
1033 4120 1223 4160 sensus
1249 4107 1573 4162 ostenditur.
1603 4108 1691 4163 l9.
1728 4107 1796 4162 Et

191 4195 367 4247 videns
395 4194 548 4262 ficum
579 4195 630 4247 in
661 4196 761 4258 uia,
791 4197 922 4249 venit
949 4197 1017 4248 ad
1046 4213 1186 4262 eam,
1223 4208 1269 4251 et
1311 4198 1441 4251 nihil
1478 4199 1662 4253 invenit
1697 4202 1794 4256 nisi

193 4286 342 4357 folia.
373 4286 527 4340 Alius
553 4289 876 4358 evangelista
902 4289 1093 4356 (Marc.
1127 4291 1212 4345 11.
1244 4292 1333 4362 15)
1362 4293 1525 4359 dicit,
1557 4293 1791 4348 nondum

191 4391 404 4449 tempus
434 4379 631 4444 fuisse;
660 4381 753 4436 sed
785 4382 827 4436 si
858 4383 1093 4437 nondum
1121 4394 1330 4452 tempus
1356 4395 1493 4450 erat,
1523 4388 1794 4456 quomodo

189 4472 329 4526 alter
354 4474 682 4542 evangelista
708 4476 722 4504 ¹
755 4474 861 4540 ait,
895 4473 1073 4538 Venit,
1108 4487 1160 4529 ut
1188 4478 1231 4529 si
1256 4482 1387 4547 forte
1417 4483 1634 4548 fructum
1655 4481 1793 4533 inre-

191 4564 319 4616 m'ret
346 4565 400 4617 in
423 4565 525 4618 ea!
570 4563 723 4620 Unde
752 4566 1094 4621 manifestum
1127 4576 1229 4630 est,
1267 4569 1393 4622 illud
1432 4587 1496 4624 ex
1537 4572 1791 4640 opinione

189 4654 576 4722 discipulorum
621 4654 802 4718 fuisse,
837 4659 924 4727 qui
958 4659 1134 4713 adhuc
1167 4661 1588 4727 imperfectiores
1616 4677 1788 4718 erant.

188 4745 322 4799 Nam
345 4747 629 4814 opiniones
657 4747 1041 4817 discipulorum
1064 4767 1206 4821 saepe
1227 4753 1540 4807 describunt
1565 4771 1792 4826 evange-

191 4842 350 4896 listaz.
389 4839 539 4894 Sicut
575 4840 738 4909 igitur
765 4842 889 4897 illud
921 4845 1214 4899 secundum
1244 4847 1454 4900 illorum
1482 4850 1788 4920 opinionem

188 4941 326 4999 erat,
360 4932 438 4987 sic
462 4947 677 5004 quoque
703 4947 824 4989 cum
855 4935 1129 5004 putabant,
1161 4937 1330 5006 ipsum
1362 4939 1699 4995 ntaledixisse
1728 4943 1788 4994 li-

189 5026 296 5088 cui,
332 5027 474 5096 quod
511 5027 739 5083 fructum
769 5044 873 5082 non
905 5029 1145 5084 haberet.
1191 5031 1298 5086 Cur
1339 5049 1468 5103 ergo
1511 5037 1787 5090 maledicti

189 5114 326 5169 fuit?
376 5116 604 5190 Propter
643 5119 955 5188 discipulos,
990 5132 1045 5174 ut
1087 5139 1280 5192 nempe
1321 5125 1392 5178 illi
1434 5127 1787 5182 confiderent.

189 5208 323 5272 Quia
349 5223 493 5263 enim
518 5210 713 5280 ubique
733 5210 988 5265 beneficia
1015 5215 1319 5282 prmstabat,
1351 5218 1664 5288 nullumque
1693 5236 1788 5288 pn-

191 5299 375 5354 niebat
418 5319 432 5355 :
473 5310 528 5355 et
569 5311 746 5357 tamen
789 5305 1072 5373 oportebat
1111 5306 1315 5361 ultricis
1357 5323 1468 5362 sua:
1513 5317 1790 5380 potestatis

190 5391 494 5459 exemplum
519 5391 776 5460 praebere,
801 5405 855 5447 ut
877 5394 1217 5451 discerentet
1239 5397 1482 5468 discipuli
1515 5410 1571 5456 et
1597 5403 1786 5472 Judaei,

192 5482 362 5549 ipsum
381 5498 503 5536 cum
528 5495 710 5553 posset
730 5501 822 5541 eos
843 5489 930 5556 qui
954 5504 1012 5542 se
1030 5489 1409 5546 crucifixerunt
1425 5499 1786 5564 exstinguere,

192 5574 420 5632 libenter
448 5586 624 5632 tamen
659 5579 707 5631 id
733 5583 1082 5645 concessisse,
1109 5599 1282 5653 neque
1312 5587 1654 5644 exstinxisse.
1685 5589 1792 5645 Νι).-

193 5668 285 5721 lnit
324 5683 487 5738 porro
534 5669 584 5725 id
632 5671 685 5725 in
731 5671 1035 5729 hominibus
1067 5674 1262 5733 factum
1294 5677 1578 5748 exhibere,
1608 5682 1702 5736 sed
1737 5684 1786 5736 in

482 5810 722 5882 quonaqdo
758 5809 889 5882 idem
928 5812 1260 5880 Evangelista;
1284 5822 1455 5870 recte:
1480 5822 1627 5871 verba
1656 5835 1785 5876 enim

192 5877 300 5920 sunt
325 5872 486 5931 ttat-ci,
509 5885 614 5933 cap.
638 5872 712 5922 ll.
743 5887 788 5923 ν.
819 5873 892 5924 l5.

1149 408 1212 464 IN
1254 389 1664 462 uA'r't'u'Asuu
1708 392 1939 450 uotuL.
1984 390 2192 447 vau.
2235 393 2306 447 al.
2355 390 2580 444 LXVIII.

3420 389 3522 444 (534

1923 507 2116 562 arbore
2157 507 2362 561 ultricis
2393 522 2504 559 sum
2537 506 2817 576 potestatis
2846 507 3151 574 e\'--tnplunt
3182 504 3347 560 dedit.
3388 508 3521 561 Cum

1921 609 2098 655 autem
2128 600 2178 653 in
2208 599 2322 654 loca
2351 641 2362 661 .
2396 599 2479 653 vel
2507 600 2558 653 in
2586 599 2826 662 arbores,
2853 597 2934 652 Vel
2971 598 3021 652 in
3049 598 3208 653 bruta
3232 598 3522 652 animantia

1921 694 2027 748 tale
2070 693 2340 762 quidpiam
2387 693 2712 757 immittitur,
2749 709 2816 746 tte
2859 691 3072 746 curiose
3118 691 3375 760 lnquiras,
3422 705 3521 746 nec

1921 787 2067 841 dicas
2098 803 2110 838 :
2143 786 2424 854 Quomodo
2453 785 2598 854 juste
2626 785 2895 840 exsiccata
2925 784 3056 838 licus
3081 793 3166 838 est
3187 825 3200 846 ,
3231 784 3275 838 si
3311 793 3522 853 tempus

1919 881 2186 934 fructuum
2207 895 2312 931 non
2337 888 2444 932 erat
2465 878 2489 930 ‘l
2510 878 2594 932 illa
2617 878 2761 933 enim
2785 878 3013 947 quu‘stio
3029 876 3384 944 nugacissima
3402 886 3481 930 est
3506 894 3519 930 :

1920 971 2013 1026 sed
2043 971 2358 1025 miraculum
2379 971 2605 1038 respice,
2631 969 2848 1032 mirare,
2868 977 2921 1023 et
2945 967 3320 1021 miraculorum
3346 978 3521 1036 patru-

1921 1063 2022 1117 tnri
2059 1063 2280 1132 gloriam
2327 1060 2490 1116 refer.
2536 1060 2669 1115 Nam
2712 1070 2767 1114 et
2801 1059 2870 1114 de
2909 1059 3204 1114 submersis
3236 1060 3412 1128 porcis
3443 1059 3524 1112 id-

1920 1156 2093 1225 ipsum
2122 1154 2272 1208 multi
2295 1152 2584 1219 dixerunt,
2608 1152 2837 1222 justitia:
2863 1151 3124 1206 rationem
3153 1150 3520 1219 inquirentes;

1919 1246 2010 1302 sed
2035 1247 2141 1301 illis
2157 1262 2262 1300 non
2280 1243 2560 1300 attendere
2575 1252 2786 1314 oportet
2809 1262 2822 1298 :
2841 1258 2964 1296 nam
2989 1241 3105 1296 bsic
3136 1240 3519 1295 irrationabilia

1918 1346 2108 1405 erant,
2142 1345 2200 1392 ut
2227 1337 2388 1391 arbor
2417 1336 2595 1390 anima
2622 1334 2860 1391 carebat.
2892 1335 3004 1390 Cur
3028 1349 3157 1403 ergo
3185 1332 3285 1387 hac
3312 1334 3524 1388 ratione

1919 1445 2004 1484 res
2039 1439 2157 1484 acta
2184 1439 2266 1484 est
2289 1470 2304 1489 .
2341 1439 2395 1484 et
2429 1445 2526 1484 cur
2555 1429 2670 1484 hinc
2699 1438 2782 1483 est
2808 1427 3198 1482 maledictlonis
3227 1427 3427 1482 causa?
3457 1427 3524 1480 l‘t

1913 1520 2024 1588 jam
2066 1519 2196 1585 dixi,
2228 1520 2331 1575 hoc
2373 1521 2438 1573 ad
2486 1520 2869 1590 discipulorum
2914 1521 3222 1589 opinionem
3267 1520 3517 1588 pertinet.

1916 1615 2069 1680 Quod
2097 1615 2139 1668 si
2171 1613 2404 1668 nondum
2441 1626 2650 1683 tempus
2676 1624 2824 1678 erat,
2855 1623 3058 1667 temere
3087 1612 3303 1683 quidam
3332 1613 3419 1667 hic
3449 1613 3522 1666 le-

1917 1724 2038 1777 gem
2071 1706 2356 1776 significari
2394 1705 2598 1760 dicunt.
2627 1705 2772 1760 Nam
2793 1707 2949 1774 hujus
2978 1704 3184 1761 fructus
3208 1706 3343 1761 lides
3367 1717 3478 1761 erat
3500 1747 3516 1768 ,

1919 1798 2148 1866 fideique
2194 1807 2403 1865 tempus
2447 1806 2572 1851 tunc
2613 1796 2943 1861 advenerat,
2975 1812 3136 1867 quem
3166 1797 3398 1851 fructum
3431 1797 3517 1851 ille

1916 1889 2111 1943 attulit.
2141 1888 2262 1942 Jam
2289 1890 2419 1941 enim
2443 1889 2670 1960 regiones
2698 1889 2828 1942 alba:
2845 1898 2964 1942 sunt
2985 1890 3054 1942 ad
3073 1905 3302 1948 messem,
3327 1890 3513 1959 inquit,

1915 1994 1988 2044 et,
2015 1981 2132 2034 Misi
2154 1997 2239 2033 nos
2257 1990 2438 2032 metere
2452 1995 2564 2049 (μιαν
2580 1997 2680 2033 non
2697 1979 2966 2034 laborastis
2999 1980 3179 2053 (Joan.
3209 1982 3259 2036 4.
3287 1982 3375 2036 35.
3405 1981 3505 2050 '58).

1986 2072 2040 2126 9.
2075 2070 2212 2126 Nihil
2244 2087 2372 2140 ergo
2402 2071 2706 2140 hujusntodi
2738 2070 2826 2126 hic
2854 2071 3255 2138 subiudicalur,
3299 2073 3430 2139 δρᾶν,
3468 2085 3522 2127 ut

1914 2161 2046 2229 dixi,
2080 2171 2400 2233 potestatem
2429 2161 2674 2215 ultricem
2704 2159 2903 2215 indicat
2927 2204 2942 2227 ,
2971 2172 3027 2217 et
3055 2163 3156 2217 hoc
3178 2163 3414 2218 ostendit
3441 2164 3520 2218 di—

1913 2270 2044 2311 cens
2065 2297 2078 2319 ,
2117 2253 2364 2308 Nondum
2399 2254 2532 2308 enim
2569 2264 2678 2307 erat
2718 2266 2938 2324 tempus,
2969 2254 3279 2325 signiﬁcans
3308 2271 3366 2310 se
3399 2256 3521 2310 ideo

1917 2347 2186 2416 pnecipne
2221 2347 2453 2409 venisse,
2483 2361 2591 2400 non
2629 2345 2772 2416 quod
2801 2347 3053 2412 esuriret,
3077 2347 3172 2402 sed
3201 2357 3418 2419 pr0pter
3439 2349 3520 2402 di~

1913 2438 2167 2507 scipulns,
2189 2439 2279 2508 qui
2307 2437 2595 2493 admodum
2619 2439 2794 2492 mirati
2823 2449 2967 2503 sunt,
2988 2439 3086 2494 etsi
3118 2440 3285 2494 multa
3314 2441 3519 2510 majora

1911 2533 2063 2601 signa
2096 2531 2206 2601 jam
2241 2531 2374 2586 facta
2405 2531 2643 2597 fuerant;
2676 2531 2770 2586 sed
2795 2573 2811 2597 ,
2841 2541 2898 2586 ut
2925 2531 3034 2587 dixi
3062 2574 3076 2595 ,
3111 2535 3212 2588 hoc.
3242 2533 3517 2588 insolitum

1911 2620 2051 2688 erat,
2082 2640 2223 2679 nunc
2250 2626 2392 2679 enim
2425 2626 2600 2696 primo
2631 2636 2950 2698 potestatem
2984 2628 3228 2682 ultricem
3257 2629 3514 2683 ostendit.

1915 2716 2117 2771 Idcirco
2143 2732 2248 2770 non
2278 2718 2328 2770 in
2360 2717 2462 2770 alia
2492 2717 2687 2772 arbore
2712 2758 2727 2783 ,
2757 2718 2851 2773 sed
2886 2719 2937 2773 in
2969 2720 3210 2773 omnium
3254 2719 3518 2774 humidis-

1912 2810 2045 2862 sima
2087 2809 2298 2879 signum
2344 2808 2471 2864 fecit
2492 2848 2508 2874 ,
2543 2811 2611 2862 ita
2642 2820 2698 2862 ut
2729 2809 2852 2864 inde
2880 2809 3057 2880 majus
3083 2811 3356 2866 videretur
3393 2826 3518 2867 esse

1911 2902 2246 2956 miraculum.
2298 2901 2366 2956 Et
2411 2911 2466 2955 ut
2504 2901 2702 2970 discas,
2741 2901 2843 2957 hoc
2888 2913 3108 2973 propter
3153 2904 3272 2960 illos
3317 2905 3514 2959 factum

1908 3008 2048 3055 esse,
2078 3003 2135 3047 nt
2159 2993 2262 3046 illis
2294 2993 2541 3049 liduciam
2576 2994 2806 3060 inderet,
2829 2994 2953 3050 audi
2985 3011 3048 3052 ea
3076 3011 3196 3066 qua:
3224 3006 3407 3067 postea
3437 2997 3515 3050 di-

1907 3085 1998 3140 cit.
2045 3086 2181 3154 Quid
2211 3087 2369 3155 igitur
2398 3087 2563 3141 dicit?
2609 3087 2677 3142 Et
2705 3102 2800 3142 vos
2831 3087 3033 3156 majora
3066 3089 3290 3151 facietis,
3317 3091 3362 3142 si
3391 3107 3513 3143 crc-

1904 3176 2035 3232 dcre
2063 3179 2359 3242 volueritis,
2385 3189 2438 3234 et
2462 3181 2512 3234 in
2535 3180 2780 3234 oratione
2806 3180 3098 3234 conlidere.
3128 3180 3315 3236 Viden‘
3343 3191 3512 3237 tottttn

1906 3280 2123 3338 propter
2165 3271 2285 3324 illos
2324 3271 2519 3326 factum
2548 3287 2702 3336 esse,
2744 3287 2813 3328 ne
2854 3272 3075 3328 insidias
3117 3273 3514 3331 formidarent?

1906 3363 2029 3417 Ideo
2060 3364 2190 3418 illud
2217 3365 2407 3418 iterum
2446 3367 2662 3435 repetit,
2695 3375 2749 3420 ut
2776 3366 3028 3436 precibus
3055 3376 3109 3422 et
3133 3367 3254 3423 ﬁdei
3287 3368 3514 3424 ﬁrmiter

1904 3455 2110 3510 hacrere
2131 3456 2374 3510 suadeat.
2399 3455 2516 3511 Non
2543 3457 2686 3512 enim
2708 3459 2810 3514 hoc
2836 3467 3042 3514 tantum
3065 3458 3292 3523 facietis,
3316 3461 3510 3530 inquit,

1901 3547 1994 3601 sed
2025 3548 2189 3602 etiam
2221 3559 2433 3604 montes
2460 3549 2813 3614 transferetis,
2842 3562 2898 3606 et
2926 3553 3153 3620 plurima
3183 3554 3283 3608 alia
3313 3569 3510 3624 opera-

1901 3638 2086 3694 bimini
2112 3682 2127 3703 ,
2158 3641 2200 3694 si
2235 3640 2354 3695 fidei
2388 3650 2443 3696 et
2470 3644 2698 3697 orationi
2726 3659 2847 3697 cum
2879 3644 3070 3701 llducia
3105 3645 3374 3701 litereatis.
3407 3647 3511 3700 Ve-

1900 3746 2018 3785 rum
2048 3731 2217 3786 iudici
2246 3743 2557 3804 arrogantes
2579 3743 2634 3789 et
2655 3735 2844 3802 inﬂati,
2871 3745 2928 3789 ut
2953 3734 3255 3792 doctrinam
3285 3739 3400 3807 ejus
3425 3739 3510 3792 in-

1901 3813 2295 3894 terpellarent,
2338 3827 2659 3882 accedentes
2700 3828 3115 3884 sciscitabantur
3143 3843 3161 3884 ':
3188 3831 3279 3885 εδ.
3312 3829 3380 3884 1η
3410 3848 3510 3903 qua

1902 3927 2146 3987 potestate
2170 3917 2280 3972 haec
2319 3919 2490 3988 facis?
2531 3919 2666 3988 Quia
2705 3921 2850 3976 enim
2896 3922 3175 3978 miraculis
3219 3923 3508 3979 detrahere

1903 4026 2007 4065 non
2033 4019 2280 4080 poterant
2305 4012 2615 4068 venditores
2637 4027 2702 4067 ex
2732 4013 2933 4085 templo
2961 4014 3146 4084 pulsos
3176 4023 3230 4070 et
3252 4016 3510 4071 emenda-

1901 4111 1986 4156 tos
2013 4103 2086 4157 illi
2113 4103 2390 4173 objiciunt.
2424 4104 2623 4160 Eadem
2652 4106 2861 4161 ratione
2887 4107 3027 4178 apud
3050 4107 3311 4164 Joannem
3342 4111 3509 4165 inter-

1903 4207 2112 4265 rogant,
2135 4197 2257 4250 lieet
2285 4211 2388 4251 nun
2417 4197 2604 4251 iisdem
2634 4197 2832 4263 verbis,
2858 4215 3043 4254 verum
3067 4201 3257 4257 eadem
3289 4212 3510 4257 senten-

1902 4292 2002 4353 tia;
2052 4305 2172 4343 nam
2215 4291 2401 4344 dicunt
2434 4310 2444 4345 :
2480 4291 2630 4356 Quod
2669 4294 2872 4364 signum
2920 4296 3144 4350 ostendis
3189 4299 3353 4364 nobis,
3387 4301 3510 4370 quia

1900 4386 2007 4437 lucc
2032 4387 2157 4454 facts
2181 4383 2372 4452 (Joan.
2402 4385 2453 4438 2.
2491 4388 2575 4440 18.
2613 4385 2758 4455 l9)?
2789 4386 2893 4442 Sed
2928 4388 2997 4442 ibi
3031 4391 3322 4457 respondet
3355 4392 3458 4446 illis
3493 4411 3504 4446 :

1903 4474 2096 4528 Solvite
2126 4475 2367 4539 templum
2393 4478 2508 4541 hoc,
2539 4487 2583 4530 et
2613 4479 2664 4530 in
2694 4479 2851 4531 tribus
2883 4479 3060 4534 diebus
3085 4482 3312 4536 excitabo
3342 4485 3506 4547 illud;

1902 4568 1984 4620 hic
2013 4581 2192 4622 autem
2225 4569 2274 4622 in
2303 4569 2693 4632 dubitationem
2724 4571 2843 4625 illos
2874 4573 3116 4643 conjicit.
3147 4573 3300 4630 Unde
3333 4581 3507 4632 mani-

1901 4659 2090 4713 festum
2136 4671 2252 4723 est,
2299 4660 2425 4715 illud
2468 4661 2681 4731 quidem
2725 4663 2776 4716 in
2820 4665 3083 4735 principio
3123 4665 3318 4722 factum
3359 4684 3479 4722 esse
3505 4704 3520 4727 ,

1898 4753 2113 4807 euaudo
2154 4747 2427 4808 'tnlracula
2477 4758 2640 4811 edere
2692 4757 3022 4827 incipiebat,
3075 4759 3178 4814 hoc
3221 4771 3401 4814 autem
3449 4763 3500 4815 in

1901 4848 2003 4901 line
2031 4844 2129 4918 (τι).
2164 4846 2315 4914 Quod
2345 4855 2522 4902 autem
2553 4848 2761 4913 dicunt,
2794 4850 3103 4918 bujnsmodi
3132 4862 3216 4906 est
3245 4871 3257 4905 :
3290 4854 3369 4907 An
3400 4853 3505 4907 du-

1897 4944 2087 4995 ctrina:
2126 4943 2310 4997 sedem
2352 4945 2622 5011 occupas?
2669 4960 2793 4996 nunt
2826 4945 3080 5001 sacerdos
3105 4947 3388 5002 ordinatus
3421 4968 3502 5014 cs,

1899 5037 2019 5102 quia
2055 5044 2254 5088 tantam
2286 5045 2602 5105 potestatem
2637 5036 2962 5091 exhibuisti?
2993 5039 3156 5108 Atqui
3189 5040 3317 5093 nihil
3347 5057 3504 5095 arro-

1898 5139 2086 5196 gantcr
2111 5129 2240 5197 egit,
2270 5129 2363 5183 sed
2403 5130 2582 5198 templi
2629 5130 2818 5184 honori
2863 5145 2926 5186 ac
2964 5131 3149 5188 decori
3177 5136 3454 5203 prospexit
3491 5153 3505 5190 :

1898 5230 2132 5272 attamen
2161 5236 2281 5273 eum
2314 5219 2446 5274 nihil
2489 5219 2630 5275 aliud
2672 5221 2852 5276 dicere
2896 5233 3135 5291 possent,
3181 5225 3321 5280 hanc
3349 5241 3505 5281 accu-

1898 5313 2049 5367 sandi
2097 5329 2279 5367 ansam
2326 5317 2610 5385 arripiunt.
2645 5319 2721 5371 Ac
2752 5333 2874 5372 cum
2907 5319 3202 5373 vendentes
3242 5320 3466 5390 ejiceret
3490 5364 3502 5385 ,

1898 5405 2028 5460 nihil
2076 5407 2191 5460 ausi
2239 5418 2360 5460 sunt
2403 5408 2605 5476 dicere,
2635 5411 2756 5479 quia
2800 5411 2890 5465 ille
2931 5411 3189 5466 miracula
3220 5413 3501 5469 ediderat:

1901 5509 2081 5568 postea
2112 5499 2198 5553 ubi
2231 5501 2481 5555 viderunt
2507 5519 2626 5556 eum
2650 5546 2664 5568 ,
2697 5507 2979 5573 increpare
3006 5514 3307 5572 cmperunt.
3366 5505 3502 5572 Quid

1898 5607 2026 5660 ergo
2059 5591 2179 5645 ille?
2221 5593 2334 5646 Non
2373 5594 2438 5646 ad
2485 5597 2768 5664 qna-situm
2811 5594 3015 5650 directe
3065 5597 3376 5668 respondet,
3406 5612 3500 5650 nec

1897 5684 2152 5752 ostendit,
2201 5701 2357 5751 posse
2407 5687 2546 5753 illos,
2577 5689 2618 5740 si
2652 5688 2848 5742 velli-nt
2887 5702 3038 5742 suam
3075 5699 3393 5761 potesmtem
3430 5689 3494 5744 vi

1960 5821 2048 5930 (α’)ῐ
2075 5817 2164 5869 llis
2204 5823 2420 5870 ittuuitur
2467 5821 2711 5872 Christum
2767 5827 2840 5873 his
2886 5825 3166 5877 vendentes
3214 5827 3423 5890 ejecisse
3460 5841 3484 5878 te

1960 5897 2097 5930 uino.

1901 5892 2097 5945 lctttpio.
