4040 6426
557 402 658 456 635

552 515 713 575 dere;
743 515 834 568 sed
865 515 1020 568 aliain
1052 513 1270 582 Opponit
1301 509 1913 579 interrogationem:25.
1945 507 2124 578 Bapti-

556 621 662 657 sma
685 603 901 657 Joannis
933 605 1064 658 unde
1088 603 1235 658 eral?
1263 619 1325 656 ea:
1354 602 1496 663 ca'lo,
1527 619 1590 654 an
1621 617 1681 655 ea:
1710 599 2023 654 hominibus?
2062 598 2129 653 Et

557 695 679 762 quid
713 694 845 760 lucc,
876 695 1104 761 inquies,
1137 693 1201 747 ad
1233 708 1341 747 rem
1371 692 1725 760 pnesentem?
1749 691 1875 746 llaec
1903 691 2132 746 maxime

555 790 813 857 quadram
838 808 849 840 :
877 805 999 843 nam
1022 789 1064 843 si
1087 789 1363 852 dixissent,
1389 787 1430 842 E
1451 789 1602 852 ea-lo,
1627 786 1986 856 respondisset
2009 785 2086 838 eis
2111 800 2125 837 :

553 884 726 944 Quare
756 897 884 950 ergo
913 895 1014 935 non
1047 880 1345 935 credidistis
1373 880 1458 934 ei?
1482 881 1534 934 Si
1567 880 1705 934 enim
1736 880 2123 942 credidissent,

553 985 655 1023 non
689 971 756 1024 ita
789 971 1223 1041 interrogassent.
1253 969 1380 1024 Nam
1406 971 1471 1024 de
1496 971 1606 1039 ipso
1627 969 1858 1023 Joannes
1881 973 2086 1028 dixerat
2109 986 2122 1020 :

554 1065 670 1124 Non
718 1082 828 1117 sum
879 1065 1061 1135 dignus
1106 1065 1292 1117 solt-ere
1336 1067 1601 1133 corrigiam
1647 1061 1972 1116 calceameuti
2017 1060 2125 1130 ejus

558 1157 574 1223 (
598 1153 722 1206 Luc.
754 1156 805 1208 5.
842 1154 907 1208 lli
935 1158 983 1223 );
1027 1163 1081 1208 et
1100 1195 1114 1218 ,
1142 1152 1274 1207 Ecce
1303 1171 1461 1224 agnus
1489 1152 1585 1206 Dei
1607 1153 1689 1222 qui
1717 1151 1844 1205 tollit
1871 1162 2128 1220 peccatum

552 1245 762 1306 mundi;
789 1254 841 1297 et
866 1287 879 1308 ,
913 1243 1033 1312 Ipse
1057 1255 1124 1299 est
1149 1243 1312 1298 Filius
1344 1245 1465 1306 Dei;
1494 1252 1564 1306 et,
1589 1243 1689 1308 Qui
1713 1243 1774 1296 de
1805 1259 2004 1296 sursum
2042 1258 2127 1294 re-

549 1337 642 1400 nit,
668 1353 820 1406 supra
841 1353 1011 1391 omnes
1035 1347 1107 1390 est
1129 1339 1146 1407 (
1161 1336 1311 1390 Joau.
1337 1320 1489 1390 1.29.
1513 1336 1599 1390 34.
1627 1346 1670 1388 et
1696 1335 1864 1399 3.3l);
1895 1343 1969 1397 et,
2009 1331 2134 1385 Ven-

550 1428 783 1480 tilubrum
811 1429 862 1480 in
888 1444 1038 1481 manu
1064 1430 1190 1496 ejus,
1217 1439 1262 1482 et
1291 1429 1520 1498 pttrgabit
1546 1443 1716 1480 aream
1744 1443 1887 1479 suam
1914 1425 1990 1494 (Μ
1998 1427 2123 1477 att/1.

551 1519 602 1572 ὅ.
636 1517 743 1588 12).
773 1519 949 1584 Quare
992 1519 1034 1572 si
1065 1518 1252 1574 Joauni
1291 1519 1658 1580 credidissent,
1697 1517 1827 1570 nihil
1870 1515 2128 1584 impedire

555 1616 756 1674 poterat
782 1605 1066 1678 quominus
1095 1609 1334 1664 viderent
1365 1611 1415 1662 iu
1441 1625 1540 1678 qua
1568 1617 1828 1677 potesmle
1852 1607 1962 1659 lucc
1991 1605 2131 1660 face-

554 1707 652 1753 ret.
684 1697 881 1753 Deinde
902 1701 1022 1769 quia
1052 1701 1280 1770 maligne
1299 1700 1369 1752 illi
1392 1700 1798 1769 responderunt,
1823 1697 1913 1750 27.
1941 1695 2125 1750 Nesci-

551 1806 682 1856 ntus,
714 1806 820 1844 non
847 1791 976 1845 dixit
1006 1792 1110 1856 ille,
1144 1792 1324 1861 Neque
1351 1807 1449 1861 ego
1469 1793 1617 1847 scio:
1645 1792 1735 1845 sed
1765 1790 1924 1859 quid?
1955 1787 2129 1858 Neque

552 1899 642 1951 ego
668 1883 780 1937 dico
807 1884 961 1940 vobis.
996 1885 1123 1938 Nam
1156 1887 1200 1939 si
1230 1887 1541 1956 ignorabant
1566 1926 1580 1948 ,
1612 1884 1790 1938 doceri
1819 1883 1938 1936 illos
1967 1896 2126 1950 opor-

552 1976 713 2030 tebat.
745 1977 874 2042 Quia
912 1993 1038 2032 vero
1071 1980 1296 2047 maligne
1320 1979 1563 2048 agebant,
1584 1977 1707 2046 jure
1741 1976 1867 2028 nihil
1897 1975 2022 2044 ipsis
2045 1991 2130 2027 re-

550 2068 793 2134 spondet.
823 2068 928 2121 Cur
953 2079 1128 2122 autem
1162 2085 1264 2122 non
1293 2069 1575 2130 dixerunt,
1609 2067 1686 2120 Ex
1716 2066 2017 2119 hominibus
2046 2073 2127 2118 est

551 2160 852 2228 baptisma?
898 2161 1175 2215 Timebant
1221 2161 1420 2224 turbas,
1451 2160 1638 2228 inquit.
1677 2158 1855 2212 Videu’
1884 2172 1975 2211 cor
2012 2171 2130 2225 per-

550 2249 803 2302 versum‘l
838 2249 1041 2320 Ubique
1071 2251 1231 2305 Deum
1262 2250 1580 2319 despiciunt,
1611 2260 1662 2303 et
1693 2257 1880 2302 cuncta
1915 2240 2128 2316 prspi'er

554 2339 795 2395 homines
818 2340 1041 2405 faciunt;
1071 2357 1190 2395 nam
1216 2351 1272 2398 et
1296 2341 1556 2395 Joannem
1579 2349 1798 2410 propter
1823 2340 1942 2393 illos
1970 2340 2126 2392 time-

551 2435 710 2496 bant;
742 2447 846 2486 non
873 2433 1043 2485 virum
1076 2434 1244 2502 ipsum
1278 2433 1509 2496 reveriti,
1538 2433 1638 2487 nisi
1668 2432 1940 2486 hominum
1969 2445 2129 2484 causa

548 2531 786 2584 tantum;
831 2521 1040 2577 Christo
1079 2523 1236 2577 etiam
1277 2523 1498 2578 credere
1538 2522 1811 2576 hominum
1847 2535 2002 2575 causa
2035 2535 2130 2574 no-

550 2611 727 2665 lebant
761 2629 772 2664 :
801 2620 855 2666 et
906 2615 1021 2666 lucc
1069 2628 1224 2666 causa
1278 2613 1382 2667 illis
1425 2613 1684 2666 malorum
1724 2612 1982 2665 omnium.
2025 2610 2128 2664 De-

555 2698 676 2754 inde
699 2700 825 2754 dicit
850 2719 862 2754 :
886 2700 976 2756 28.
1020 2702 1154 2768 Quid
1191 2702 1324 2756 vobis
1350 2703 1584 2758 videtur?
1613 2702 1778 2755 Homo
1804 2702 2007 2768 quidam
2035 2702 2129 2752 Ita-

554 2790 689 2843 bebat
734 2791 861 2844 duos
906 2792 1058 2858 ﬁlios,
1093 2802 1136 2845 et
1161 2791 1287 2844 dixit
1325 2795 1486 2860 primo
1520 2808 1540 2846 .'
1575 2791 1728 2857 Vade,
1754 2793 1901 2845 hodie
1923 2807 2132 2858 operare

553 2884 602 2934 in
623 2884 786 2936 vinea.
814 2881 903 2936 29.
935 2881 1034 2936 Ille
1058 2893 1222 2936 autent
1244 2884 1549 2951 respondens
1573 2884 1698 2936 dixit
1722 2899 1739 2936 :
1763 2882 1918 2935 Nolo.
1949 2881 2130 2934 Postea

549 2982 716 3028 autem
747 2975 1036 3041 paenitentia
1062 2984 1225 3027 motus
1249 2975 1387 3028 abiit.
1412 2974 1498 3029 50.
1526 2973 1591 3026 Et
1611 2975 1848 3028 accedens
1869 2975 1935 3027 ad
1955 2989 2130 3026 secun-

551 3068 690 3132 dum,
712 3067 837 3120 dixit
858 3068 1103 3121 similiter.
1131 3066 1228 3122 Ille
1251 3079 1417 3120 autem
1439 3068 1714 3137 respondit,
1741 3068 1872 3120 Abeo
1897 3068 1936 3133 ί,
1962 3075 2129 3120 etnon

552 3157 692 3210 abiit.
731 3157 818 3211 5i.
861 3157 984 3223 Quis
1017 3174 1132 3227 ergo
1162 3174 1223 3210 ex
1249 3156 1440 3210 duobus
1467 3158 1579 3225 fecit
1607 3158 1911 3217 voluntatem
1938 3157 2133 3226 patris?

554 3246 743 3300 Dicunt
769 3249 833 3308 ei.
864 3246 1089 3301 Primus.
1117 3247 1320 3302 Rursus
1344 3265 1436 3318 per
1457 3249 1733 3317 parabolas
1755 3249 1898 3318 ipsos
1926 3248 2130 3318 arguit;

555 3347 665 3390 tum
683 3338 890 3392 illorum
909 3332 1318 3407 improbitatem,
1346 3349 1453 3392 tum
1478 3339 1876 3408 reprobatarnm
1899 3339 2134 3409 gentium

556 3428 1344 3496 obsequentium.suhindicaus.
1395 3430 1523 3483 Nam
1563 3430 1646 3484 hic
1672 3431 1778 3484 duo
1810 3430 1903 3483 lilii
1933 3431 2132 3500 signiti-

555 3528 678 3573 cant
700 3518 750 3572 id
773 3518 911 3588 quod
933 3520 1070 3588 apud
1101 3530 1284 3590 gentes
1308 3530 1362 3575 et
1386 3521 1525 3590 quod
1547 3520 1684 3590 apud
1705 3520 1918 3575 Judacos
1938 3519 2134 3576 factum

558 3619 658 3665 est.
693 3610 892 3666 Gentes
913 3614 1052 3666 enim
1080 3627 1201 3666 cum
1235 3629 1340 3668 non
1370 3614 2132 3683 promisissentobedientiam,

561 3718 659 3757 nec
697 3703 971 3757 audissent
1019 3705 1186 3773 legem
1209 3746 1224 3770 ,
1266 3707 1517 3775 operibus
1549 3707 1948 3776 obsequentiam
1981 3707 2135 3762 exhi-

561 3793 789 3847 buernnt
820 3810 832 3846 :
864 3793 918 3847 hi
945 3803 1128 3850 contra
1175 3808 1448 3866 postquam
1491 3794 1756 3863 dixerant,
1789 3796 1972 3853 Omnia
1995 3815 2135 3868 qut:-

560 3900 770 3952 cumque
797 3884 979 3938 diarerit
1018 3884 1152 3940 Deus
1191 3888 1430 3958 fa’ciemus
1456 3899 1502 3943 et
1525 3890 1785 3944 audiemus
1809 3890 1826 3963 (
1851 3889 2016 3945 Exod.
2046 3891 2134 3945 19.

561 3973 638 4043 8),
668 3975 918 4043 operibus
961 3993 1063 4032 non
1103 3978 1378 4050 obseqnuti
1424 3990 1565 4036 sunt.
1616 3982 1736 4036 Ideo
1778 3999 1844 4037 ne
1893 3991 2139 4053 putarent

563 4066 730 4135 legem
755 4067 899 4136 ipsos
915 4068 1119 4137 juvare,
1143 4071 1376 4126 ostendit
1397 4073 1496 4128 hoc
1515 4075 1683 4143 ipsum
1712 4074 1832 4128 illos
1851 4074 2136 4138 damnare;

563 4154 613 4208 id
643 4158 782 4224 quod
814 4157 972 4211 etiam
999 4159 1126 4213 dicit
1157 4161 1347 4216 Paulus
1379 4180 1390 4215 :
1424 4161 1543 4216 Non
1574 4164 1829 4218 auditores
1867 4165 1991 4234 legis
2013 4165 2141 4235 justi

556 4260 674 4300 sunt
731 4250 870 4319 apud
926 4249 1084 4304 Deum
1113 4291 1128 4317 ,
1176 4254 1263 4306 sed
1311 4256 1522 4321 [actores
1572 4257 1694 4326 legis
1727 4257 2142 4327 justificabuntur

562 4337 736 4405 (Rom.
766 4338 820 4392 2.
852 4340 960 4410 15).
993 4341 1227 4396 Idcirco'
1257 4354 1310 4397 ut
1338 4359 1436 4397 suo
1465 4345 1562 4414 ipsi
1591 4347 1790 4414 judicio
1816 4346 2139 4403 damnaren-

563 4439 671 4496 tur,
703 4446 813 4484 rem
842 4432 919 4486 sic
945 4432 1158 4502 dirigit,
1193 4443 1249 4487 ut
1279 4435 1374 4503 ipsi
1403 4437 1723 4492 sententiam
1748 4437 1920 4494 ferant
1952 4460 1966 4495 :
1997 4440 2139 4511 quod

564 4522 720 4575 etiam
747 4521 796 4575 iu
825 4525 1066 4592 sequenti
1094 4526 1341 4594 parabola
1375 4528 1540 4582 vinea:
1570 4527 1714 4584 facit.

633 4615 685 4666 5.
731 4612 900 4684 thue
937 4629 1023 4669 res
1057 4618 1126 4670 ita
1167 4618 1516 4685 succederet,
1547 4621 1703 4674 aliam
1729 4636 2010 4690 personam
2055 4623 2174 4678 in-'

561 4705 706 4758 ducit
744 4720 863 4773 qua:
893 4709 1283 4765 accusationem
1306 4709 1492 4766 ferret.
1527 4713 1658 4780 Quia
1693 4716 1836 4769 enim
1886 4717 2141 4775 nolebant

523 4825 525 4828 -
563 4793 762 4849 directe
805 4795 978 4861 fateri,
1012 4813 1104 4867 per
1130 4801 1435 4870 parabolam
1474 4819 1567 4858 eos
1593 4819 1699 4874 quo
1731 4807 1943 4862 volebat
1969 4809 2137 4864 addu-

562 4889 650 4940 cit.
697 4887 919 4955 Quando
970 4900 1147 4946 autem
1199 4892 1462 4949 dictorum
1502 4912 1725 4968 scepqu
1780 4915 1884 4958 non
1946 4902 2139 4958 intelli-

562 4992 742 5050 gentes
765 4985 1082 5038 sententiam
1111 4987 1364 5050 tulerunt,
1404 4996 1527 5044 tunc
1565 4992 1677 5060 ipse
1698 4995 1870 5063 aperit
1910 4995 1960 5049 id
1997 4997 2136 5066 quod

563 5074 770 5128 occulte
812 5078 1106 5145 agebatur,
1161 5090 1216 5134 et
1256 5079 1420 5135 dicit:
1453 5081 1721 5138 Publicani
1771 5097 1814 5139 et
1859 5090 2138 5144 meretrices

564 5165 841 5232 prandent
881 5182 965 5222 vos
1015 5169 1067 5221 in
1118 5186 1272 5240 regno
1293 5169 1407 5225 Dei.
1433 5172 1517 5226 52.
1563 5173 1704 5228 Venit
1742 5178 1877 5230 enim
1915 5178 2137 5234 Joannes

561 5255 630 5307 ad
656 5273 740 5309 vos
786 5258 839 5310 in
880 5259 958 5312 via
977 5261 1194 5330 justitite
1221 5302 1235 5327 ,
1269 5272 1315 5315 et
1345 5279 1444 5317 non
1480 5267 1859 5323 credidistisei:
1883 5271 2138 5337 publicani

562 5361 675 5399 vero
719 5348 1040 5403 crediderunt
1066 5353 1130 5406 ei.
1171 5351 1269 5407 Vos
1299 5365 1464 5407 autem
1493 5357 1727 5422 uidentes,
1755 5377 1854 5412 non
1884 5362 2132 5430 paeniten-

560 5439 682 5490 tiam
707 5440 879 5506 egistis
898 5454 1090 5512 postea,
1125 5458 1178 5498 ut
1208 5447 1476 5502 crederetis
1497 5450 1560 5502 ei.
1593 5449 1721 5506 Nam
1753 5455 1794 5506 si
1825 5457 2130 5523 simpliciter

557 5527 798 5595 dixisset,
829 5532 1132 5591 Meretrices
1175 5539 1480 5606 praecedunt
1511 5557 1627 5610 vos,
1657 5559 1836 5601 sermo
1865 5549 1970 5602 illis
2006 5565 2134 5604 one-

621 5663 637 5694 ί
659 5661 755 5713 Alii
791 5663 990 5727 habent,
1016 5678 1128 5734 εςο,
1160 5681 1367 5727 pm,

560 5748 642 5850 (η’
668 5753 812 5832 um“;
837 5758 944 5818 PO5t
987 5755 1132 5802 "erm
1170 5761 1210 5805 S-
1240 5759 1393 5818 Pauli.
1419 5763 1665 5832 sichabet
1692 5780 1704 5816 :
1730 5766 1896 5820 mlius
1917 5777 1985 5821 est
2007 5769 2134 5823 enim

574 5820 742 5850 ntrl‘l-
759 5817 887 5850 .\mn_
916 5819 960 5850 ρι
987 5824 1144 5850 nnxhsn
1167 5822 1354 5850 “bonne.-
1407 5823 1588 5850 id"---

574 5817 890 5870 r:ccre,.\'0to,
916 5819 960 5860 et
985 5824 1144 5874 postca
1167 5817 1387 5882 obsequi.
1405 5823 1604 5877 Idcirco.

1291 399 1346 451 S.
1378 396 1652 452 JUANNIS
1689 388 2160 450 CllltYSOSTOMl
2197 388 2513 445 ARCHIEP.
2552 387 3081 444 CONS’I’ANTINUP.

3709 380 3820 436 656

2239 517 2391 556 rosus
2414 503 2554 557 visus
2589 502 2775 557 fuisset
2807 523 2817 557 :
2853 516 2993 556 nunc
3031 507 3206 554 autem
3253 508 3372 568 post
3399 497 3720 554 sententiam
3745 501 3821 552 ab

2238 593 2366 660 ipsis
2394 593 2552 648 latam
2589 594 2768 647 mitior
2787 593 3018 647 videtur.
3049 591 3171 646 Ideo
3192 606 3403 646 causam
3430 589 3626 660 adjicit.
3658 588 3823 658 Qua:-

2237 700 2357 737 nam
2375 683 2462 736 illa
2488 693 2571 737 est
2595 683 2617 736 ?
2660 681 2800 737 Venit
2842 683 3069 739 Joannes
3089 723 3103 749 ,
3134 684 3325 753 inquit,
3348 684 3415 737 ad
3441 699 3526 737 vos
3550 725 3564 746 ,
3613 697 3717 736 non
3747 681 3820 736 ad

2235 776 2374 829 illos.
2400 775 2583 844 Neque
2620 774 2721 830 hoc
2747 777 2941 843 solum,
2967 777 3061 831 sed
3105 786 3158 831 et
3185 776 3251 830 1η
3272 779 3352 830 via
3370 777 3602 844 justitiie.
3631 774 3820 844 Neque

2236 869 2455 935 potesns
2505 885 2626 923 eum
2671 870 2958 934 criminari,
3006 868 3147 939 quod
3204 871 3480 940 negligens
3508 869 3819 937 inutilisque

2236 959 2401 1012 fuerit
2432 979 2443 1012 :
2475 960 2567 1014 sed
2599 970 2650 1015 et
2680 961 2784 1014 vita
2819 960 2934 1029 ejus
2964 960 3110 1014 oumi
3135 961 3288 1029 culpa
3322 962 3486 1015 libera
3519 1003 3533 1025 ,
3566 959 3820 1031 etprovi-

2235 1049 2412 1104 dentia
2447 1052 2762 1120 singularis,
2797 1062 2847 1107 et
2876 1062 3051 1107 tamen
3109 1069 3212 1106 non
3260 1053 3561 1108 attendistis
3589 1052 3658 1105 ei.
3690 1052 3821 1105 Post

2237 1143 2336 1195 hoc
2365 1144 2523 1196 etiam
2548 1143 2690 1196 aliud
2735 1145 2937 1198 crimen
2964 1155 3042 1198 est
3062 1185 3077 1207 ,
3104 1143 3245 1212 quod
3276 1143 3542 1211 publicani
3575 1142 3821 1196 attende-

2236 1235 2360 1299 rint;
2395 1235 2516 1289 hinc
2547 1235 2687 1288 aliud
2720 1236 2855 1306 quod
2890 1251 2982 1290 vos
3013 1251 3080 1291 ne
3117 1236 3329 1304 quidem
3358 1245 3480 1304 post
3501 1236 3622 1290 illos
3645 1234 3820 1289 credi-

2234 1325 2438 1379 deritis.
2485 1325 2732 1394 Oportuit
2772 1328 2913 1380 enim
2953 1341 3046 1380 vos
3075 1336 3200 1380 ante
3232 1327 3348 1380 illos
3374 1326 3595 1380 credere
3623 1367 3636 1390 ,
3671 1325 3816 1394 quod

2236 1433 2361 1470 vero
2384 1433 2555 1488 neque
2582 1429 2697 1487 post
2737 1419 2875 1482 illos,
2908 1418 3050 1471 omni
3078 1418 3229 1472 venia
3260 1417 3530 1486 indignum
3553 1427 3672 1472 est:
3704 1417 3818 1469 laus

2234 1509 2442 1562 illortnn
2472 1511 2686 1570 eximia,
2725 1511 2925 1562 crimen
2950 1511 3184 1563 vestrum
3212 1517 3389 1578 auget.
3414 1509 3491 1561 Ad
3526 1522 3618 1562 vos
3648 1507 3815 1572 venit,

2234 1615 2331 1654 nec
2352 1602 2642 1655 admisistis
2681 1601 2860 1665 illum;
2885 1615 2989 1655 non
3019 1601 3162 1655 venit
3191 1600 3256 1654 ad
3306 1601 3445 1666 illos,
3474 1609 3530 1654 et
3560 1613 3817 1668 suscepe-

2234 1702 2355 1744 runt
2374 1709 2491 1746 eum
2525 1709 2538 1757 ;
2569 1709 2739 1761 neque
2765 1694 2882 1748 illos
2907 1693 3156 1748 doctores
3183 1691 3484 1746 admittitis.
3513 1691 3646 1746 Vide
3684 1699 3818 1761 quot

2232 1783 2558 1852 argumentis
2581 1784 2694 1837 laus
2717 1785 2947 1850 illorum,
2975 1793 3028 1838 et
3050 1784 3238 1837 horum
3266 1783 3468 1837 crimen
3491 1782 3814 1838 ostenditur.

2235 1876 2313 1928 Ad
2347 1890 2439 1928 vos
2493 1878 2667 1940 venit,
2701 1891 2804 1931 non
2831 1876 2896 1929 ad
2931 1864 3068 1930 illos.
3099 1875 3201 1930 Vos
3226 1891 3330 1929 non
3360 1875 3683 1939 credidistis;
3714 1875 3818 1929 hoc

2235 1966 2338 2018 illis
2367 1965 2683 2021 offendicula
2732 1983 2838 2020 non
2891 1967 3007 2021 l'uit.
3052 1967 3129 2021 llli
3177 1967 3554 2032 crediderunt,
3587 1965 3638 2020 id
3667 1965 3821 2020 vobis

2235 2073 2338 2110 non
2366 2058 2582 2126 profuit.
2614 2058 2744 2112 lllnd
2775 2060 2940 2125 enim,
2965 2058 3287 2125 Prtecedent,
3321 2075 3425 2114 non
3450 2059 3661 2124 dicitur,
3689 2073 3818 2127 qua-

2233 2150 2274 2201 si
2305 2149 2356 2201 hi
2384 2159 2710 2218 sequantur;
2755 2151 2847 2205 st-d
2883 2152 3022 2220 quod
3068 2166 3215 2218 Spem
3245 2150 3474 2206 habeant
3502 2191 3518 2216 ,
3560 2151 3604 2203 si
3631 2150 3814 2204 velint.

2233 2239 2372 2294 Nihil
2402 2243 2543 2296 enim
2592 2244 2760 2312 magis
2786 2260 2943 2312 quam
2975 2244 3244 2298 aemulatio
3274 2245 3518 2298 rndiores
3562 2245 3814 2297 concitat.

2233 2329 2517 2400 Propterea
2565 2349 2777 2403 semper
2823 2333 2949 2387 dicit
2989 2351 3002 2386 :
3047 2333 3328 2387 Novissimi
3360 2334 3508 2402 primi
3544 2376 3559 2401 ,
3590 2344 3633 2386 et
3666 2336 3816 2402 primi

2233 2425 2508 2479 novissimi.
2542 2425 2768 2494 Ideoque
2809 2427 3118 2481 meretrices
3160 2437 3214 2481 et
3244 2427 3552 2495 publicanos
3583 2427 3813 2490 induxit,

2236 2523 2291 2568 ut
2322 2516 2439 2571 illos
2466 2517 2582 2570 zelo
2613 2516 2984 2572 inﬂammaret.
3023 2517 3146 2572 llaec
3173 2518 3313 2572 enim
3345 2519 3450 2571 duo
3478 2527 3691 2586 peccata
3718 2534 3816 2572 ex-

2237 2620 2404 2664 trema
2430 2623 2571 2676 sunt,
2599 2629 2663 2666 ex
2695 2611 2915 2667 ferventi
2940 2628 3122 2666 amore
3159 2621 3304 2681 parta
3333 2655 3346 2676 ,
3374 2613 3477 2667 alio
3507 2628 3814 2680 corporum,

2233 2703 2338 2755 alio
2361 2705 2721 2771 pecuniarum.
2763 2702 3001 2758 OSIeudit
3030 2713 3206 2758 autem
3231 2745 3244 2766 ,
3274 2703 3401 2757 illml
3426 2718 3548 2758 vere
3574 2718 3694 2757 esse
3723 2717 3818 2756 au~

2235 2796 2350 2848 dire
2393 2796 2558 2862 legem
2593 2794 2706 2858 Dei,
2737 2797 2779 2848 si
2811 2795 2999 2850 Joanni
3030 2795 3298 2851 credatur.
3341 2795 3448 2850 Nec
3475 2810 3604 2849 vero
3631 2796 3819 2864 gratia)

2233 2886 2402 2940 solum
2457 2896 2538 2940 est
2586 2887 2726 2956 quod
2771 2889 3079 2942 meretrices
3125 2889 3414 2951 introeant,
3443 2903 3625 2942 verum
3656 2891 3818 2941 etiam

2229 2979 2468 3046 justitim.
2499 2978 2612 3033 Non
2643 2979 2782 3033 enim
2807 2989 3086 3035 manentes
3113 2982 3426 3036 meretrices
3456 2981 3815 3046 introierunt,

2233 3069 2327 3124 sed
2349 3069 2660 3125 obedientes
2705 3079 2756 3125 et
2780 3071 3079 3134 credentes,
3115 3081 3169 3126 et
3196 3072 3462 3126 mundata:
3493 3081 3546 3125 et
3579 3079 3816 3138 mutata},

2233 3161 2314 3218 sic
2339 3161 2679 3218 introierunt.
2728 3163 2914 3218 Viden’
2939 3165 3208 3234 quomodo
3243 3166 3417 3219 minus
3453 3180 3732 3220 onerosam
3764 3173 3820 3220 et

2235 3253 2532 3308 breviorem
2578 3255 2878 3308 orationem
2911 3253 3037 3309 fecit
3058 3264 3171 3310 tum
3197 3270 3294 3325 per
3330 3255 3669 3323 parabolam,
3707 3264 3818 3308 tum

2237 3360 2331 3414 per
2393 3346 2732 3401 meretricum
2783 3349 3400 3403 commemorationem?
3450 3348 3631 3418 Neque
3677 3349 3818 3403 enim

2237 3437 2416 3491 statim
2444 3437 2609 3503 dixit,
2637 3437 2744 3494 Cur
2774 3455 2879 3495 non
2925 3441 3228 3496 credidistis
3264 3441 3506 3497 Joanni?
3535 3441 3633 3496 sed
3677 3441 3819 3510 quod

2238 3529 2395 3599 longe
2418 3531 2595 3586 acrius
2624 3541 2760 3599 erat,
2792 3533 3086 3601 publicanis
3115 3533 3594 3604 meretricibusque
3623 3550 3820 3603 propo-

2239 3620 2353 3674 sitis
2377 3662 2391 3686 ,
2425 3630 2550 3676 tunc
2591 3621 2720 3676 illud
2750 3623 2978 3686 induxit,
3019 3639 3083 3679 ex
3115 3640 3292 3678 rerum
3324 3624 3465 3679 serie
3509 3625 3627 3679 illos
3670 3625 3820 3678 venia

2239 3712 2480 3782 indignos
2530 3729 2778 3784 arguens,
2838 3716 3252 3786 ostendensque,
3299 3717 3444 3785 ipsos
3503 3716 3574 3770 ob
3623 3725 3823 3769 metum

2240 3803 2511 3858 hominum
2557 3815 2612 3858 et
2661 3819 2854 3859 vanam
2912 3805 3134 3877 gloriam
3203 3807 3383 3860 omnia
3436 3805 3632 3861 facere.
3688 3805 3822 3861 Nam

2240 3892 2510 3948 Christum
2543 3909 2647 3948 non
2677 3895 3067 3951 conﬁtebantur
3098 3912 3206 3967 pra:
3247 3897 3440 3952 timore
3465 3937 3479 3958 .
3514 3913 3628 3952 nea
3660 3913 3819 3970 syna-

2238 3999 2371 4053 goga
2396 3985 2754 4054 pellerentur;
2792 3997 2846 4041 et
2865 3986 3124 4042 Joannem
3157 4003 3261 4042 non
3287 3988 3556 4059 audebant
3580 4004 3820 4058 carpere,

2241 4092 2348 4130 non
2373 4077 2441 4130 ob
2470 4078 2740 4145 pietatem,
2764 4081 2855 4136 sed
2887 4090 3104 4150 propter
3129 4089 3349 4136 metum.
3379 4081 3509 4149 ρυλε
3525 4082 3704 4136 omnia
3736 4083 3826 4138 ille

2242 4167 2484 4238 probavit
2513 4183 2578 4224 ex
2622 4165 2982 4240 supradictis,
3035 4180 3088 4226 et
3135 4173 3351 4243 gravius
3402 4183 3584 4242 postea
3632 4175 3828 4230 vulnus

2246 4257 2437 4312 inﬂixit
2465 4262 2647 4315 dicens
2676 4276 2690 4313 :
2757 4261 2853 4316 Vos
2881 4274 3046 4317 autem
3077 4248 3296 4319 videntes
3339 4280 3440 4318 non
3483 4266 3827 4335 paenitentiam

2242 4352 2430 4421 egistis,
2469 4363 2523 4406 ut
2560 4356 2818 4410 crederitis
2838 4357 2904 4410 ei.
2939 4357 3244 4426 Improbum
3290 4358 3432 4414 enim
3471 4367 3554 4414 est
3579 4358 3648 4413 ab
3673 4359 3828 4414 initio

2243 4443 2438 4498 bonum
2471 4461 2576 4499 non
2604 4448 2819 4518 eligere;
2853 4448 3023 4518 majus
3043 4464 3171 4505 vero
3201 4452 3400 4508 crimen
3425 4492 3441 4518 ,
3468 4468 3572 4506 non
3604 4454 3824 4508 mutari.

2242 4537 2372 4592 Nam
2427 4539 2530 4595 hoc
2568 4541 2799 4597 maxime
2842 4543 3039 4598 multos
3070 4543 3340 4614 improbos
3369 4544 3533 4600 el'llcit
3559 4585 3578 4611 ,
3605 4547 3657 4600 id
3681 4548 3828 4617 quod

2239 4628 2344 4699 jam
2378 4631 2428 4685 in
2461 4633 2642 4687 multis
2663 4633 2819 4688 video
2842 4675 2856 4699 ,
2882 4634 2950 4689 ob
2976 4644 3270 4690 extremam
3295 4636 3667 4692 stoliditatem.
3715 4638 3826 4693 Sed

2242 4738 2399 4779 nemo
2426 4725 2542 4779 talis
2571 4727 2661 4790 sit,
2693 4741 2789 4780 oro
2823 4744 2836 4780 :
2868 4742 3054 4783 verum
3079 4728 3287 4782 etiamsi
3315 4729 3366 4782 in
3399 4737 3696 4785 extremum
3724 4745 3826 4784 ne-

2242 4815 2421 4883 quitia:
2448 4817 2626 4887 lapsus
2651 4818 2719 4873 sit
2740 4860 2754 4882 ,
2783 4833 2850 4874 ne
2875 4819 3121 4888 desperet
3146 4820 3215 4876 de
3244 4821 3636 4890 resipiscentia;
3669 4820 3827 4878 facile

2243 4905 2434 4974 quippe
2457 4916 2537 4962 est
2571 4923 2634 4963 ex
2667 4909 2926 4977 profundo
2955 4910 3308 4979 improbitatis
3335 4927 3631 4982 emergere.

2315 4997 2541 5053 Historia
2578 5014 2850 5055 nteretncts
2897 5003 3166 5072 cujusdam
3218 5021 3330 5074 quas
3405 5015 3598 5060 mutata
3651 5013 3825 5074 postea

2239 5101 2478 5144 sanctam
2495 5092 2648 5145 vitam
2672 5091 2911 5145 duxit.-—
2928 5095 3119 5149 Annon
3141 5094 3365 5150 audistis
3392 5094 3662 5164 quomodo
3709 5110 3824 5150 me-

2244 5182 2404 5237 retrix
2460 5183 2547 5236 illa
2579 5222 2594 5246 ,
2624 5199 2742 5252 qua:
2787 5182 2999 5238 lascivia
3044 5200 3232 5240 omnes
3276 5185 3561 5256 superabat
3593 5227 3606 5248 .
3633 5200 3824 5242 omnes

2240 5283 2420 5342 postea
2443 5275 2637 5344 pietate
2667 5275 2831 5330 vicit?
2852 5274 2965 5331 Non
2994 5277 3060 5332 de
3082 5279 3168 5333 illa
3191 5279 3380 5349 loquor
3397 5295 3517 5350 qua:
3564 5280 3616 5334 in
3649 5295 3818 5335 evan-

2235 5364 2388 5427 geliis
2415 5365 2612 5431 fertur;
2659 5365 2752 5421 sed
2779 5366 2846 5421 de
2873 5367 2959 5421 illa
3002 5384 3121 5438 quae
3162 5379 3346 5426 nostro
3391 5386 3507 5426 sevo
3552 5387 3620 5427 ex
3656 5371 3816 5428 Phae-

2236 5460 2389 5512 mcize
2441 5459 2655 5515 civitate
2697 5460 2935 5514 omnium
2965 5463 3284 5530 nequissima
3309 5463 3424 5518 fuit.
3476 5463 3598 5518 Haec
3620 5466 3818 5534 quippe

2238 5551 2487 5607 meretrix
2527 5552 2668 5622 apud
2697 5567 2796 5607 nos
2820 5563 2976 5619 erat,
3006 5555 3311 5625 primasque
3363 5555 3416 5609 in
3461 5570 3621 5611 scena
3666 5565 3816 5610 tene-

2236 5644 2324 5698 bat
2353 5684 2368 5707 ,
2404 5644 2553 5711 cujus
2591 5659 2784 5699 nomen
2816 5644 3009 5714 ubique
3037 5645 3407 5701 celebrabatur
3438 5686 3455 5711 ,
3485 5661 3584 5701 nec
3626 5647 3676 5700 in
3720 5662 3814 5701 no-

2236 5745 2344 5789 stra
2390 5735 2518 5790 urbe
2565 5745 2801 5802 tantum,
2836 5735 2932 5791 sed
2963 5751 3129 5807 usque
3171 5737 3236 5792 ad
3280 5736 3475 5794 Cilicas
3507 5745 3561 5791 et
3601 5737 3812 5805 Cappa-

2241 5829 2418 5883 docas.
2462 5828 2850 5898 Multorutnque
2879 5845 3008 5899 opes
3038 5831 3280 5887 exhausit
3309 5872 3324 5895 ,
3355 5829 3582 5902 pupillos
3621 5830 3819 5885 multos
