4040 6430
239 376 340 439 637

238 501 380 568 cepit
412 499 425 527 '
460 513 474 550 :
519 492 730 565 plurimi
771 505 899 548 vero
935 504 1053 544 eam
1101 489 1357 544 malclicis
1385 488 1461 542 uti
1505 487 1710 542 artibus
1755 485 1836 540 di-

239 591 450 653 cebant,
484 603 586 642 nec
619 587 864 656 corporis
895 582 1065 638 forma
1099 593 1326 648 tantum,
1351 582 1445 638 sed
1473 598 1540 638 es
1564 581 1839 637 veneﬁciis

238 683 372 737 retia
399 678 743 750 expandisse.
794 677 919 733 Haec
961 676 1318 746 imperatricis
1361 690 1574 744 quoque
1614 672 1835 727 fratrem

239 772 486 826 irrctivit.
535 769 666 823 Nam
709 769 872 821 multa
917 769 966 820 vi
997 765 1296 839 tyrannidis
1326 766 1575 834 pollebat.
1610 764 1716 819 Sed
1746 780 1831 819 re-

237 873 397 933 pente
450 861 632 917 nescio
683 860 954 930 quomodo
979 900 993 922 ,
1036 861 1143 911 imo
1183 858 1346 925 probe
1410 858 1525 912 scio
1563 855 1834 925 quomodo

233 962 432 1022 sponte
463 961 686 1015 mutata,
717 951 944 1022 gratiam
992 951 1084 1003 Dei
1135 949 1236 1003 sibi
1287 948 1582 1001 concilians
1609 989 1623 1009 ,
1653 947 1833 1001 omnia

236 1048 324 1101 illa
355 1046 582 1115 sprevit,
609 1060 671 1099 ac
697 1043 948 1114 projectis
968 1041 1246 1095 diabolicis
1291 1039 1554 1094 illecebris
1583 1080 1598 1102 ,
1631 1039 1696 1091 ad
1724 1047 1834 1093 ca!-

230 1140 342 1194 lum
373 1138 630 1193 accurrit.
654 1137 990 1205 Quamquam
1022 1133 1150 1188 nihil
1182 1133 1267 1187 illa
1300 1134 1506 1200 turpius
1524 1143 1636 1186 erat
1665 1173 1679 1196 ,
1709 1145 1830 1184 cum

232 1232 284 1286 in
308 1246 475 1286 scena
514 1236 891 1299 compareret:
937 1237 1173 1280 attamen
1219 1225 1414 1278 multas
1443 1235 1624 1292 postea
1667 1225 1832 1278 easd-

232 1333 342 1378 Iate
371 1323 689 1392 superavit,
739 1320 1022 1389 cilicioque
1067 1318 1251 1372 induta
1296 1332 1457 1371 omne
1505 1317 1834 1386 transigebat

231 1425 466 1483 tempus.
501 1415 669 1482 llujus
697 1411 1012 1467 revocanda:
1036 1424 1196 1464 causa
1230 1408 1515 1478 praefectus
1541 1423 1570 1461 a
1606 1409 1832 1477 quibus-

227 1507 352 1560 dam
383 1507 685 1561 concitatus
710 1512 792 1558 est
813 1543 830 1568 ,
875 1503 1072 1557 milites
1101 1501 1292 1555 armati
1322 1499 1388 1553 ad
1433 1513 1648 1552 scenam
1686 1500 1830 1553 illam

228 1599 527 1654 transferre
559 1614 663 1652 non
699 1604 1011 1668 potuerunt,
1053 1605 1314 1662 neque‘es
1343 1604 1486 1647 coetu
1520 1593 1780 1661 virginum
1811 1635 1826 1657 ,

223 1706 350 1760 qua:
396 1691 543 1742 illam
590 1695 903 1756 receperant
933 1727 946 1748 ,
977 1685 1230 1738 educere.
1261 1683 1387 1737 Ilaec
1411 1684 1582 1736 sacris
1612 1683 1828 1752 dignata

229 1783 538 1854 mysteriis,
568 1796 688 1834 cum
729 1789 949 1848 acci'pta
989 1779 1158 1848 gratia
1207 1778 1424 1846 dignum
1470 1779 1678 1830 virtutis
1716 1788 1832 1830 slu-

226 1877 375 1930 dinm
420 1874 772 1937 adhibuisset,
805 1873 966 1926 vitam
996 1872 1191 1926 clausit
1211 1913 1224 1934 ,
1254 1885 1374 1925 cum
1406 1883 1621 1940 peccata
1649 1871 1828 1924 omnia

230 1983 322 2035 per
351 1967 579 2036 gratiam
610 1965 831 2018 cluisset
864 2005 879 2027 ,
937 1971 991 2018 et
1042 1971 1160 2032 post
1213 1961 1536 2030 baptismum
1581 1977 1827 2032 magnam

225 2059 563 2112 exhibuisset
618 2055 1032 2126 philosophiam.
1093 2054 1203 2109 Nec
1262 2070 1516 2124 umquam
1561 2065 1828 2110 amatores

226 2151 355 2203 olim
405 2164 533 2203 suos
572 2148 891 2203 accedentes
943 2147 1186 2216 aspicere
1220 2147 1404 2208 voluit,
1454 2161 1618 2216 seque
1656 2146 1826 2215 ipsam

228 2244 465 2305 inclusit,
499 2241 802 2311 multosque
832 2255 1003 2294 annos
1043 2239 1192 2310 quasi
1220 2241 1271 2292 in
1303 2254 1520 2294 carcere
1541 2239 1824 2308 transegit.

229 2337 320 2389 Sic
347 2344 496 2388 erunt
545 2333 803 2387 novissimi
827 2333 978 2402 primi
1012 2373 1026 2396 ,
1059 2342 1104 2386 et
1133 2332 1283 2401 primi
1313 2332 1570 2385 novissimi
1594 2331 1611 2402 (
1637 2329 1823 2384 Matth.

224 2430 316 2486 20.
351 2431 417 2484 I6
446 2430 464 2499 )
497 2447 508 2480 :
540 2428 619 2484 sic
671 2409 827 2482 nabis
854 2427 1048 2497 ubique
1077 2425 1300 2480 ferventi
1328 2425 1508 2480 animo
1547 2440 1683 2495 opus
1719 2434 1822 2480 est.

225 2521 366 2576 Nihil
395 2520 920 2589 impeditquominus
939 2519 1111 2588 magni
1133 2529 1186 2573 et
1204 2518 1476 2573 mirabiles
1502 2518 1812 2574 evadamus.

297 2616 353 2670 4.
400 2612 697 2682 Desperatio
776 2623 824 2667 et
903 2613 1229 2684 praeumptio
1303 2611 1828 2668 uitanda—Nemo

226 2707 387 2776 igitur
419 2707 471 2758 in
516 2704 752 2774 nequitia
794 2703 996 2775 degens
1036 2703 1322 2772 desperet:
1359 2719 1519 2758 nemo
1562 2703 1819 2758 virtutem

223 2810 491 2851 exercens
517 2795 792 2861 dormizet,
829 2810 1003 2866 neque
1037 2790 1132 2848 ille
1148 2794 1384 2850 conlldat
1411 2797 1454 2848 ³.
1491 2795 1649 2865 Smpe
1671 2813 1824 2851 nam-

223 2905 330 2958 que
355 2888 568 2942 eveniet
608 2897 666 2941 ut
709 2888 960 2942 meretrix
1005 2887 1162 2940 illum
1206 2895 1527 2946 anteverlat.
1563 2889 1660 2944 llle
1700 2906 1827 2943 ver-

225 2999 292 3036 ne
319 2981 613 3051 desperet;
651 2980 846 3050 poterit
872 2981 1014 3033 enim
1043 2981 1203 3034 etiam
1244 2981 1446 3049 primos
1499 2981 1826 3048 przecedere.

224 3074 361 3129 Audi
415 3073 542 3142 quid
588 3072 730 3127 dicat
787 3073 924 3127 Deus
953 3071 1324 3144 Jerosolyniae.
1383 3072 1506 3128 Dixi
1558 3085 1827 3145 postquam

226 3169 485 3237 fornicata
514 3175 587 3220 est
630 3167 684 3219 in
713 3166 1062 3220 Itisomnibus
1085 3207 1100 3230 ,
1139 3164 1457 3233 Convertere,
1490 3177 1536 3220 et
1587 3185 1828 3222 conversa

224 3276 325 3314 mm
356 3268 431 3314 est
461 3255 594 3328 (Jer.
627 3258 681 3314 3.
711 3258 804 3328 7).
835 3257 972 3312 Cum
1013 3257 1174 3326 igitur
1210 3257 1506 3313 ferventem
1546 3258 1641 3313 Dei
1671 3275 1794 3312 amo

224 3367 338 3406 rem
367 3351 597 3410 adimus,
634 3363 741 3404 non
795 3349 1112 3403 recordatur
1139 3350 1227 3403 ille
1257 3350 1517 3418 priorum.
1568 3350 1686 3406 Non
1745 3362 1828 3406 est

224 3442 358 3496 sicut
391 3441 556 3495 homo
597 3441 740 3496 Dens
768 3457 782 3505 ;
817 3456 990 3510 neque
1018 3441 1160 3495 enim
1187 3448 1460 3512 praeterita
1492 3443 1690 3512 probro
1712 3443 1824 3508 dat,

225 3549 402 3606 neque
427 3533 560 3589 dicit
589 3551 603 3587 :
633 3533 813 3604 Quare
835 3542 981 3588 tanto
1010 3543 1249 3603 tempore
1294 3534 1548 3590 abfuisti?
1579 3536 1622 3590 si
1647 3545 1826 3592 tamen

227 3626 601 3695 penitentiam
645 3627 956 3695 egerimus;
1005 3627 1101 3680 scd
1144 3626 1315 3696 diligit
1346 3642 1464 3693 nos,
1494 3644 1615 3682 cum
1655 3629 1826 3698 ipsum

225 3716 438 3770 adimus
474 3757 487 3779 ,
535 3715 664 3770 dum
701 3724 758 3769 ut
811 3725 1024 3784 oportet
1054 3715 1389 3772 accedamus.
1426 3719 1530 3787 Ipsi
1556 3736 1685 3789 ergo
1729 3722 1826 3774 ad-

226 3809 446 3861 modum
478 3807 782 3863 liazreamus
809 3849 825 3874 ,
852 3817 905 3860 et
930 3808 1261 3879 conligamus
1293 3810 1485 3863 timore
1525 3813 1640 3879 ejus
1665 3813 1826 3866 corda

227 3897 674 3967 nostra'(Psal.
709 3898 829 3953 ll8.
882 3898 1048 3964 120).
1101 3899 1208 3953 lies
1259 3899 1566 3969 liujusmodi
1622 3919 1727 3958 non
1777 3906 1828 3959 in

235 4004 366 4042 nova
429 3989 602 4044 solmn
653 3990 808 4059 lege,
861 3989 953 4044 sed
1009 4001 1060 4045 et
1116 3991 1166 4044 in
1225 3993 1390 4046 veteri
1452 3994 1828 4052 observantur.

236 4084 367 4156 Quid
397 4086 540 4139 enim
586 4085 828 4167 Manasse
853 4085 1091 4140 deterius
1118 4086 1141 4139 ?
1171 4085 1275 4142 Sed
1310 4089 1482 4159 potuit
1524 4089 1686 4145 [leum
1717 4093 1830 4161 pla-

229 4193 354 4233 care
386 4177 474 4248 (Δ.
501 4176 624 4247 Reg.
651 4176 792 4246 2|)?
821 4178 955 4246 Quid
981 4178 1267 4234 Salomone
1295 4180 1542 4234 beatius?
1572 4182 1678 4236 Sed
1707 4185 1833 4237 dor-

232 4271 430 4324 mitans
478 4271 673 4325 cecidit
701 4269 789 4341 (3.
825 4269 951 4341 Reg.
982 4272 1070 4325 Il.
1105 4270 1341 4345 t).'lmo
1372 4272 1490 4328 haec
1517 4274 1676 4328 ambo
1705 4291 1830 4344 pos-

232 4378 349 4417 sum
382 4363 434 4417 in
468 4377 576 4416 uno
621 4362 907 4418 ostendere
933 4407 948 4428 ,
987 4366 1037 4418 in
1067 4366 1186 4432 ejus
1221 4367 1422 4422 scilicet
1473 4378 1659 4438 patre:
1709 4385 1830 4438 nam

233 4453 323 4508 illc
344 4463 399 4508 et
430 4452 630 4521 probus
664 4463 720 4508 et
760 4453 1034 4522 improbus
1064 4453 1184 4509 fuit.
1221 4456 1358 4523 Quid
1391 4458 1525 4514 Juda
1563 4461 1780 4517 beatius
1807 4465 1830 4517 ‘.’

231 4545 340 4601 Sed
373 4546 472 4600 fuit
513 4546 775 4616 proditor.
821 4547 958 4619 Quid
1005 4548 1169 4605 Paulo
1229 4553 1527 4608 miserius?
1579 4555 1686 4610 Sed
1737 4557 1834 4612 fuit

231 4637 534 4708 apostolus.
582 4637 719 4706 Quid
766 4638 1018 4694 Matthmo
1065 4641 1268 4713 pejus?
1302 4645 1407 4699 Sed
1455 4646 1554 4701 fuit
1606 4665 1836 4721 evange-

232 4731 376 4784 lista.
429 4728 570 4796 Quid
607 4730 828 4787 Simone
882 4732 1240 4790 laudabilius?
1285 4736 1391 4793 Sed
1445 4739 1544 4795 fuit
1595 4745 1835 4799 omnium

233 4822 594 4877 miserrimus.
655 4824 798 4888 Quot
849 4824 1053 4879 similes
1093 4831 1456 4896 mutationes,
1501 4843 1554 4887 et
1601 4837 1727 4890 olim
1781 4849 1839 4895 et

237 4929 380 4972 nunc
437 4914 677 4984 quotidie
751 4916 920 4972 factas
953 4959 968 4983 ,
1017 4919 1203 4977 videre
1241 4925 1433 4993 potes?
1474 4927 1836 4995 Quamobrem

234 5008 377 5068 dico,
411 5022 515 5062 nec
544 5008 732 5062 histrio
754 5008 1027 5080 desiperet,
1059 5027 1158 5068 nec
1194 5015 1238 5068 is
1264 5017 1353 5086 qui
1389 5018 1441 5072 in
1473 5021 1698 5077 ecclesia
1756 5035 1839 5080 est

238 5101 494 5157 conﬁdat.
538 5101 675 5157 Huic
709 5119 940 5175 namque
984 5105 1134 5162 dicit.
1167 5108 1267 5176 Qui
1313 5112 1509 5168 videtur
1555 5126 1711 5182 stare,
1759 5120 1837 5173 oi-

239 5194 352 5250 tIeat
373 5211 436 5248 ne
459 5193 613 5248 cadat
643 5194 720 5268 (Ι.
754 5196 873 5252 Cor.
901 5197 988 5254 IO.
1023 5198 1105 5270 12)
1134 5217 1148 5267 ;
1191 5202 1266 5257 illi
1315 5213 1494 5262 autem
1519 5249 1548 5275 ,.
1572 5207 1842 5280 Numquid

299 5379 316 5411 ⁸
344 5377 503 5437 Alius,
527 5375 700 5430 [ultos
721 5377 944 5432 reddidit
958 5380 1218 5446 orphanos.

284 5459 532 5575 ἐπεὶ..
549 5473 689 5512 mae
711 5460 935 5515 virtutem
955 5476 1190 5520 excreare
1211 5467 1443 5534 conﬁdat,
1469 5474 1667 5525 missis
1689 5477 1840 5527 inter

236 5539 280 5588 ps

298 5610 320 5642 ³
340 5610 420 5683 sic
463 5606 596 5683 Editi
617 5615 694 5683 _et
727 5613 1153 5683 lawsaiptarum
1191 5627 1304 5676 pars
1325 5618 1590 5683 maxima:
1613 5621 1694 5671 alii
1730 5636 1836 5683 pro,

237 5673 386 5721 corda
409 5677 600 5748 nostra,
614 5669 1002 5748 legum-carries
1023 5669 1229 5748 nostras,
1248 5686 1303 5727 ut
1325 5679 1610 5748 habeturin
1636 5669 1838 5748 Psahno;

230 5743 411 5850 ista:
429 5732 635 5784 fortasse
651 5732 834 5788 librarii
855 5735 1182 5809 Chrysostoml
1197 5732 1358 5791 locum
1384 5744 1652 5796 emendare
1743 5732 1838 5812 ﬁt}:

1166 368 1230 428 IN
1269 366 1674 425 MATTIIASL'M
1718 366 1946 425 IIUMII..
1989 371 2196 431 LXVII.
2237 377 2310 433 al.
2351 377 2586 438 LXVIII.

3451 393 3559 452 638

1950 493 2035 558 qui
2071 492 2209 544 cadit
2248 509 2350 547 non
2391 506 2618 567 resurget
2637 497 2768 567 (Jer.
2802 498 2856 553 8.
2885 499 2959 572 4)
2983 499 3090 571 Iet,
3111 502 3299 560 Munus
3320 511 3556 567 remissus

1947 595 1994 637 et
2027 601 2192 656 genua
2221 588 2408 642 debilia
2435 590 2668 645 roborate
2692 591 2862 662 (Isai.
2882 595 2971 650 '55.
3003 597 3094 667 5).
3128 599 3205 652 Ac
3232 614 3420 655 rursus
3445 602 3550 670 his,

1957 674 2200 748 Vigilate;
2223 680 2330 734 illis
2359 697 2486 737 vero
2512 724 2526 744 ,
2558 682 2727 754 Surge
2758 727 2772 751 ,
2817 687 2904 758 qui
2926 687 3120 744 dormis
3147 731 3164 757 ,
3216 700 3262 745 et
3287 708 3499 766 resurge
3525 714 3556 749 a

1947 773 2160 826 mortuis
2182 773 2200 846 (
2223 773 2411 842 Ephes.
2447 776 2500 831 5.
2533 778 2601 830 It
2622 780 2661 847 ).
2687 777 2820 832 Nam
2850 779 2902 832 hi
2942 781 2993 834 id
3025 782 3167 851 quod
3198 783 3398 841 habent
3442 803 3561 842 ser-

1947 880 2071 920 vare
2100 865 2321 933 debent,
2355 868 2427 922 illi
2483 885 2613 924 vero
2658 871 2709 926 id
2765 873 2879 927 fieri
2933 875 3080 942 quod
3133 892 3238 932 non
3288 890 3462 946 sunt;
3499 880 3554 934 hi

1948 957 2234 1010 sanitatem
2272 959 2543 1014 costodire
2563 1003 2576 1026 ,
2605 962 2675 1015 illi
2707 964 2775 1017 ab
2797 963 3110 1022 inﬁrmitate
3137 968 3374 1026 liberari.
3421 973 3558 1027 Mul-

1948 1059 2058 1101 tum
2120 1049 2364 1104 laborant
2392 1053 2732 1122 aegritudine,
2767 1056 2863 1110 sed
2911 1058 3063 1112 multi
3107 1061 3233 1130 aegri
3285 1064 3552 1120 valetudi-

1954 1155 2072 1192 nem
2118 1153 2439 1210 I‘CCle“I‘:lIll
2464 1186 2478 1207 ,
2518 1156 2569 1199 ct
2603 1146 2739 1200 bene
2784 1148 3050 1216 valentes,
3076 1151 3120 1205 si
3152 1154 3462 1226 negligant,
3498 1159 3551 1213 in

1947 1231 2193 1284 morbum
2234 1234 2496 1290 incidunt.
2537 1238 2646 1292 Illis
2681 1239 2860 1309 itaque
2902 1241 3032 1296 dicit
3062 1259 3076 1297 :
3111 1240 3442 1314 Ecce‘santts
3473 1256 3555 1322 [a-

1941 1333 2052 1378 ctus
2081 1340 2132 1378 es
2152 1341 2171 1381 :
2201 1327 2308 1380 noli
2329 1329 2554 1398 amplius
2580 1347 2809 1400 peccare,
2833 1349 2896 1387 ne
2918 1334 3018 1388 tibi
3032 1338 3158 1406 quid
3182 1338 3405 1397 deterius
3425 1360 3550 1398 con-

1941 1415 2102 1485 tingat
2123 1415 2305 1486 (Joan.
2338 1419 2390 1476 5.
2417 1421 2530 1489 ib);
2563 1423 2647 1477 his
2696 1439 2844 1490 vero,
2892 1425 2978 1482 Vis
3006 1445 3164 1484 sanus
3208 1432 3364 1501 ﬁeri?
3406 1433 3554 1492 Tolle

1940 1508 2209 1576 grabatum
2239 1521 2396 1572 tuum.
2417 1523 2464 1566 et
2495 1515 2622 1567 vade
2639 1517 2690 1569 in
2704 1516 2913 1572 domum
2945 1531 3084 1574 tuam
3113 1521 3278 1601 (Ibid.
3311 1541 3359 1578 tt.
3392 1526 3444 1581 6.
3468 1527 3549 1589 8).

1939 1600 2132 1656 Gravis
2163 1605 2328 1669 enim,
2357 1606 2536 1676 gravis
2581 1620 2729 1665 certe
2776 1612 3040 1685 paralysis
3089 1625 3173 1671 est
3225 1629 3548 1688 peccatum;

1941 1697 2048 1748 imo
2079 1711 2183 1750 non
2216 1698 2482 1768 paralysis
2501 1709 2727 1766 tantum,
2759 1703 2853 1759 sed
2875 1706 3076 1777 aliquid
3104 1711 3344 1779 gravius.
3367 1711 3551 1781 Neque

1939 1788 2084 1841 enim
2119 1788 2204 1843 hie
2236 1790 2390 1844 bonis
2435 1803 2637 1848 tantum
2684 1797 2922 1864 privatur
2955 1840 2969 1863 ,
3009 1801 3112 1856 sed
3171 1805 3226 1857 ili
3281 1804 3548 1860 malorum

1937 1883 2196 1937 exercitio
2222 1894 2324 1938 est.
2359 1887 2606 1942 Attamen
2655 1889 2780 1945 licet
2810 1892 2881 1944 ita
2907 1891 3133 1948 allectus
3159 1895 3254 1960 sis,
3286 1897 3332 1951 si
3362 1897 3549 1953 voluc-

1937 1973 2012 2026 ris
2063 1975 2333 2042 panlulum
2397 1994 2691 2049 exsurgere
2725 2023 2740 2047 ,
2801 1987 2982 2039 omnia
3041 1987 3180 2041 mala
3242 1990 3545 2046 solvuntur.

1935 2066 2159 2122 Etiamsi
2203 2071 2414 2140 triginta
2445 2083 2570 2127 octo
2595 2090 2766 2129 annos
2795 2075 2996 2135 habeas
3021 2121 3036 2143 ,
3065 2081 3108 2134 si
3139 2083 3427 2138 sanitatem
3457 2101 3545 2142 ro-

1935 2171 2195 2224 cuperare
2236 2160 2455 2215 studeas
2488 2205 2503 2228 ,
2543 2165 2675 2218 nihil
2739 2167 2915 2221 obest.
2980 2170 3149 2226 Adest
3196 2174 3360 2227 etiam
3403 2192 3547 2230 nunc

1933 2247 2181 2306 Christus
2208 2263 2261 2307 et
2308 2255 2470 2318 dicit,
2516 2254 2662 2310 Tolle
2688 2259 2871 2312 lectum
2926 2271 3110 2316 tuum:
3162 2265 3325 2320 modo
3373 2267 3543 2329 velis;

1934 2357 2115 2413 surge,
2149 2361 2214 2398 ne
2258 2345 2550 2416 desperes:
2593 2350 2865 2407 hominem
2891 2368 2996 2407 non
3021 2354 3186 2411 habes
3207 2399 3220 2419 ,
3254 2358 3348 2412 sed
3380 2361 3547 2416 habes

1938 2434 2128 2491 Deum.
2155 2437 2271 2492 Non
2316 2437 2482 2495 habes
2511 2442 2682 2496 virum
2715 2444 2805 2513 qui
2834 2453 2885 2500 te
2914 2445 2966 2500 in
2997 2448 3259 2516 piscinam
3289 2450 3490 2521 injiciat
3526 2469 3543 2521 ;

1935 2527 2028 2582 sed
2063 2527 2227 2584 habes
2253 2546 2375 2584 eum
2406 2533 2496 2600 qui
2528 2549 2635 2589 non
2664 2534 2806 2589 sinat
2843 2545 2895 2592 te
2922 2553 3060 2608 opus
3091 2539 3294 2597 habere
3317 2544 3542 2612 piscina.

1933 2618 2050 2675 Non
2081 2621 2246 2676 habes
2267 2622 2355 2691 qui
2390 2633 2442 2678 te
2474 2623 2567 2679 illo
2600 2627 2884 2696 conjiciat,
2909 2630 3005 2684 sed
3039 2631 3206 2687 habes
3236 2635 3326 2702 qui
3353 2635 3542 2704 jubeat

1935 2712 2124 2767 tollere
2154 2713 2350 2768 lectum
2380 2725 2551 2771 tnmn.
2595 2717 2710 2772 Non
2749 2719 2872 2775 licet
2899 2721 3106 2779 diceret
3138 2766 3153 2791 ,
3184 2725 3321 2780 Dum
3341 2744 3433 2799 ego
3463 2745 3546 2784 oe-

1935 2805 2041 2868 uio,
2069 2806 2202 2860 alius
2234 2820 2352 2862 ante
2393 2827 2472 2865 me
2501 2810 2760 2867 descendit
2787 2810 2950 2887 (Ibid.
2985 2834 3032 2871 v.
3069 2819 3147 2886 7).
3180 2819 3235 2878 Si
3280 2822 3424 2877 enim
3455 2838 3549 2878 ve-

1934 2897 1999 2952 lis
2029 2898 2081 2953 in
2109 2900 2310 2955 fontem
2340 2901 2692 2972 descendere,
2723 2922 2884 2962 nemo
2916 2911 3192 2980 impediet.
3221 2913 3403 2970 Gratia
3436 2932 3544 2972 non

1935 2995 2293 3058 consumitur,
2343 3013 2449 3051 non
2483 2997 2812 3067 impenditur
2842 3021 2855 3055 :
2901 3001 3021 3055 fons
3051 3005 3267 3074 quidam
3296 3018 3378 3062 est
3403 3023 3548 3063 sem-

1936 3101 2031 3151 per
2053 3089 2386 3151 scaturiens,
2419 3106 2484 3144 ex
2516 3093 2856 3162 plenitudine
2884 3096 3004 3163 ejus
3039 3113 3231 3154 omnes
3267 3116 3544 3170 sanamnr,

1933 3185 1988 3229 et
2018 3179 2314 3232 secundum
2343 3181 2578 3235 animam
2626 3193 2680 3237 et
2726 3186 3026 3240 secundum
3057 3202 3278 3256 corpus.
3310 3193 3549 3248 Acceda-

1936 3283 2055 3321 mus
2082 3269 2242 3337 igitur
2270 3272 2431 3326 etiam
2461 3289 2624 3328 nunc.
2659 3275 2791 3330 Nam
2817 3277 2966 3333 Raab
3002 3282 3258 3337 meietrix
3284 3295 3423 3349 erat,
3451 3289 3546 3342 sed

1935 3371 2146 3416 servata
2175 3374 2291 3431 est;
2322 3365 2460 3421 latro
2505 3367 2774 3424 homicida
2819 3381 2958 3440 erat,
3007 3374 3100 3427 sed
3141 3376 3376 3444 paradisi
3412 3381 3550 3436 civis

1936 3453 2161 3511 cll‘ectus
2182 3466 2264 3512 est
2291 3474 2306 3514 :
2329 3469 2384 3514 et
2412 3458 2598 3528 Judas,
2630 3463 2720 3531 qui
2747 3459 2869 3518 cum
2891 3467 3153 3536 magistro
3180 3478 3320 3535 erat,
3351 3473 3546 3540 periit;

1937 3545 2076 3600 latro
2103 3558 2283 3604 autem
2313 3591 2328 3613 ,
2368 3551 2420 3605 in
2451 3567 2612 3608 cruce
2645 3569 2766 3608 cum
2799 3565 2986 3622 esset,
3034 3558 3335 3630 discipulus
3375 3560 3550 3617 factus

1935 3647 2038 3692 est.
2091 3639 2216 3695 llzcc
2245 3640 2337 3696 Dei
2386 3642 2652 3698 mirabilia
2677 3656 2822 3700 sunt.
2869 3646 2960 3702 Sic
3009 3651 3148 3720 magi
3187 3653 3550 3724 acceptabiles

1939 3730 2196 3797 fuerunt;
2242 3735 2322 3789 sic
2367 3735 2688 3808 publicanus
2725 3741 3056 3811 evangelista
3105 3742 3276 3800 factus
3316 3757 3441 3814 est;
3471 3748 3551 3803 sic

1936 3822 2286 3890 blasphemus
2312 3825 2410 3881 fuit
2439 3830 2738 3900 apostolus.

2010 3951 2064 4005 5.
2115 3951 2333 4010 Muralis
2362 3957 2653 4013 exhortatio
2679 3959 2748 4013 ad
2787 3960 2984 4017 labores
3013 3963 3128 4018 vita
3152 3965 3402 4034 patienter
3431 3969 3552 4023 tole-

1937 4046 2146 4105 randas.
2178 4077 2249 4088 ——
2274 4049 2396 4104 Haec
2423 4054 2709 4122 conspice,
2738 4064 2794 4109 et
2823 4071 3114 4127 numquam
3142 4057 3422 4128 desperes,
3453 4063 3550 4117 sed

1937 4151 2154 4206 semper
2173 4140 2406 4204 confide.
2440 4153 2496 4198 et
2519 4146 2700 4200 excita
2728 4148 2981 4222 teipsum.
3010 4147 3162 4206 Viam
3189 4153 3366 4208 solum
3394 4155 3550 4220 inito,

1939 4245 2060 4298 qua:
2092 4231 2182 4285 illo
2204 4233 2369 4300 ducit,
2395 4243 2449 4289 et
2468 4238 2723 4293 celeriter
2753 4239 2969 4303 incede.
2997 4242 3073 4297 Ne
3089 4243 3310 4300 claudas
3331 4245 3550 4325 januas,

1941 4339 2009 4380 nc
2036 4325 2337 4395 ingressum
2384 4331 2653 4402 obsepias.
2685 4334 2855 4389 Breve
2878 4344 2962 4391 est
3010 4348 3250 4406 prmi-iens
3298 4348 3549 4409 tempus,

1943 4431 2139 4486 parvus
2163 4421 2332 4476 labor.
2379 4424 2598 4480 Etiamsi
2639 4443 2864 4499 magnus
2890 4439 3038 4485 esset
3069 4475 3085 4498 ,
3110 4445 3182 4486 ne
3209 4435 3288 4487 sic
3331 4433 3548 4502 quidem

1942 4508 2236 4581 desperare
2293 4523 2592 4584 oporteret.
2643 4518 2863 4574 Etiamsi
2905 4523 3048 4576 enim
3082 4538 3225 4577 nunc
3253 4522 3554 4594 pulcherri-

1947 4621 2091 4658 mum
2118 4606 2378 4674 laborem,
2425 4625 2584 4678 quem
2619 4613 2932 4679 poenitentia
2981 4623 3035 4669 et
3077 4616 3248 4671 virtus
3294 4617 3547 4684 afferunt,

1943 4713 2052 4752 non
2081 4699 2364 4768 suscipias,
2399 4700 2448 4753 in
2481 4702 2681 4756 mundo
2711 4716 2859 4758 certe
2882 4705 3153 4762 laborahis
3178 4709 3365 4764 etalio
3391 4709 3556 4765 modo

1943 4789 2182 4844 sudabis.
2207 4790 2358 4859 Quod
2388 4791 2431 4845 si
2467 4803 2516 4847 et
2549 4793 2635 4849 hic
2682 4804 2737 4850 et
2772 4796 2882 4850 illic
2921 4797 3074 4852 labor
3120 4810 3204 4855 est
3229 4841 3246 4866 ,
3293 4817 3392 4856 cur
3443 4818 3552 4859 non

1946 4881 2092 4939 hunc
2133 4882 2372 4938 laborem
2409 4886 2735 4956 suscipimus
2767 4929 2782 4953 ,
2833 4889 2922 4959 qui
2972 4891 3199 4946 multum
3243 4893 3398 4949 aﬂ'ert
3445 4894 3557 4951 fru-

1944 4981 2088 5028 ctum
2120 4981 2176 5028 et
2213 4988 2463 5045 magnam
2513 4978 2819 5032 mercedem
2846 4979 2870 5033 3
2898 4977 3239 5052 Quamquam
3272 4999 3378 5038 non
3411 4986 3558 5040 idem

1946 5063 2035 5120 hic
2087 5063 2240 5121 labor
2278 5068 2368 5136 qui
2406 5066 2537 5122 illic.
2570 5066 2626 5122 In
2669 5070 3019 5128 stecularibus
3063 5073 3209 5128 enim
3245 5073 3555 5145 frequentia

1945 5159 2205 5228 pericula,
2233 5159 2429 5216 damna
2477 5161 2578 5216 sibi
2622 5172 2808 5219 mutuo
2853 5166 3200 5224 succedentia
3229 5209 3248 5236 ,
3295 5184 3422 5240 spes
3477 5171 3561 5224 iii-

1945 5263 2112 5315 certa,
2139 5254 2373 5309 servitus
2427 5254 2618 5323 multa,
2656 5259 3006 5328 pecuniarum
3040 5303 3056 5329 ,
3107 5277 3396 5332 corporum
3431 5303 3449 5328 ,
3501 5271 3560 5319 et

1945 5343 2140 5400 animae
2167 5345 2470 5416 dispendia,
2499 5357 2555 5413 et
2593 5347 2864 5406 fructuum
2919 5365 3216 5426 proventus
3266 5373 3362 5428 spe
3397 5358 3560 5429 longe

1948 5438 2207 5506 minores,
2242 5441 2286 5494 si
2315 5450 2494 5497 tamen
2523 5445 2742 5499 veniant
2782 5464 2795 5502 :
2829 5462 3002 5518 neque
3027 5451 3173 5506 enim
3215 5452 3555 5506 saeularium

1947 5545 2126 5586 rerum
2155 5531 2383 5589 sudores
2430 5533 2662 5591 fructum
2712 5552 2930 5609 semper
2956 5541 3209 5599 aﬂ'eru'nt.
3262 5544 3540 5602 Verumta-

1948 5639 2069 5678 men
2098 5627 2200 5681 etsi
2233 5641 2339 5682 non
2377 5628 2670 5698 excidant,
2706 5633 2917 5690 etiamsi
2950 5637 3177 5694 multum
3231 5650 3553 5710 proventum

1947 5717 2210 5788 afferant,
2263 5721 2478 5778 modico
2510 5733 2755 5795 tempore
2804 5737 3046 5787 manent.
3080 5729 3214 5788 Cum
3269 5733 3414 5788 enim
3461 5748 3550 5792 se-

1954 5811 2156 5880 nueris,
2183 5827 2281 5870 nec
2311 5814 2483 5886 [sissis
2509 5815 2574 5873 iis
2620 5833 2719 5888 pro
2762 5828 2887 5877 voto
2915 5818 3041 5893 frui,
3073 5833 3198 5881 tunc
3243 5826 3553 5884 mercedem
