4074 6458
508 388 610 444 659

508 496 748 550 laborum
790 490 1014 558 recipies
1045 490 1084 543 ί.
1136 486 1225 542 Sic
1253 486 1404 540 labor
1459 486 1667 554 vigente
1709 496 1932 551 corpore
1975 494 2092 533 sus-

509 590 744 658 cipitur:
797 584 999 638 fructus
1049 589 1226 635 autem
1273 589 1326 635 et
1377 579 1659 646 voluptas,
1698 590 1924 644 corpore
1975 573 2086 642 jam

511 694 639 734 sene
667 687 719 732 et
746 676 920 729 soluto
948 715 962 740 ,
996 687 1116 727 cum
1155 685 1370 726 sensum
1418 683 1622 738 tempus
1649 666 1942 728 exstinxit,
1987 666 2086 719 etsi

511 785 616 825 non
637 781 853 838 prorsus
875 763 1220 829 exstinxerit,
1252 761 1436 815 mortis
1462 774 1584 828 Spes
1605 774 1708 813 non
1740 758 1864 812 sinit
1887 754 2092 811 deliciis

512 862 636 917 frui.
663 861 772 914 Illic
800 873 927 913 vero
954 871 1040 912 res
1069 872 1175 910 non
1208 856 1277 909 ita
1314 870 1373 910 se
1402 854 1594 917 habet,
1629 851 1724 907 sed
1754 852 1904 906 labor
1929 856 2012 904 est
2037 851 2088 904 En

512 951 855 1020 corruptione
901 949 1032 1003 etin
1069 946 1276 1001 mortali
1312 942 1577 1015 eoa-pore;
1620 957 1815 998 corona
1860 955 1989 996 vero
2037 941 2090 993 in

509 1045 758 1111 integro,
817 1038 1110 1094 immortali
1159 1043 1221 1103 ',
1278 1040 1436 1093 linem
1498 1054 1603 1090 non
1661 1038 1911 1093 habente.
1967 1036 2077 1092 La-

507 1134 608 1190 bor
635 1134 886 1204 przrcedit
917 1144 969 1186 et
997 1132 1173 1186 brevis
1211 1141 1332 1195 est;
1374 1145 1578 1185 merces
1622 1142 1799 1184 autem
1833 1131 2078 1199 sequitur

509 1232 563 1275 et
590 1230 672 1275 est
693 1222 972 1282 immensa,
1005 1225 1061 1270 ut
1094 1231 1215 1270 cum
1248 1216 1494 1270 libertate
1541 1214 1756 1270 demum
1809 1215 2087 1283 quiescas,

510 1310 638 1365 nihil
666 1317 982 1378 exspectans
1010 1306 1375 1376 injucundum.
1401 1305 1553 1360 Nulla
1597 1305 1738 1359 enim
1770 1305 1837 1359 ibi
1870 1305 2091 1359 mutatio

512 1402 743 1458 timenda
766 1443 781 1468 ,
811 1401 986 1455 nullus
1016 1414 1192 1464 casus,
1218 1408 1275 1452 ut
1303 1399 1353 1452 in
1382 1397 1484 1453 hoc
1512 1398 1730 1452 mundo.
1759 1398 1941 1464 Qualia
1991 1412 2088 1450 an-

511 1503 614 1548 tem
645 1502 770 1549 sunt
801 1493 914 1547 bzec
937 1492 1096 1558 bona,
1122 1506 1226 1545 non
1257 1499 1364 1543 tuta
1390 1531 1403 1553 ,
1431 1487 1524 1542 sed
1555 1489 1754 1554 brevia,
1781 1490 1938 1554 lutea,
1971 1504 2088 1558 qum

575 1630 587 1658 ¹
617 1634 808 1676 Gnaeus
847 1632 1016 1674 textus
1039 1623 1308 1673 accuratius
1331 1621 1622 1670 redderetur
1645 1621 1736 1670 hoc
1758 1620 1901 1681 modo
1942 1635 1953 1669 :
1993 1629 2091 1681 (tuo

511 1688 632 1737 enim
656 1694 881 1754 tempore,
903 1682 1270 1754 tibisenescenti
1284 1681 1532 1754 voluptatis
1545 1695 1710 1754 sensus
1732 1680 1975 1754 hebetatus
1997 1680 2086 1744 est,

511 1755 620 1798 tunc
643 1745 912 1798 mercedem
933 1746 1148 1808 laborum
1171 1745 1346 1808 recipis
1359 1758 1386 1808 ;Δ
1403 1750 1456 1793 et
1486 1745 1640 1808 juxta
1661 1745 1820 1808 Morel.
1853 1758 1865 1792 :
1895 1754 2091 1808 Tempus

515 1809 640 1859 enim
662 1821 755 1872 quo
776 1808 860 1872 tibi
881 1806 1142 1872 senescenti
1163 1804 1412 1872 uoluptatis
1433 1804 1600 1855 sensus
1621 1804 1863 1855 hebetatus
1887 1811 1974 1864 est,
2001 1805 2091 1855 hoc

511 1869 696 1932 tempus
719 1869 801 1932 tibi
823 1869 1096 1932 mercedem
1119 1869 1275 1932 affert.

516 1989 527 1999 _
572 1935 590 1962 '
609 1926 789 2041 'Morf'll._
804 1938 856 1980 et
877 1930 1070 1994 quidam
1093 1926 1202 1986 alii,
1229 1939 1404 1978 corona
1442 1939 1553 1976 vero
1581 1926 1632 1978 in
1668 1926 2024 1992 incorruptibili
2044 1934 2090 1978 et

516 2005 703 2041 nnnasst
769 2004 804 2041 ι.

511 2004 804 2055 impasstetn.

1247 376 1304 433 S.
1344 372 1616 432 JOANNIS
1654 365 2125 427 CIIRYSOSTOMI
2167 365 2476 422 ARCHIEP.
2519 361 3044 420 CONSTANTINOP.

3671 355 3776 410 640

2201 481 2286 533 vix
2315 487 2570 549 apparent
2598 488 2650 532 et
2674 485 3016 542 evanescunt,
3043 491 3106 530 ac
3131 490 3248 530 cum
3279 473 3458 529 multis
3501 473 3776 529 laboribus

2197 569 2572 642 possidentur?
2609 570 2738 638 Qua:
2779 569 2915 624 bona
2943 576 3069 624 sunt
3094 569 3196 622 illis
3216 567 3437 637 atqualia
3460 610 3472 630 ,
3503 583 3622 637 ane
3652 577 3778 620 sunt

2196 663 2506 730 immobilia,
2556 679 2676 732 qua:
2724 678 3010 732 numquam
3052 668 3339 716 senescunt
3365 701 3380 728 ,
3424 675 3544 728 quae
3577 660 3778 712 nullius

2195 765 2318 809 sunt
2345 755 2541 810 laboris
2561 796 2575 821 ,
2607 771 2724 826 qua!
2750 755 3098 809 certaminum
3140 764 3378 822 tempore
3423 767 3649 806 coronas
3682 751 3775 804 tibi

2194 847 2466 903 afferunt?
2498 849 2625 902 Nam
2649 849 2735 917 qui
2769 847 3021 917 pecunias
3056 846 3312 915 despicit,
3338 847 3446 914 jam
3489 846 3612 897 tunc
3637 858 3781 896 mer-

2195 942 2380 997 cedem
2426 941 2612 1010 recipit
2645 980 2658 1002 ,
2691 939 3050 994 sollicitudine
3078 953 3295 1002 vacuus,
3347 936 3514 989 livore
3539 976 3554 1000 ,
3623 949 3781 1002 53co-

2195 1033 2408 1104 pltautia
2440 1074 2454 1098 ,
2485 1032 2710 1095 insidiis,
2743 1030 2956 1085 invidia.
3002 1030 3099 1097 Qui
3131 1039 3310 1085 castus
3357 1037 3437 1084 est
3489 1035 3544 1081 et
3590 1037 3782 1079 ornate

2195 1128 2342 1193 vivit,
2369 1127 2529 1182 etiam
2565 1135 2847 1195 antequam
2873 1123 3116 1187 decedat,
3161 1131 3450 1177 coronatur
3478 1131 3531 1175 et
3562 1122 3610 1173 in
3641 1119 3778 1172 deli-

2195 1219 2295 1273 ciis
2325 1217 2487 1288 degit,
2515 1216 2797 1282 dedecore,
2831 1196 3183 1276 irrisionibus,
3218 1213 3467 1282 periculis
3496 1253 3510 1276 ,
3558 1225 3780 1265 accusa-

2198 1310 2428 1364 tionibus
2453 1309 2675 1378 aliisqne
2703 1308 2947 1363 omnibus
2976 1307 3127 1360 malis
3150 1306 3427 1359 liberatus.
3467 1303 3600 1357 Alia)
3641 1319 3780 1369 quo-

2195 1419 2296 1474 que
2319 1401 2527 1457 virtutis
2561 1409 2739 1471 partes
2773 1400 3017 1454 similiter
3038 1400 3146 1466 jam
3181 1399 3264 1451 hic
3292 1395 3444 1451 nobis
3475 1394 3781 1450 mercedem

2195 1495 2440 1550 aderunt.
2479 1495 2544 1550 Ut
2583 1494 2741 1564 igitur
2776 1502 2828 1548 et
2869 1494 3150 1562 pra-sentin
3180 1502 3232 1546 et
3264 1492 3434 1546 futura
3483 1505 3783 1559 censequa-

2196 1605 2315 1643 mur
2344 1588 2477 1642 bona
2503 1629 2518 1654 ,
2551 1586 2812 1656 fugiamus
2857 1586 3143 1655 nequitiam
3185 1593 3240 1638 et
3281 1585 3528 1636 virtutem
3572 1583 3782 1648 ample-

2197 1690 2420 1734 ctamur.
2454 1676 2545 1731 Sic
2567 1674 2708 1731 enim
2747 1689 2797 1729 et
2839 1675 2924 1730 hic
2953 1676 3004 1728 in
3031 1674 3237 1728 deItcils
3275 1674 3493 1741 erimus,
3525 1682 3576 1725 et
3605 1671 3779 1724 fultura

2197 1786 2585 1842 consequemur
2611 1769 2750 1824 bona
2787 1785 2941 1838 :qua:
2975 1768 3176 1821 utinam
3209 1780 3398 1820 omnes
3425 1764 3783 1832 adipiscamur

2197 1866 2363 1936 gratia
2397 1874 2450 1920 et
2493 1863 2818 1932 benignitate
2845 1861 3055 1915 Domini
3087 1859 3252 1914 nostri
3279 1859 3406 1913 Jesu
3427 1857 3624 1914 Christi
3650 1900 3663 1920 ,
3694 1858 3780 1910 cui

2197 1957 2364 2027 gloria
2390 1966 2442 2011 et
2463 1956 2742 2025 imperium
2771 1955 2822 2007 in
2850 1953 3043 2008 sarcula
3066 1951 3409 2006 sa‘culorum.
3441 1953 3633 2005 Amen.

1619 2188 1964 2252 HOMILIA
2006 2191 2289 2286 LXVIII.
2335 2190 2422 2253 al.
2467 2190 2692 2250 LXIX.

510 2359 634 2413 Csr.
667 2354 760 2410 ΩΙ.
791 2370 841 2406 v.
872 2354 958 2408 3’5.
998 2353 1167 2406 Aliam
1210 2351 1500 2420 parabolam
1542 2352 1729 2405 audite.
1787 2350 1952 2406 Homo
1976 2353 2092 2423 qui—

579 2446 698 2498 dam
735 2454 842 2498 erat
867 2443 1253 2514 paterfamilias,
1300 2443 1390 2512 qui
1417 2443 1657 2510 plantavit
1682 2443 1893 2508 vineam,
1936 2454 1980 2496 et
2019 2461 2095 2497 se-

582 2553 693 2606 pem
721 2535 1079 2605 circumposuit
1105 2534 1150 2587 ei
1177 2549 1196 2587 :
1221 2544 1267 2586 et
1295 2533 1425 2601 fodit
1445 2533 1496 2586 in
1514 2549 1572 2586 ea
1599 2535 1840 2597 torcular,
1865 2545 1911 2588 et
1938 2535 2095 2603 (ediﬁ-

582 2629 710 2681 cavit
737 2628 915 2682 turrim
937 2645 956 2682 :
983 2636 1029 2680 et
1054 2627 1233 2680 locavit
1259 2642 1369 2679 eam
1393 2627 1650 2696 agricolis,
1675 2636 1721 2680 et
1747 2643 1950 2698 peregre
1977 2644 2098 2699 pro-

587 2727 744 2791 fectus
773 2730 865 2774 est.
898 2722 986 2775 54.
1025 2719 1242 2787 Quando
1263 2730 1431 2772 autem
1457 2720 1878 2789 appropinquavit
1901 2730 2098 2789 tempus

590 2813 866 2879 fructuum,
895 2811 1032 2864 misit
1060 2826 1225 2864 servos
1266 2826 1383 2865 suos
1421 2812 1488 2863 ad
1513 2811 1783 2880 agricolas,
1821 2820 1873 2864 ut
1903 2814 2097 2878 accire-

583 2914 692 2957 rent
714 2907 907 2975 fructus
927 2905 1056 2973 ejus.
1085 2903 1173 2958 55.
1206 2900 1273 2955 Et
1299 2903 1554 2973 agricolaz,
1597 2903 1923 2970 apprehensis
1946 2907 2098 2957 servis

585 2997 713 3064 ejus,
761 2995 920 3048 alium
961 2995 1267 3058 ceciderunt,
1314 2995 1470 3047 alium
1509 2994 1884 3064 interfecerunt,
1937 2995 2096 3048 alium

586 3096 754 3141 autent
799 3085 1167 3155 lapidaverunt.
1209 3085 1298 3140 36.
1337 3083 1561 3138 Rursum
1601 3085 1735 3139 misit
1769 3087 1896 3139 alios
1933 3101 2099 3141 servos

590 3193 798 3231 numero
823 3177 1013 3245 plures,
1051 3184 1096 3228 et
1123 3178 1344 3245 fecerunt
1372 3174 1476 3228 illis
1512 3175 1760 3230 similiter.
1793 3177 1880 3230 57.
1913 3174 2101 3230 Novis—

593 3269 718 3322 sime
743 3276 912 3320 autem
945 3267 1081 3319 misit
1102 3265 1169 3318 ad
1186 3281 1270 3319 eos
1297 3265 1460 3334 ﬁlium
1479 3283 1624 3320 suum
1647 3267 1818 3320 dicens
1841 3283 1859 3320 :
1891 3267 2100 3322 Revere-

590 3360 772 3412 buntur
792 3358 921 3426 forte
937 3357 1100 3424 ﬁlium
1121 3372 1304 3410 meum.
1338 3357 1425 3411 58.
1454 3357 1705 3427 Agricola
1732 3368 1902 3411 autem
1929 3359 2103 3413 uiden-

593 3459 666 3502 tes
691 3448 874 3517 ﬁlium,
907 3446 1140 3500 dixerunt
1169 3449 1221 3500 in
1246 3447 1424 3516 seipsis
1447 3463 1466 3500 :
1486 3446 1588 3500 Hic
1625 3456 1700 3502 est
1729 3449 1892 3511 heres,
1915 3449 2096 3514 venite,

591 3538 954 3606 interﬁciamus
979 3553 1111 3603 eum,
1153 3546 1197 3591 et
1226 3537 1570 3606 possideamus
1606 3538 1930 3592 hereditatem
1967 3541 2099 3609 ejus.

593 3627 682 3682 59.
715 3627 780 3681 Et
807 3627 1179 3697 apprehensum
1221 3642 1336 3680 eum
1381 3627 1629 3696 eiecerunt
1658 3637 1797 3682 extra
1833 3629 2027 3682 vineam
2059 3639 2104 3683 et

589 3717 964 3785 interfecerunt.
1002 3715 1091 3770 40.
1120 3717 1247 3770 Cum
1281 3733 1400 3786 ergo
1442 3719 1626 3771 uenerit
1660 3719 1894 3773 dominus
1922 3720 2099 3785 vincar,

591 3808 712 3878 quid
737 3807 886 3876 faciet
910 3806 1147 3878 agricolis
1173 3807 1317 3862 illis?
1336 3809 1425 3861 Η.
1455 3807 1640 3862 Dicunt
1666 3811 1710 3862 ei
1734 3825 1753 3863 :
1781 3810 1948 3865 Malos
1969 3813 2104 3866 male

593 3896 785 3967 perdet,
835 3907 882 3949 et
926 3899 1121 3949 vineam
1162 3899 1304 3950 su'am
1335 3897 1517 3951 locabit
1560 3899 1673 3953 aliis
1711 3902 1967 3971 agricolis,
2017 3903 2103 3971 qui

593 3989 800 4042 reddent
839 3989 884 4042 ei
924 3992 1118 4059 fructus
1168 3990 1471 4059 (corporibus
1517 3992 1642 4044 suis.
1691 3991 1780 4046 42.
1823 3991 1959 4046 Dicit
2002 3995 2104 4048 illis

593 4080 745 4136 Jesus
773 4097 791 4134 :
823 4081 1122 4152 Numquam
1169 4083 1360 4153 legistis
1402 4083 1456 4135 in
1501 4082 1817 4153 Scripturis,
1859 4085 2107 4156 Lapidem

593 4191 740 4244 quem
785 4174 1174 4240 reproburerunt
1220 4174 1548 4244 aediﬁcantes,
1600 4178 1682 4231 hic
1737 4182 1899 4249 factus
1945 4190 2016 4233 est
2054 4181 2108 4234 in

598 4275 751 4329 caput
788 4264 963 4335 anguli
991 4263 1160 4334 (Psal.
1197 4266 1317 4319 H7.
1341 4265 1471 4335 22)?

598 4358 650 4410 l.
696 4355 853 4410 Multa
878 4370 971 4424 per
998 4356 1135 4410 hanc
1163 4357 1467 4425 parabolam
1490 4358 1827 4415 subindicat:
1859 4361 1955 4416 Dei
1981 4376 2107 4432 pro-

527 4448 834 4512 vidcnliam,
866 4463 967 4518 qua
999 4461 1211 4518 semper
1242 4449 1345 4504 illis
1372 4450 1560 4516 adfuit,
1593 4455 1992 4522 sanguinarium
2018 4471 2109 4510 eo-

528 4555 688 4594 ruma
711 4538 966 4608 principio
982 4539 1237 4607 animum,
1259 4541 1495 4611 nihilque
1514 4545 1928 4612 przetermissum
1947 4546 2109 4603 luisse

529 4629 673 4698 quod
719 4628 784 4683 ad
826 4642 1008 4683 curam
1053 4645 1238 4685 eorum
1279 4633 1568 4701 gerendam
1609 4635 1920 4703 pertineret,
1965 4639 2108 4706 quod

531 4717 806 4788 prophetis
850 4718 1040 4772 occisis
1079 4734 1184 4774 non
1231 4736 1452 4776 aversus
1499 4722 1566 4776 ab
1610 4723 1713 4779 illis
1741 4723 1901 4780 fuerit
1949 4727 2105 4794 Deus,

531 4809 622 4863 scd
662 4817 716 4864 et
759 4808 951 4864 Filium
983 4826 1134 4864 suum
1168 4813 1410 4876 miserit;
1441 4813 1580 4883 quod
1622 4814 1754 4869 Novi
1799 4825 1854 4871 et
1896 4815 2108 4875 Veteris

534 4897 859 4956 'I‘estamenti
891 4916 1024 4956 unus
1063 4911 1118 4958 et
1148 4902 1287 4958 idem
1329 4904 1400 4959 sit
1425 4905 1566 4959 Deus
1592 4923 1606 4970 ;
1636 4907 1778 4976 quod
1817 4924 1964 4964 mors
1989 4913 2105 4979 ejus

536 5009 722 5064 magna
773 5003 987 5063 operata
1035 4995 1133 5062 sit;
1179 4995 1321 5064 quod
1363 5005 1626 5052 extremas
1653 5013 1838 5067 patrias
1883 5001 2008 5057 dent
2037 5003 2105 5056 ob

534 5100 745 5140 erucem
774 5094 828 5139 et
867 5082 1070 5140 facinus
1099 5101 1253 5140 suum
1283 5088 1555 5157 :gentium
1597 5092 2022 5163 conversionem,
2054 5104 2109 5150 et

531 5175 834 5233 Judzeorum
863 5176 1093 5245 lapsum.
1130 5176 1255 5232 Ideo
1293 5179 1453 5247 igitur
1480 5180 1616 5235 hanc
1650 5182 1958 5251 parabolam
1991 5197 2108 5255 post

535 5269 921 5338 prtecedentem
953 5270 1148 5338 posuit,
1184 5278 1240 5324 ut
1268 5281 1322 5326 et
1346 5271 1516 5342 majus
1546 5275 1748 5330 crimen
1777 5267 2104 5345 ostenderet,

535 5360 675 5430 quod
721 5358 918 5413 nullam
947 5362 1158 5416 veniam
1204 5374 1520 5420 mereretur.
1570 5364 1686 5432 Quo
1716 5366 1873 5421 modo
1912 5379 1963 5423 et
2005 5387 2106 5440 qua

537 5451 777 5507 ratione?
804 5451 936 5517 Quia
969 5461 1166 5506 tantam
1204 5455 1342 5508 nacti
1372 5454 1461 5510 Dei
1491 5455 1899 5526 providentiam,
1931 5475 1959 5514 a
1997 5477 2105 5517 mc-

537 5540 812 5598 rctrieibus
838 5549 892 5595 et
918 5540 1212 5610 publicanis
1235 5543 1379 5611 victi,
1405 5545 1560 5616 longe
1586 5560 1731 5602 retro
1764 5548 1929 5603 relicti
1962 5563 2102 5606 sunt.

543 5630 812 5699 Perpende
850 5642 1029 5688 autem
1073 5640 1128 5688 et
1167 5622 1282 5704 ejus
1313 5650 1556 5705 magnam
1600 5637 2004 5707 providentiam,
2056 5653 2109 5697 et

544 5722 744 5778 illarum
779 5723 1141 5781 incredibilem
1173 5727 1532 5796 supinitatem.
1576 5727 1706 5784 Nam
1741 5746 1858 5801 qua
1899 5735 2105 5803 agrico-

2196 2353 2368 2408 larum
2396 2364 2575 2416 erant,
2602 2354 2714 2424 ipse
2745 2352 2864 2408 fecit
2897 2370 2909 2406 :
2949 2355 3235 2408 maceriam
3265 2353 3668 2423 circumposuit,
3704 2355 3783 2408 vi-

2196 2462 2349 2501 neam
2378 2447 2654 2517 plantavit,
2696 2446 2896 2516 reliqua
2927 2445 3103 2499 omnia
3147 2445 3431 2513 prmstitit;
3477 2455 3532 2500 et
3559 2461 3780 2515 parvum

2197 2538 2322 2607 quid
2355 2539 2485 2608 ipsis
2515 2539 2748 2607 reliquit,
2777 2547 2832 2591 ut
2860 2554 2945 2592 res
2972 2537 3092 2592 illas
3123 2548 3393 2602 curarent,
3426 2546 3480 2592 et
3507 2553 3623 2608 quae
3657 2538 3780 2592 data

2196 2626 2403 2681 fuerant
2427 2637 2826 2682 conscrvarent.
2848 2626 2987 2681 Nihil
3008 2628 3151 2682 enim
3176 2629 3430 2681 omissmn
3457 2626 3664 2693 fuerat;
3689 2629 3783 2682 sed

2199 2721 2376 2773 omnia
2418 2719 2649 2788 perlecta
2696 2731 2890 2773 erant:
2928 2717 3057 2772 nihil
3098 2728 3272 2773 tamen
3317 2720 3421 2773 illis
3462 2720 3584 2774 inde
3626 2720 3782 2786 lucri,

2201 2812 2323 2865 licet
2351 2811 2476 2880 ipsis
2505 2818 2647 2864 tanta
2676 2811 2992 2865 contulisset
3013 2811 3171 2865 bona.
3195 2810 3327 2866 Nam
3358 2820 3479 2881 post
3509 2826 3786 2882 egressum

2201 2918 2265 2956 ex
2297 2902 2530 2974 Egypto
2569 2904 2739 2972 legem
2786 2901 2953 2968 dedit,
2996 2901 3180 2956 urbem
3221 2903 3480 2967 condidit,
3529 2902 3786 2972 templum

2199 2995 2513 3061 Construxit,
2545 3009 2690 3047 aram
2726 2995 2914 3049 erexit.
2945 2993 3014 3046 Et
3047 3010 3254 3065 peregre
3289 2995 3544 3063 profectus
3588 3007 3660 3049 est
3686 3013 3702 3056 ;
3734 2993 3784 3048 id

2202 3095 2303 3149 est,
2333 3088 2485 3156 longa
2519 3100 2647 3140 usus
2687 3095 2768 3140 est
2795 3086 3068 3155 patientia,
3097 3101 3215 3139 eum
3257 3102 3364 3141 non
3409 3101 3623 3157 semper
3665 3102 3787 3156 per-

2203 3178 2446 3232 cantibus
2495 3179 2675 3233 statim
2722 3178 2979 3248 supplicia
3028 3177 3262 3234 inferat:
3303 3181 3785 3250 peregrinationem

2202 3269 2396 3338 quippe
2446 3269 2656 3338 longam
2702 3270 3039 3324 tolerantiam
3093 3280 3265 3325 vocat.
3327 3271 3392 3324 Et
3441 3272 3575 3325 misit
3622 3288 3787 3325 servos

2205 3376 2350 3424 suos,
2390 3360 2491 3414 hoc
2529 3369 2648 3422 est,
2696 3361 3016 3430 prophetas;
3066 3372 3121 3416 ut
3167 3361 3394 3416 fructum
3446 3364 3785 3432 acciperent,

2209 3451 2260 3506 id
2306 3460 2407 3516 est,
2457 3451 2816 3506 obedientiam
2864 3468 2959 3521 per
3013 3469 3172 3523 opera
3221 3454 3662 3510 demonstratam.
3711 3453 3789 3510 Illi

2207 3558 2335 3599 vero
2381 3543 2466 3599 hic
2507 3545 2666 3599 etiam
2710 3546 3001 3616 nequitiam
3051 3562 3199 3600 suam
3259 3547 3635 3614 exhibucrunt,
3681 3564 3788 3603 non

2207 3635 2368 3690 modo
2403 3635 2542 3703 quod
2570 3646 2688 3704 post
2709 3645 2910 3690 tantam
2950 3652 3132 3692 curam
3175 3637 3403 3693 fructum
3442 3655 3544 3694 non
3577 3643 3788 3708 darent,

2206 3726 2347 3795 quod
2389 3726 2762 3797 negligentiam
2793 3744 2901 3797 pra:
2939 3745 2997 3785 se
3039 3729 3302 3795 ferebant,
3334 3730 3428 3786 sed
3457 3732 3617 3786 etiam
3649 3734 3790 3801 quod

2209 3817 2328 3873 illos
2364 3820 2643 3874 venientes
2673 3820 2887 3891 indigne
2930 3821 3154 3876 ferrent.
3202 3822 3336 3877 Nam
3381 3825 3470 3895 qui
3502 3825 3788 3894 debebant,

2206 3924 2305 3963 nec
2353 3909 2577 3964 reddere
2627 3919 2891 3978 poterant,
2947 3927 3052 3967 non
3107 3914 3376 3984 indignari
3427 3932 3596 3987 neque
3650 3933 3794 3990 aegre

2207 3998 2346 4054 ferre
2375 4000 2678 4069 Oportebat,
2702 4002 2794 4056 sed
2819 4017 3024 4073 rogare.
3059 4003 3133 4059 Illi
3162 4022 3290 4060 vero
3311 4024 3417 4064 non
3447 4011 3795 4082 indignabar

2210 4098 2296 4143 tur
2341 4090 2521 4158 modo,
2572 4092 2665 4148 sed
2720 4109 2907 4149 manus
2949 4097 3208 4167 sanguine
3248 4101 3560 4168 replebant,
3606 4113 3662 4160 et
3703 4108 3795 4176 qui

2210 4196 2395 4250 ptenas
2414 4182 2542 4238 dare
2569 4183 2855 4250 debebant,
2888 4202 3073 4257 pinnas
3102 4193 3448 4260 expetebant.
3485 4194 3715 4265 Ideoque
3744 4210 3797 4254 et

2207 4275 2473 4330 secundos
2512 4285 2566 4330 et
2600 4278 2782 4334 tertios
2821 4279 2986 4342 misit,
3020 4289 3076 4335 ut
3105 4283 3478 4340 ostenderetur
3503 4298 3557 4342 et
3583 4289 3795 4344 illorum

2209 4368 2443 4435 nequitia
2484 4377 2537 4422 et
2577 4370 2837 4427 mittentis
2874 4372 3194 4444 benignitas.
3238 4376 3305 4431 Et
3347 4393 3442 4433 cur
3483 4396 3588 4435 non
3630 4383 3798 4439 lilium

2211 4458 2390 4511 statim
2423 4459 2612 4512 misit?
2653 4459 2723 4516 Ut
2763 4476 2829 4516 ex
2875 4463 3029 4518 malis
3063 4481 3182 4532 quas
3228 4467 3279 4522 in
3323 4467 3440 4524 illos
3485 4471 3795 4540 intulerunt,

2211 4559 2329 4601 sese
2355 4546 2670 4605 damnantes
2721 4551 2959 4620 iramque
2998 4560 3350 4632 remittentes,
3383 4560 3532 4616 illum
3573 4565 3799 4620 venien-

2213 4648 2317 4692 tem
2344 4649 2672 4694 vererentur.
2703 4641 2987 4698 Possemus
3011 4647 3139 4702 alias
3170 4650 3553 4719 explicationes
3577 4655 3799 4721 addere,

2211 4728 2304 4782 sed
2336 4730 2401 4783 ad
2427 4732 2701 4798 sequentia
2737 4748 3035 4802 pergamus.
3060 4737 3194 4802 Quid
3216 4739 3316 4794 sibi
3338 4741 3449 4796 vult
3471 4743 3617 4806 illud.
3643 4744 3801 4802 Forte

2213 4820 2609 4875 reverebantur?
2640 4821 2754 4878 Non
2784 4825 3075 4893 ignorantis
3110 4838 3212 4893 est,
3244 4832 3401 4896 absit,
3444 4835 3537 4890 sed
3572 4838 3801 4895 volentis

2212 4910 2497 4966 ostendere
2532 4924 2783 4982 quantum
2817 4928 3097 4985 peceatum
3123 4931 3283 4986 esset,
3314 4933 3367 4978 et
3394 4929 3536 4981 omni
3570 4945 3798 4985 excusa-

2215 5001 2357 5057 tione
2403 5018 2646 5059 vaeunm.
2687 5004 2817 5060 Cum
2863 5009 3027 5064 sciret
3067 5012 3211 5068 enim
3264 5016 3609 5074 occidendum
3662 5021 3796 5091 fore,

2214 5095 2357 5148 misit
2381 5104 2577 5150 tamen.
2608 5097 2737 5153 Illud
2766 5109 2965 5167 autem,
3000 5103 3374 5162 Reverebunlnr
3400 5113 3564 5178 ﬁlium
3608 5133 3796 5184 meum,

2214 5186 2352 5253 quod
2383 5188 2554 5242 facere
2580 5188 2844 5246 debebant
2885 5198 3123 5250 enuntiat
3150 5217 3161 5252 :
3194 5199 3313 5268 quia
3342 5207 3618 5271 oportebat
3650 5220 3795 5266 certe

2214 5275 2332 5330 illos
2361 5280 2609 5332 revereri.
2640 5279 2912 5351 Siquidem
2941 5295 2995 5339 et
3015 5289 3136 5343 alibi
3169 5289 3296 5346 dicit
3325 5311 3336 5346 :
3370 5294 3431 5349 Si
3455 5301 3586 5365 forte
3619 5302 3798 5355 audie-

2214 5368 2313 5419 rint
2335 5366 2544 5436 (Ezech.
2580 5371 2631 5423 2.
2656 5371 2710 5441 5)
2739 5392 2750 5426 :
2784 5391 2955 5446 neque
2982 5377 3086 5434 illic
3117 5381 3408 5451 ignorabat,
3441 5390 3534 5444 sed
3559 5407 3624 5446 ne
3647 5393 3797 5449 dice-

2216 5469 2333 5514 rent
2363 5462 2574 5530 quidam
2621 5464 2866 5534 improbi,
2896 5472 3294 5538 prmdictionem
3331 5479 3492 5536 fuisse
3533 5501 3638 5538 non
3670 5488 3798 5543 ohe-

2215 5552 2388 5607 diendi
2422 5557 2775 5613 necessariam
2803 5576 3038 5628 causam,
3074 5567 3194 5623 ideo
3231 5572 3308 5627 sic
3344 5574 3482 5630 dicta
3513 5587 3791 5648 temperat,

2217 5645 2278 5701 Si
2309 5650 2437 5716 forte
2463 5650 2670 5717 dicens,
2715 5663 2768 5707 et
2796 5655 3051 5711 Fortasse.
3081 5659 3212 5717 Nam
3240 5666 3281 5719 si
3316 5667 3455 5722 circa
3486 5645 3671 5727 servos
3703 5645 3799 5728 ἱιιιέ

2221 5741 2366 5808 prohi
2392 5741 2625 5808 luerunt,
2659 5742 2747 5801 lilii
2781 5747 3089 5815 dignitatem
3120 5759 3351 5812 revereri
3375 5765 3627 5830 oportuit.
3659 5768 3794 5834 Quid
