4040 6422
287 367 385 424 Nl

286 495 424 549 ergo
455 477 588 534 isti?
610 476 750 534 Cum
777 488 1063 531 accurrere
1090 473 1444 542 oportuisset,
1471 471 1794 540 veniamque
1816 470 1884 522 de

231 587 236 590 '
289 573 531 642 peccatis
552 580 752 641 petere.
775 569 957 639 priora
985 581 1248 634 superare
1270 572 1609 627 concertant,
1638 571 1692 615 et
1713 559 1884 616 scele-

289 682 349 719 ra
384 663 688 722 sceleribus
721 662 943 715 vincere
966 700 982 726 ,
1017 659 1196 729 priora
1238 672 1454 725 semper
1489 654 1884 725 posterioribus

275 764 610 826 «inruentes;
647 758 792 830 quod
816 764 868 810 et
899 757 1017 827 ipse
1033 753 1319 810 declarans
1344 751 1420 805 ait
1441 770 1455 805 :
1478 749 1699 818 lmplete
1725 761 1869 799 men—

281 869 467 907 suram
498 862 711 920 patrum
741 859 1032 903 vestrorum
1065 843 1281 915 (Matth.
1311 843 1403 897 25.
1437 839 1548 912 39.).
1583 837 1702 894 1am
1740 837 1871 892 olim

275 946 427 999 enim
464 942 751 1012 propheta:
792 941 858 995 de
907 941 992 994 his
1040 939 1160 993 illos
1207 934 1540 990 accusabant
1573 931 1820 986 dicentes
1856 942 1872 980 :

289 1033 487 1087 Manus
531 1042 715 1086 restria
745 1032 914 1100 plena:
943 1039 1063 1084 sunt
1095 1029 1352 1098 sanguine
1389 1025 1546 1095 (lsai.
1583 1024 1634 1078 1.
1667 1022 1790 1089 15);
1823 1025 1882 1073 «ει

283 1121 616 1192 Sanguinem
654 1121 902 1190 sanguini
939 1120 1154 1172 miscent
1180 1115 1339 1188 (Osee
1369 1117 1421 1170 4.
1453 1115 1532 1187 2);
1564 1121 1639 1178 et,
1675 1110 1878 1180 didi/i-

267 1219 420 1262 nmte
451 1209 581 1263 Sion
609 1209 662 1262 in
693 1208 1022 1280 sanguinibus
1049 1206 1236 1278 (Mica.
1270 1206 1322 1262 3.
1359 1206 1469 1276 10),
1513 1203 1619 1260 Sed
1650 1219 1756 1257 non
1784 1217 1868 1256 re-

267 1301 625 1371 sipiscebant,
669 1301 769 1354 etsi
817 1300 920 1354 hoc
968 1297 1273 1353 mandatum
1323 1297 1691 1366 accepissent,
1745 1292 1867 1347 Non

268 1392 491 1454 occides,
524 1399 579 1445 et
619 1404 647 1444 a
678 1390 948 1444 sexcentis
971 1388 1090 1442 aliis
1115 1388 1437 1457 iuberentur
1481 1386 1776 1451 abstinere,
1804 1397 1868 1438 ac

269 1477 521 1548 νει-1100,
565 1495 760 1550 perque
785 1479 889 1533 alia
925 1479 1088 1533 multa
1129 1478 1196 1532 ad
1235 1477 1667 1532 observationem
1712 1475 1869 1544 hujus

271 1571 535 1641 prmeepti
566 1572 963 1626 inducerentur.
1007 1574 1255 1623 Attamen
1302 1567 1439 1622 hanc
1481 1563 1698 1637 pravam
1741 1581 1871 1620 con-

271 1663 612 1717 suetudinem
644 1677 745 1717 non
774 1663 1158 1731 deposuerunt.
1187 1662 1294 1716 Sed
1326 1661 1450 1731 quid
1473 1661 1657 1714 dicunt
1689 1659 1873 1712 viden-

268 1765 355 1809 tes
384 1753 548 1808 eum?
582 1752 755 1807 Venite
782 1755 1071 1806 occidamus
1097 1769 1232 1807 eum.
1256 1752 1371 1820 Qua
1413 1751 1480 1806 de
1519 1749 1718 1805 causa?
1745 1749 1870 1818 quid

269 1854 365 1899 aut
391 1859 614 1916 parvum
639 1853 731 1898 aut
758 1860 1010 1914 magnum
1038 1844 1308 1898 criminari
1340 1842 1604 1912 potestis?
1633 1855 1700 1894 an
1729 1840 1871 1910 quod

272 1951 371 1991 ros
404 1936 770 2001 honoraverit,
815 1951 876 1990 ac
920 1936 1059 1990 Deus
1088 1950 1208 1990 cum
1257 1945 1419 1998 esset,
1451 1934 1613 1988 homo
1655 1944 1874 2002 propter

271 2042 372 2082 vos
414 2027 586 2082 factus
627 2024 718 2092 sit,
750 2027 1140 2097 innumeraque
1171 2027 1257 2080 illa
1305 2025 1535 2081 ediderit
1578 2024 1875 2078 miracula?

271 2133 344 2172 an
371 2119 515 2187 quod
545 2125 766 2187 peccata
812 2116 1097 2182 dimiserit,
1131 2117 1216 2172 vel
1260 2117 1327 2171 ad
1369 2132 1592 2188 regnum
1632 2115 1874 2169 vocarit?

268 2208 412 2266 Vide
438 2223 560 2264 cum
594 2211 869 2279 impietate
893 2209 1238 2278 coniunctam
1264 2208 1594 2264 dementiam
1626 2209 1874 2273 multant,

266 2311 327 2355 ct
356 2300 505 2355 necis
526 2315 741 2354 causam
775 2300 980 2354 insania
1009 2301 1240 2368 plenam.
1273 2298 1579 2354 Occiduntus
1617 2316 1751 2362 eum,
1794 2300 1870 2352 itt-

264 2391 488 2462 quium,
535 2401 580 2444 et
610 2399 784 2444 nostra
814 2391 908 2444 erit
948 2390 1201 2444 hereditas
1233 2388 1382 2462 (Luc.
1411 2389 1501 2444 9.0.
1535 2391 1647 2459 14).
1692 2389 1758 2442 Ει
1786 2389 1873 2443 ubi

267 2483 526 2539 occidere
557 2481 888 2538 deliberant?
919 2482 1079 2537 Extra
1113 2484 1344 2538 vineam.

337 2574 401 2628 ί.
451 2573 696 2629 Vidistin'
738 2574 1006 2645 quomodo
1033 2575 1196 2628 etiam
1234 2575 1411 2629 locum
1456 2572 1738 2644 prOphetet
1785 2573 1872 2628 ubi

270 2667 592 2721 mactandas
631 2675 767 2721 erat.
815 2665 879 2720 Et
907 2667 1159 2736 ejicientes
1187 2667 1475 2720 occiderunt
1501 2665 1660 2738 (Ibid.
1692 2685 1737 2720 υ.
1767 2666 1874 2720 16-

276 2759 390 2829 18).
417 2757 592 2814 Lucas
622 2759 836 2829 quidem
871 2760 945 2813 ait
970 2759 1141 2829 ipsum
1171 2760 1560 2815 determiuasse
1588 2761 1714 2830 quid
1754 2761 1874 2816 illos

266 2851 385 2920 .pati
429 2858 722 2920 oporteret,
769 2852 1018 2921 ipsosque
1058 2851 1280 2915 dixisse,
1313 2853 1490 2917 Absit;
1538 2863 1592 2907 et
1633 2855 1875 2909 testimo-

267 2942 423 2995 nium
465 2941 758 2995 induxisse.
790 2939 921 2995 Illos
958 2943 1100 2996 enim
1127 2944 1337 2996 intuitus
1377 2945 1504 2997 dixit
1531 2960 1550 2997 :
1581 2945 1717 3012 Quid
1754 2961 1874 3016 ergo

264 3043 348 3086 est
394 3032 533 3102 quod
570 3033 815 3101 scriptum
853 3043 948 3099 est,
992 3032 1240 3103 Lupidem
1281 3052 1428 3106 quem
1479 3039 1874 3105 reprobaverunt

261 3126 609 3192 adificantur,
655 3126 735 3179 hic
766 3130 928 3196 factus
958 3128 1108 3181 estin
1144 3139 1296 3197 caput
1331 3130 1508 3200 anguli
1544 3129 1714 3198 (Psal.
1747 3131 1869 3185 117.

266 3215 410 3284 .22)?
450 3217 534 3282 lit,
568 3217 880 3286 Quicumque
905 3219 1138 3272 ceciderit
1166 3236 1318 3288 super
1338 3237 1469 3286 curn,
1502 3224 1868 3293 confringetur.

266 3306 560 3362 llatthmus
584 3322 714 3361 vero
739 3306 869 3362 dicit
904 3308 1024 3362 illos
1070 3311 1356 3378 protulisse
1393 3315 1738 3368 sententiam.
1771 3313 1872 3369 Ve—

264 3415 396 3455 rum
434 3416 541 3454 non
569 3411 828 3470 repugnat
873 3416 992 3455 cum
1036 3402 1163 3456 alio.
1199 3402 1323 3458 ll:ec
1363 3405 1506 3458 enim
1546 3407 1704 3460 ambo
1734 3407 1872 3462 facta

262 3499 422 3556 sunt,
456 3491 664 3562 ipsique
698 3493 1016 3546 sententiam
1056 3493 1293 3548 tulerunt
1318 3506 1503 3548 contra
1549 3497 1774 3566 seipsos.
1808 3513 1874 3552 ac

264 3597 465 3638 rursus
493 3598 615 3638 cum
646 3583 909 3638 dictorum
935 3584 1043 3638 vim
1072 3585 1390 3652 sensissent,
1418 3587 1690 3652 dixerunt,
1709 3588 1868 3642 Absit.

265 3674 599 3745 Prophetatn
639 3686 816 3732 autem
862 3677 991 3746 ipsis
1030 3679 1301 3748 opposuit,
1348 3689 1404 3733 ut
1443 3680 1712 3748 suaderet,
1757 3699 1869 3737 rem

265 3781 498 3834 prorsus
527 3782 650 3822 esse
679 3768 930 3822 futuram.
962 3772 1214 3824 Attamen
1255 3772 1591 3828 vocationem
1632 3777 1870 3844 gentium

269 3875 341 3912 ne
370 3859 626 3927 carpendi
667 3873 881 3912 causam
916 3860 1192 3925 haberent,
1230 3877 1334 3917 non
1377 3875 1561 3933 aperte
1589 3865 1743 3930 dixit,
1775 3868 1869 3921 sed

271 3949 629 4003 subindicavit
643 3960 846 4004 tantum
867 3950 1072 4017 dicens,
1091 3952 1243 4006 Dabit
1266 3955 1382 4008 aliis
1399 3959 1592 4010 vineam
1610 3957 1759 4028 (Luc.
1774 3957 1866 4015 20.

271 4042 386 4112 l6).
420 4041 545 4096 Ideo
573 4051 720 4098 certe
752 4042 849 4098 bac
873 4044 1124 4112 parabola
1153 4061 1279 4102 usus
1303 4058 1406 4112 est,
1437 4057 1494 4103 ut
1525 4050 1622 4119 ipsi
1652 4059 1872 4107 senten-

274 4135 399 4187 tiam
437 4132 666 4208 ferrent.
713 4134 865 4202 Quod
923 4137 973 4189 in
1026 4137 1220 4193 Davide
1264 4156 1475 4210 quoque
1523 4141 1717 4198 factum
1763 4155 1866 4210 est,

265 4225 491 4294 quando
536 4224 604 4279 de
647 4227 908 4294 parabola
959 4227 1184 4284 Nathaui
1238 4235 1557 4287 sententiam
1605 4236 1744 4290 tulit.
1788 4236 1867 4291 Tu

268 4331 404 4370 vero
446 4315 577 4370 mihi
618 4315 742 4370 hinc
778 4318 1056 4372 considera
1084 4336 1241 4389 quam
1279 4321 1420 4391 justa
1466 4325 1536 4379 sit
1578 4329 1865 4392 sententia,

271 4405 486 4476 quando
531 4405 584 4466 ii,
615 4407 704 4476 qui
739 4408 987 4474 puniendi
1017 4420 1162 4478 sunt,
1194 4412 1290 4481 ipsi
1321 4428 1438 4469 sese
1483 4416 1863 4475 condemnant.

275 4496 478 4552 Deinde
509 4497 845 4552 ntdiscerent
873 4516 975 4553 non
1000 4502 1168 4554 solum
1204 4503 1252 4556 id
1282 4505 1540 4572 justitiam
1563 4510 1863 4578 requirere,

270 4587 366 4643 sed
419 4587 581 4642 etiam
627 4589 736 4654 jam
786 4590 912 4643 olim
963 4591 1012 4643 id
1053 4591 1308 4662 Spiritum
1355 4600 1750 4663 pronuntiasse,
1812 4611 1866 4656 et

275 4678 444 4732 Deum
477 4678 648 4748 ipsum
676 4681 996 4734 sententiam
1031 4685 1238 4750 tulisse,
1274 4688 1604 4756 prophetiam
1635 4692 1858 4758 induxit,

272 4771 499 4840 illosque
545 4772 840 4840 increpavit
885 4772 1093 4836 dicens,
1139 4775 1434 4849 Numquam
1466 4780 1674 4851 legistis,
1706 4783 1860 4854 Lapio

270 4865 381 4915 dem
426 4878 570 4929 quem
597 4863 988 4930 reprobauerunt
1024 4868 1352 4934 aediﬁcantes,
1391 4873 1471 4924 hic
1511 4879 1674 4941 factus
1714 4879 1862 4931 estin

269 4964 420 5019 caput
450 4953 671 5023 anguli?
701 4958 743 5008 Α
788 4955 1004 5010 Domino
1035 4964 1225 5029 factum
1251 4973 1322 5014 est
1350 4963 1503 5026 istud,
1536 4977 1581 5018 et
1608 4979 1677 5022 est
1707 4972 1863 5022 mira-

269 5048 365 5099 bile
398 5048 453 5099 in
480 5049 642 5100 oculis
667 5051 853 5102 nostris
875 5065 893 5102 :
926 5050 1006 5104 his
1037 5054 1285 5107 omnibus
1311 5058 1621 5120 ostendens.
1646 5060 1861 5116 Jutltnns

267 5139 325 5182 ut
355 5130 664 5185 incredulos
707 5132 1056 5201 abjiciendos,
1104 5149 1290 5206 gentes
1320 5149 1500 5195 autem
1536 5145 1861 5200 induceudas

268 5237 406 5278 esse.
441 5223 494 5276 id
524 5224 684 5278 etiam
726 5241 820 5292 per
846 5225 1219 5292 Chananaaam,
1267 5232 1315 5284 id
1348 5248 1440 5301 per
1470 5236 1672 5291 asinum
1696 5239 1733 5299 ί,
1767 5255 1860 5308 per

267 5315 660 5378 centurionem,
685 5332 887 5388 perque
919 5320 1111 5376 multas
1133 5323 1266 5378 alias
1301 5326 1584 5393 parabolas
1609 5331 1855 5388 subindi-

269 5411 425 5466 cavit.
471 5409 585 5464 Hoc
629 5411 789 5487 etiam
841 5428 1001 5468 nunc.
1037 5413 1160 5469 Ideo
1202 5419 1474 5486 subjunxit
1501 5441 1513 5474 :
1545 5423 1586 5474 Α
1633 5421 1856 5482 Domino

270 5497 462 5565 factum
489 5512 558 5584 est
580 5502 736 5564 istud,
765 5514 811 5556 et
848 5516 919 5559 est
947 5509 1175 5562 mirabile
1194 5512 1243 5562 in
1276 5513 1435 5566 oculis
1463 5518 1645 5570 nostris
1669 5534 1687 5571 :
1715 5535 1857 5588 pra:-

265 5587 568 5656 signiticans
593 5595 887 5651 credituras
923 5613 1126 5669 gentes,
1161 5612 1212 5658 ct
1237 5603 1447 5662 Judtcos
1479 5611 1566 5678 qui
1615 5587 1858 5670 credide-

326 5787 344 5815 ‘
371 5785 584 5841 Quadam.
610 5804 694 5844 per
723 5797 859 5841 asina
877 5810 921 5843 η.

1209 355 1272 412 l.\'
1308 353 1720 412 MATTIIA'JLM
1760 349 1994 408 HOMIL.
2040 347 2268 403 LXVI".
2310 349 2382 402 al.
2426 348 2614 404 LXIX.

3478 353 3585 412 Θιιέ

1979 463 2106 524 rint,
2131 476 2296 515 unum
2334 475 2454 517 esse
2482 460 2710 528 futuros,
2757 462 3000 532 quamvis
3045 471 3191 518 tanto
3223 463 3372 534 prius
3416 464 3586 522 inter-

1981 555 2124 608 vallo
2151 553 2435 617 distarent.
2479 553 2682 608 Deinde
2713 562 2772 608 ut
2799 553 3106 610 ediscerent
3147 554 3282 611 nihil
3303 566 3584 627 gestorum

1976 660 2096 700 esse
2122 645 2231 701 lico
2255 643 2567 711 adversum,
2599 645 2694 701 sed
2721 647 2876 702 valde
2905 656 3188 717 acceptum
3222 658 3384 720 atque
3414 650 3583 704 mira-

1979 737 2107 801 bile,
2131 737 2274 807 quod
2302 737 2606 793 videntibus
2637 748 2914 807 stuporem
2958 739 3177 796 adcrret
3216 743 3355 811 (ert
3382 742 3586 812 quippe

1977 829 2294 883 miraculum
2333 828 2644 899 iueﬂbbile,)
2693 830 2970 899 subjunxit
3014 830 3223 898 dicens,
3266 832 3310 886 Δ
3362 832 3582 887 Domine

1976 919 2169 992 factum
2209 933 2280 976 est
2331 923 2489 979 istud.
2532 923 2790 994 Lapidem
2841 941 2966 980 vero
3020 926 3258 995 seipsum
3303 938 3479 995 vocat,
3526 939 3582 997 et

1977 1013 2302 1069 mdilicantes
2323 1015 2633 1070 Judarorum
2657 1015 2944 1080 doctores;
2973 1017 3117 1086 quod
3144 1019 3306 1072 etiam
3336 1019 3584 1075 Ezechiel

1977 1106 2052 1160 ait
2106 1127 2118 1161 :
2169 1107 2518 1178 xEdiﬁcautes
2571 1127 2772 1164 murum
2799 1152 2814 1175 ,
2865 1124 2909 1164 et
2965 1113 3196 1166 lintentes
3253 1114 3584 1182 incomposite

1980 1197 2193 1270 (Ezech.
2251 1201 2339 1254 13.
2383 1200 2496 1270 10).
2545 1201 2831 1267 Quomodo
2883 1214 3061 1257 autem
3123 1205 3585 1273 reprobaverunt!

1977 1290 2110 1343 Cum
2135 1291 2398 1356 dicerent,
2428 1291 2528 1346 Hic
2554 1311 2653 1347 non
2679 1306 2750 1349 est
2773 1313 2837 1349 ea:
2857 1293 2965 1350 Deo
2988 1312 3007 1351 :
3030 1298 3112 1350 hic
3131 1299 3323 1351 seducit
3350 1299 3584 1365 turbam;

1978 1391 2034 1436 et
2075 1400 2311 1446 rursum,
2353 1385 2714 1443 Samaritanus
2754 1405 2805 1442 es
2860 1401 2936 1454 tu,
2983 1400 3028 1443 et
3073 1391 3382 1444 dtemonium
3431 1394 3587 1446 habes

1979 1474 2158 1542 (Jomt.
2195 1477 2244 1529 7.
2283 1476 2367 1530 12.
2397 1489 2440 1529 et
2471 1478 2524 1532 8.
2556 1478 2672 1543 48).
2705 1479 2906 1533 Deinde
2935 1489 2992 1534 ut
3030 1491 3443 1552 cognoscerent,
3477 1497 3583 1538 non

1980 1565 2030 1620 id
2057 1578 2258 1620 tantum
2287 1569 2388 1622 sibi
2419 1569 2600 1623 inferri
2627 1570 2769 1640 quod
2792 1571 3138 1640 ejiceri-ntnr,
3163 1571 3424 1644 supplicia
3453 1589 3585 1645 quo-

1979 1675 2086 1728 que
2119 1660 2293 1726 all‘ert,
2327 1662 2514 1717 dicens
2543 1681 2556 1716 :
2593 1664 2683 1718 44.
2719 1662 2897 1717 Omnis
2928 1665 3014 1735 qui
3043 1666 3278 1720 ceciderit
3317 1683 3475 1734 super
3503 1667 3586 1721 la-

1983 1751 2150 1820 pidem
2178 1754 2332 1818 hunc,
2361 1757 2708 1825 confringetur
2736 1772 2755 1809 :
2780 1773 2936 1824 super
2961 1774 3109 1826 quem
3135 1769 3304 1813 autem
3326 1759 3586 1828 ceciderit,

1983 1842 2237 1895 ventilubit
2276 1860 2409 1897 eum.
2462 1846 2602 1900 Duas
2657 1847 2742 1899 hic
2787 1847 3058 1916 pernicies
3107 1859 3370 1915 annotat;
3415 1851 3590 1920 primo

1980 1932 2123 2000 quod
2163 1934 2262 1987 hoc
2291 1934 2421 2004 ipsis
2451 1934 2774 1990 ollendiculo
2805 1936 2962 1992 fuerit.
2993 1957 3008 1990 :
3037 1938 3140 1994 hoc
3166 1950 3248 1995 est
3289 1945 3454 2005 enim,
3489 1941 3589 2008 Qui

1980 2025 2215 2078 ceciderit
2240 2043 2394 2094 super
2417 2027 2643 2097 lapidem
2669 2029 2805 2082 [tunc
2829 2045 2848 2094 ;
2879 2032 3118 2088 secundo
3159 2034 3466 2089 subindicat
3495 2051 3590 2090 ex-

1982 2116 2179 2171 cidium
2211 2132 2418 2184 eorum,
2453 2135 2742 2183 :erumuas,
2778 2124 3092 2192 perniciem,
3124 2141 3284 2196 quam
3330 2128 3478 2182 clare
3507 2129 3590 2181 in-

1981 2209 2180 2264 dicavit
2224 2210 2430 2278 dicens,
2479 2210 2754 2268 Ventilabit
2784 2215 2975 2285 ipsum.
3010 2217 3103 2271 llis
3132 2220 3591 2275 resurrectionem

1982 2316 2136 2355 suam
2169 2301 2549 2359 subindicavit.
2593 2305 2861 2375 l’r0pheta
2899 2319 3047 2363 certe
3087 2309 3252 2365 Isaias
3282 2313 3491 2367 vineam
3519 2313 3592 2366 ab

1984 2392 2100 2462 ipso
2120 2405 2426 2448 accusatam
2449 2395 2601 2459 dicit,
2627 2397 3007 2468 principesque
3029 2401 3208 2470 populi
3236 2403 3590 2459 criminatur:

1982 2493 2036 2536 et
2076 2484 2144 2538 ibi
2174 2486 2389 2554 quidem
2440 2487 2536 2552 ait,
2574 2486 2712 2554 Quid
2751 2488 2899 2542 debui
2945 2493 3117 2561 facere
3161 2495 3320 2548 vinea
3361 2513 3505 2563 metu,
3544 2507 3591 2552 et

1983 2591 2083 2627 non
2122 2576 2220 2644 feci
2268 2575 2421 2647 (Iani.
2453 2577 2506 2632 5.
2549 2577 2648 2650 4)?
2692 2580 2817 2635 alibi
2851 2595 2984 2636 vero
3022 2599 3036 2636 :
3082 2583 3220 2650 Quid
3250 2587 3348 2655 feci
3389 2587 3498 2651 tibi,
3544 2598 3591 2641 st

1981 2667 2117 2736 quod
2155 2668 2448 2722 invenerunt
2477 2681 2645 2740 patres
2686 2675 2758 2726 tui
2788 2675 2842 2726 in
2878 2691 2958 2728 nte
2982 2675 3223 2735 delictum
3243 2676 3378 2744 (λετ.
3405 2681 3459 2734 2.
3494 2681 3593 2751 5)?

1983 2773 2047 2812 ac
2078 2776 2308 2822 rursum,
2344 2760 2546 2831 Papute
2591 2780 2756 2830 meus,
2807 2767 2930 2836 quid
2959 2768 3055 2835 feci
3081 2769 3212 2823 tibi?
3258 2782 3347 2824 aut
3394 2772 3448 2826 in
3493 2790 3591 2844 quo

1982 2853 2272 2904 contristari
2304 2862 2350 2906 te
2379 2852 2568 2922 (Hicin.
2599 2858 2651 2910 6.
2682 2855 2776 2927 3)τ
2803 2859 3070 2928 ingratum
3111 2861 3324 2917 illorum
3351 2863 3588 2921 animum

1983 2945 2292 3008 ostendens,
2325 2955 2379 2999 et
2400 2946 2678 3001 beneﬁciis
2705 2948 2950 3017 aﬂectos,
2977 2956 3246 3007 contraria
3275 2956 3589 3025 rependisse

1982 3035 2281 3092 declarans.
2313 3039 2411 3094 llic
2450 3052 2628 3094 autem
2663 3041 2795 3095 illud
2825 3043 3200 3100 vehementius
3222 3049 3587 3116 exprimitur:

1947 3149 1952 3155 ·
1983 3143 2156 3198 neque
2196 3130 2339 3184 enim
2372 3131 2486 3199 ipse
2510 3131 2662 3198 dicit,
2715 3132 2855 3198 Quid
2901 3136 3166 3204 oportebat
3211 3155 3293 3191 me
3319 3143 3507 3209 facere,
3541 3151 3592 3193 et

1982 3239 2082 3276 non
2110 3225 2204 3295 feci
2227 3224 2252 3278 .’
2272 3223 2366 3277 sed
2393 3225 2512 3279 illos
2545 3225 2746 3282 inducit
2777 3228 3102 3283 sententiam
3121 3228 3385 3295 dicentes,
3415 3233 3587 3302 ipsum

1981 3316 2200 3384 quidem
2229 3316 2359 3372 nihil
2392 3317 2676 3386 reliquisse
2721 3321 3153 3388 pronuntiantes,
3188 3334 3351 3394 atque
3379 3326 3589 3394 seipsos

1981 3405 2427 3461 condemnautes.
2462 3405 2594 3463 Nam
2634 3423 2755 3463 cum
2786 3409 2992 3474 dicunt,
3020 3410 3189 3466 Malos
3228 3417 3362 3468 mare
3389 3417 3585 3487 perdet,

1983 3507 2027 3551 et
2053 3499 2249 3552 vineam
2274 3517 2418 3553 suam
2449 3501 2634 3555 locabit
2665 3503 2784 3556 aliis
2827 3505 3088 3574 agricolis,
3133 3507 3262 3561 nihil
3297 3509 3441 3563 aliud
3483 3513 3585 3567 sibi

1983 3588 2192 3656 volunt,
2222 3600 2276 3645 et
2304 3606 2424 3645 cum
2453 3607 2642 3662 magna
2676 3593 2918 3663 emphasi
2947 3600 3267 3652 sententiam
3299 3599 3497 3655 ferunt.
3533 3603 3586 3657 Id

1980 3679 2286 3748 Stephanus
2310 3696 2524 3752 quoque
2549 3683 2679 3752 ipsis
2717 3685 3085 3753 exprobravit,
3119 3700 3171 3743 et
3200 3689 3320 3745 illus
3350 3694 3588 3749 maxime

1982 3770 2264 3826 mordebat
2285 3771 2420 3844 (Act.
2454 3773 2509 3827 6.
2536 3783 2584 3826 et
2610 3775 2688 3842 7),
2718 3776 2860 3845 quod
2891 3793 3080 3848 magna
3118 3780 3207 3835 Dei
3247 3785 3587 3852 providentia

1981 3876 2196 3931 semper
2221 3863 2445 3934 dignati,
2489 3865 2817 3922 benefactori
2860 3872 3127 3926 contraria
3179 3875 3579 3944 rependerem;

1981 3954 2122 4025 quod
2152 3973 2403 4026 magnum
2444 3961 2654 4030 signum
2681 3971 2817 4028 erat,
2850 3979 2955 4018 non
2989 3967 3323 4034 punientem,
3356 3970 3452 4024 sed
3486 3953 3584 4027 eos

1981 4047 2071 4116 qui
2106 4048 2484 4117 puniebantur,
2519 4066 2737 4106 causam
2782 4055 3027 4124 supplicii
3074 4074 3216 4115 esse.
3262 4060 3375 4114 Hoc
3408 4063 3583 4130 ipsum

1981 4137 2067 4192 hic
2107 4151 2438 4195 monstratur
2484 4158 2579 4211 per
2629 4147 2935 4213 parabolam
2980 4160 3034 4203 et
3078 4165 3174 4218 per
3221 4152 3580 4222 prophetiam.

1977 4229 2161 4299 Neque
2188 4233 2332 4286 enim
2363 4234 2492 4287 satis
2524 4234 2710 4290 habuit
2734 4238 3040 4304 parabolam
3072 4241 3292 4306 dixisse,
3329 4244 3423 4298 sed
3454 4263 3582 4314 pro-

1981 4323 2216 4393 pbetiam
2248 4325 2516 4395 duplicem
2561 4329 2803 4394 adduxit,
2839 4331 3053 4386 Davidis
3085 4349 3282 4405 nempe
3319 4347 3374 4392 et
3403 4353 3576 4396 suam.

1978 4417 2112 4484 Quid
2164 4434 2293 4488 ergo
2330 4421 2612 4489 oportebat
2655 4423 2769 4477 haec
2812 4424 3094 4480 audientes
3137 4426 3359 4484 facere?
3398 4447 3579 4487 annon

1978 4508 2251 4563 adorare?
2290 4525 2469 4563 annon
2520 4511 2773 4566 admirari
2821 4517 3214 4582 providentiam
3259 4522 3492 4588 priorem
3523 4535 3578 4579 et

1978 4603 2328 4669 posteriorem
2355 4602 2377 4654 ?
2405 4603 2458 4655 Si
2487 4612 2665 4657 autem
2695 4619 2757 4658 ex
2791 4605 2937 4659 nullo
2960 4622 3146 4662 eorum
3175 4609 3428 4665 meliores
3455 4613 3578 4668 facti

1975 4702 2119 4754 sunt,
2153 4707 2330 4746 annon
2359 4703 2503 4747 metu
2550 4694 2798 4764 supplicii
2830 4699 3184 4767 sapientiores
3216 4701 3329 4755 fieri
3363 4715 3579 4773 oporte-

1977 4783 2100 4836 bat?
2127 4783 2232 4837 Sed
2263 4800 2368 4837 non
2402 4785 2654 4839 meliores
2683 4784 2810 4841 facti
2853 4799 3000 4842 sunt.
3033 4789 3170 4855 Quid
3203 4807 3367 4860 porro
3396 4798 3578 4865 sequi.

1977 4877 2099 4929 tur?
2135 4877 2223 4929 45.
2271 4875 2396 4929 Cum
2437 4879 2718 4945 audissent,
2769 4879 2964 4946 inquit,
3002 4896 3343 4952 cognoverunt
3369 4889 3488 4956 quia
3514 4891 3578 4942 de

1973 4969 2100 5035 ipsis
2143 4967 2358 5020 dicebat.
2403 4968 2490 5022 46.
2527 4967 2590 5021 Et
2618 4981 2900 5039 quaerentes
2926 4988 3042 5025 eum
3072 4983 3257 5038 tenere,
3296 4977 3574 5034 timuerunt

1973 5059 2166 5123 turbas,
2193 5059 2434 5126 quoniam
2483 5063 2610 5112 sicut
2651 5063 2953 5130 prophetam
2982 5079 3095 5118 eum
3126 5065 3394 5121 habebant.
3430 5069 3570 5126 Seu-

1972 5161 2158 5204 serunt
2182 5151 2324 5203 enim
2355 5153 2590 5214 tandem,
2625 5153 2765 5222 quod
2798 5155 2943 5222 ipsos
2987 5157 3198 5211 oceulte
3230 5169 3458 5216 notaret.
3504 5164 3570 5217 Et

1972 5241 2256 5309 aliquando
2300 5242 2653 5310 interceptus,
2687 5260 2782 5312 per
2823 5246 3058 5300 medium
3100 5248 3313 5304 illorum
3359 5256 3568 5318 transit,

1970 5343 2024 5386 et
2053 5331 2124 5384 illi
2150 5349 2253 5384 non
2288 5334 2469 5386 vident
2495 5352 2508 5399 ;
2540 5335 2827 5403 aliquando
2853 5353 3198 5406 comparem,
3241 5342 3448 5396 illorum
3478 5345 3571 5397 de-

1970 5429 2225 5482 siderium
2283 5433 2545 5500 reprimit.
2589 5432 2741 5498 Quod
2788 5434 3118 5490 admirantes
3169 5438 3239 5491 illi
3271 5439 3517 5494 dicebant
3555 5460 3566 5494 :

1971 5519 2156 5576 Nonne
2180 5523 2261 5575 hic
2296 5537 2366 5576 est
2392 5524 2422 5576 J
2432 5527 2582 5578 esus?
2614 5526 2746 5580 Ecce
2772 5529 2943 5596 palam
2967 5530 3212 5599 loquitur,
3254 5545 3299 5585 et
3328 5536 3454 5588 nillil
3473 5537 3572 5597 ipsi

1968 5616 2140 5669 dicunt
2167 5615 2346 5688 (Joan.
2382 5619 2431 5671 7.
2462 5617 2554 5672 25.
2589 5620 2705 5688 26).
2751 5621 2845 5675 llic
2872 5637 3026 5688 vero,
3058 5626 3178 5693 quia
3208 5628 3569 5683 multitudinis

1971 5708 2162 5762 timore
2189 5710 2585 5778 detinebantur,
2635 5711 2734 5766 hoc
2767 5715 2899 5770 satis
2934 5715 3139 5785 habuit,
3175 5733 3274 5774 nec
3308 5722 3567 5778 tt‘iit‘aCuIa

1971 5813 2025 5855 ut
2055 5815 2177 5856 ante
2207 5806 2372 5859 voluit
2399 5805 2580 5867 edere.
2618 5810 2762 5863 verbi
2796 5811 2964 5879 gratia
2996 5828 3092 5881 per
3121 5812 3354 5869 medium
3379 5829 3566 5870 eorum
