  <div class='ocr_page' id='page_1' title='image "/cluster/home/n/w/nwhite01/storage/ocr_20150623/58/ien.35556001660851/187.png"; bbox 0 0 4040 6426; ppageno 0'>
   <div class='ocr_carea' id='block_1_1' title="bbox 541 376 645 432">
    <p class='ocr_par' dir='ltr' id='par_1_1' title="bbox 541 376 645 432">
     <span class='ocr_line' id='line_1_1' title="bbox 541 376 645 432; baseline 0.01 -3"><span class='ocrx_word' id='word_1_1' title='bbox 541 376 645 432; x_wconf 64' lang='grc'><strong>643</strong></span> 
     </span>
    </p>
   </div>
   <div class='ocr_carea' id='block_1_2' title="bbox 541 465 2104 549">
    <p class='ocr_par' dir='ltr' id='par_1_2' title="bbox 541 465 2104 549">
     <span class='ocr_line' id='line_1_2' title="bbox 541 465 2104 549; baseline -0.019 -4"><span class='ocrx_word' id='word_1_2' title='bbox 541 487 886 549; x_wconf 87' lang='lat' dir='ltr'><strong>transeundo,</strong></span> <span class='ocrx_word' id='word_1_3' title='bbox 914 494 1012 536; x_wconf 85' lang='lat' dir='ltr'><strong>nec</strong></span> <span class='ocrx_word' id='word_1_4' title='bbox 1038 493 1094 532; x_wconf 81' lang='lat' dir='ltr'><strong>se</strong></span> <span class='ocrx_word' id='word_1_5' title='bbox 1121 473 1436 531; x_wconf 74' lang='lat' dir='ltr'><strong>inuisibilem</strong></span> <span class='ocrx_word' id='word_1_6' title='bbox 1469 470 1790 542; x_wconf 64' lang='lat' dir='ltr'><strong>praestando.</strong></span> <span class='ocrx_word' id='word_1_7' title='bbox 1823 467 1937 522; x_wconf 84' lang='lat' dir='ltr'><strong>Non</strong></span> <span class='ocrx_word' id='word_1_8' title='bbox 1965 465 2104 520; x_wconf 88' lang='lat' dir='ltr'><strong>enim</strong></span> 
     </span>
    </p>
   </div>
   <div class='ocr_carea' id='block_1_3' title="bbox 540 559 2110 644">
    <p class='ocr_par' dir='ltr' id='par_1_3' title="bbox 540 559 2110 644">
     <span class='ocr_line' id='line_1_3' title="bbox 540 559 2110 644; baseline -0.017 -9"><span class='ocrx_word' id='word_1_9' title='bbox 540 581 718 634; x_wconf 85' lang='lat' dir='ltr'><strong>omnia</strong></span> <span class='ocrx_word' id='word_1_10' title='bbox 749 589 908 644; x_wconf 82' lang='lat' dir='ltr'><strong>supra</strong></span> <span class='ocrx_word' id='word_1_11' title='bbox 937 571 1202 625; x_wconf 87' lang='lat' dir='ltr'><strong>hominem</strong></span> <span class='ocrx_word' id='word_1_12' title='bbox 1238 566 1409 620; x_wconf 89' lang='lat' dir='ltr'><strong>facere</strong></span> <span class='ocrx_word' id='word_1_13' title='bbox 1441 564 1667 626; x_wconf 77' lang='lat' dir='ltr'><strong>volebat,</strong></span> <span class='ocrx_word' id='word_1_14' title='bbox 1714 572 1771 614; x_wconf 92' lang='lat' dir='ltr'><strong>ut</strong></span> <span class='ocrx_word' id='word_1_15' title='bbox 1804 559 2110 616; x_wconf 71' lang='lat' dir='ltr'><strong>crederetur</strong></span> 
     </span>
    </p>
   </div>
   <div class='ocr_carea' id='block_1_4' title="bbox 540 650 2090 725">
    <p class='ocr_par' dir='ltr' id='par_1_4' title="bbox 540 650 2090 725">
     <span class='ocr_line' id='line_1_4' title="bbox 540 650 2090 725; baseline -0.017 1"><span class='ocrx_word' id='word_1_16' title='bbox 540 668 855 725; x_wconf 63' lang='lat' dir='ltr'><strong>oeconomia.</strong></span> <span class='ocrx_word' id='word_1_17' title='bbox 887 664 965 717; x_wconf 91' lang='lat' dir='ltr'><strong>llli</strong></span> <span class='ocrx_word' id='word_1_18' title='bbox 1002 670 1175 716; x_wconf 86' lang='lat' dir='ltr'><strong>autem</strong></span> <span class='ocrx_word' id='word_1_19' title='bbox 1205 674 1309 713; x_wconf 88' lang='lat' dir='ltr'><strong>non</strong></span> <span class='ocrx_word' id='word_1_20' title='bbox 1337 659 1526 710; x_wconf 97' lang='lat' dir='ltr'><strong>timore</strong></span> <span class='ocrx_word' id='word_1_21' title='bbox 1559 650 1908 708; x_wconf 84' lang='lat' dir='ltr'><strong>multitudinis</strong></span> <span class='ocrx_word' id='word_1_22' title='bbox 1939 663 2090 704; x_wconf 89' lang='lat' dir='ltr'><strong>emen</strong></span> 
     </span>
    </p>
   </div>
   <div class='ocr_carea' id='block_1_5' title="bbox 537 742 2106 820">
    <p class='ocr_par' dir='ltr' id='par_1_5' title="bbox 537 742 2106 820">
     <span class='ocr_line' id='line_1_5' title="bbox 537 742 2106 820; baseline -0.018 -3"><span class='ocrx_word' id='word_1_23' title='bbox 537 761 827 820; x_wconf 84' lang='lat' dir='ltr'><strong>dabantur,</strong></span> <span class='ocrx_word' id='word_1_24' title='bbox 879 771 985 807; x_wconf 82' lang='lat' dir='ltr'><strong>non</strong></span> <span class='ocrx_word' id='word_1_25' title='bbox 1032 752 1099 805; x_wconf 87' lang='lat' dir='ltr'><strong>ab</strong></span> <span class='ocrx_word' id='word_1_26' title='bbox 1153 751 1315 819; x_wconf 81' lang='lat' dir='ltr'><strong>ipsius</strong></span> <span class='ocrx_word' id='word_1_27' title='bbox 1355 748 1510 802; x_wconf 89' lang='lat' dir='ltr'><strong>dictis</strong></span> <span class='ocrx_word' id='word_1_28' title='bbox 1539 765 1551 800; x_wconf 91' lang='lat'>:</span> <span class='ocrx_word' id='word_1_29' title='bbox 1579 761 1684 799; x_wconf 91' lang='lat' dir='ltr'><strong>non</strong></span> <span class='ocrx_word' id='word_1_30' title='bbox 1732 742 2106 811; x_wconf 86' lang='lat' dir='ltr'><strong>prophetarum</strong></span> 
     </span>
    </p>
   </div>
   <div class='ocr_carea' id='block_1_6' title="bbox 539 836 2110 908">
    <p class='ocr_par' dir='ltr' id='par_1_6' title="bbox 539 836 2110 908">
     <span class='ocr_line' id='line_1_6' title="bbox 539 836 2110 908; baseline -0.017 0"><span class='ocrx_word' id='word_1_31' title='bbox 539 849 896 908; x_wconf 86' lang='lat' dir='ltr'><strong>testimonium</strong></span> <span class='ocrx_word' id='word_1_32' title='bbox 938 843 1340 905; x_wconf 73' lang='lat' dir='ltr'><strong>reverebantur,</strong></span> <span class='ocrx_word' id='word_1_33' title='bbox 1385 854 1489 892; x_wconf 90' lang='lat' dir='ltr'><strong>non</strong></span> <span class='ocrx_word' id='word_1_34' title='bbox 1531 851 1678 890; x_wconf 89' lang='lat' dir='ltr'><strong>suam</strong></span> <span class='ocrx_word' id='word_1_35' title='bbox 1712 836 1946 903; x_wconf 86' lang='lat' dir='ltr'><strong>ipsorum</strong></span> <span class='ocrx_word' id='word_1_36' title='bbox 1990 845 2110 884; x_wconf 86' lang='lat' dir='ltr'><strong>sen-</strong></span> 
     </span>
    </p>
   </div>
   <div class='ocr_carea' id='block_1_7' title="bbox 537 920 2108 1004">
    <p class='ocr_par' dir='ltr' id='par_1_7' title="bbox 537 920 2108 1004">
     <span class='ocr_line' id='line_1_7' title="bbox 537 920 2108 1004; baseline -0.015 -8"><span class='ocrx_word' id='word_1_37' title='bbox 537 942 783 1004; x_wconf 86' lang='lat' dir='ltr'><strong>tentiam,</strong></span> <span class='ocrx_word' id='word_1_38' title='bbox 823 952 927 993; x_wconf 92' lang='lat' dir='ltr'><strong>non</strong></span> <span class='ocrx_word' id='word_1_39' title='bbox 969 935 1251 989; x_wconf 89' lang='lat' dir='ltr'><strong>multorum</strong></span> <span class='ocrx_word' id='word_1_40' title='bbox 1295 929 1745 985; x_wconf 80' lang='lat' dir='ltr'><strong>existimationem</strong></span> <span class='ocrx_word' id='word_1_41' title='bbox 1777 943 1788 976; x_wconf 91' lang='lat'><strong>:</strong></span> <span class='ocrx_word' id='word_1_42' title='bbox 1827 926 1894 977; x_wconf 90' lang='lat' dir='ltr'><strong>ita</strong></span> <span class='ocrx_word' id='word_1_43' title='bbox 1944 920 2108 976; x_wconf 88' lang='lat' dir='ltr'><strong>semel</strong></span> 
     </span>
    </p>
   </div>
   <div class='ocr_carea' id='block_1_8' title="bbox 512 1018 2106 1093">
    <p class='ocr_par' dir='ltr' id='par_1_8' title="bbox 512 1018 2106 1093">
     <span class='ocr_line' id='line_1_8' title="bbox 512 1018 2106 1093; baseline -0.014 -5"><span class='ocrx_word' id='word_1_44' title='bbox 512 1023 656 1088; x_wconf 52' lang='lat' dir='ltr'><strong>illos</strong></span> <span class='ocrx_word' id='word_1_45' title='bbox 686 1028 990 1087; x_wconf 83' lang='lat' dir='ltr'><strong>dominandi</strong></span> <span class='ocrx_word' id='word_1_46' title='bbox 1034 1024 1293 1093; x_wconf 84' lang='lat' dir='ltr'><strong>cupiditas</strong></span> <span class='ocrx_word' id='word_1_47' title='bbox 1337 1029 1391 1075; x_wconf 90' lang='lat' dir='ltr'><strong>et</strong></span> <span class='ocrx_word' id='word_1_48' title='bbox 1420 1034 1568 1072; x_wconf 76' lang='lat' dir='ltr'><strong>vana:</strong></span> <span class='ocrx_word' id='word_1_49' title='bbox 1609 1018 1792 1086; x_wconf 70' lang='lat' dir='ltr'><strong>gloria:</strong></span> <span class='ocrx_word' id='word_1_50' title='bbox 1831 1030 1980 1067; x_wconf 86' lang='lat' dir='ltr'><strong>amor</strong></span> <span class='ocrx_word' id='word_1_51' title='bbox 2017 1027 2106 1066; x_wconf 87' lang='lat' dir='ltr'><strong>oc-</strong></span> 
     </span>
    </p>
   </div>
   <div class='ocr_carea' id='block_1_9' title="bbox 539 1119 1676 1190">
    <p class='ocr_par' dir='ltr' id='par_1_9' title="bbox 539 1119 1676 1190">
     <span class='ocr_line' id='line_1_9' title="bbox 539 1119 1676 1190; baseline -0.018 -9"><span class='ocrx_word' id='word_1_52' title='bbox 539 1134 784 1186; x_wconf 74' lang='lat' dir='ltr'><strong>rmcarat,</strong></span> <span class='ocrx_word' id='word_1_53' title='bbox 817 1119 955 1190; x_wconf 89' lang='lat' dir='ltr'><strong>quod</strong></span> <span class='ocrx_word' id='word_1_54' title='bbox 991 1127 1328 1184; x_wconf 87' lang='lat' dir='ltr'><strong>temporanea</strong></span> <span class='ocrx_word' id='word_1_55' title='bbox 1358 1120 1676 1181; x_wconf 69' lang='lat' dir='ltr'><strong>quaererent.</strong></span> 
     </span>
    </p>
   </div>
   <div class='ocr_carea' id='block_1_10' title="bbox 606 1225 2106 1300">
    <p class='ocr_par' dir='ltr' id='par_1_10' title="bbox 606 1225 2106 1300">
     <span class='ocr_line' id='line_1_10' title="bbox 606 1225 2106 1300; baseline -0.007 -10"><span class='ocrx_word' id='word_1_56' title='bbox 606 1239 658 1291; x_wconf 81' lang='lat'><strong>3.</strong></span> <span class='ocrx_word' id='word_1_57' title='bbox 679 1233 873 1288; x_wconf 78' lang='lat' dir='ltr'><strong>Futura</strong></span> <span class='ocrx_word' id='word_1_58' title='bbox 897 1227 1218 1300; x_wconf 66' lang='lat' dir='ltr'><strong>prementibus</strong></span> <span class='ocrx_word' id='word_1_59' title='bbox 1235 1225 1584 1295; x_wconf 84' lang='lat' dir='ltr'><strong>anteponenda</strong></span> <span class='ocrx_word' id='word_1_60' title='bbox 1604 1235 1736 1278; x_wconf 83' lang='lat' dir='ltr'><strong>sum.</strong></span> <span class='ocrx_word' id='word_1_61' title='bbox 1759 1225 1942 1280; x_wconf 81' lang='lat' dir='ltr'><strong>Contra</strong></span> <span class='ocrx_word' id='word_1_62' title='bbox 1967 1228 2106 1281; x_wconf 85' lang='lat' dir='ltr'><strong>thea-</strong></span> 
     </span>
    </p>
   </div>
   <div class='ocr_carea' id='block_1_11' title="bbox 535 1316 2105 1391">
    <p class='ocr_par' dir='ltr' id='par_1_11' title="bbox 535 1316 2105 1391">
     <span class='ocr_line' id='line_1_11' title="bbox 535 1316 2105 1391; baseline -0.004 -12"><span class='ocrx_word' id='word_1_63' title='bbox 535 1328 595 1380; x_wconf 83' lang='lat' dir='ltr'><strong>tri</strong></span> <span class='ocrx_word' id='word_1_64' title='bbox 628 1324 932 1391; x_wconf 81' lang='lat' dir='ltr'><strong>spectacula.</strong></span> <span class='ocrx_word' id='word_1_65' title='bbox 966 1319 1334 1374; x_wconf 72' lang='lat' dir='ltr'><strong>Monacltorunt</strong></span> <span class='ocrx_word' id='word_1_66' title='bbox 1359 1318 1477 1370; x_wconf 76' lang='lat' dir='ltr'><strong>vita.</strong></span> <span class='ocrx_word' id='word_1_67' title='bbox 1533 1316 1784 1369; x_wconf 68' lang='lat' dir='ltr'><strong>Exercitia</strong></span> <span class='ocrx_word' id='word_1_68' title='bbox 1814 1320 2105 1373; x_wconf 79' lang='lat' dir='ltr'><strong>monastica.</strong></span> 
     </span>
    </p>
   </div>
   <div class='ocr_carea' id='block_1_12' title="bbox 541 1407 2106 1478">
    <p class='ocr_par' dir='ltr' id='par_1_12' title="bbox 541 1407 2106 1478">
     <span class='ocr_line' id='line_1_12' title="bbox 541 1407 2106 1478; baseline -0.005 -7"><span class='ocrx_word' id='word_1_69' title='bbox 541 1417 756 1472; x_wconf 85' lang='lat' dir='ltr'><strong>-——Nihil</strong></span> <span class='ocrx_word' id='word_1_70' title='bbox 803 1413 942 1470; x_wconf 90' lang='lat' dir='ltr'><strong>enim</strong></span> <span class='ocrx_word' id='word_1_71' title='bbox 984 1412 1056 1466; x_wconf 87' lang='lat' dir='ltr'><strong>ita</strong></span> <span class='ocrx_word' id='word_1_72' title='bbox 1104 1409 1326 1478; x_wconf 79' lang='lat' dir='ltr'><strong>impellit</strong></span> <span class='ocrx_word' id='word_1_73' title='bbox 1355 1418 1410 1463; x_wconf 89' lang='lat' dir='ltr'><strong>et</strong></span> <span class='ocrx_word' id='word_1_74' title='bbox 1448 1407 1772 1477; x_wconf 66' lang='lat' dir='ltr'><strong>praecipitem</strong></span> <span class='ocrx_word' id='word_1_75' title='bbox 1812 1407 1938 1472; x_wconf 88' lang='lat' dir='ltr'><strong>dat;</strong></span> <span class='ocrx_word' id='word_1_76' title='bbox 1978 1410 2106 1464; x_wconf 85' lang='lat' dir='ltr'><strong>nihil</strong></span> 
     </span>
    </p>
   </div>
   <div class='ocr_carea' id='block_1_13' title="bbox 537 1498 2106 1570">
    <p class='ocr_par' dir='ltr' id='par_1_13' title="bbox 537 1498 2106 1570">
     <span class='ocr_line' id='line_1_13' title="bbox 537 1498 2106 1570; baseline -0.003 -7"><span class='ocrx_word' id='word_1_77' title='bbox 537 1522 643 1563; x_wconf 83' lang='lat' dir='ltr'><strong>tam</strong></span> <span class='ocrx_word' id='word_1_78' title='bbox 674 1524 701 1559; x_wconf 89' lang='lat' dir='ltr'><strong>a</strong></span> <span class='ocrx_word' id='word_1_79' title='bbox 736 1507 1030 1560; x_wconf 87' lang='lat' dir='ltr'><strong>futurorum</strong></span> <span class='ocrx_word' id='word_1_80' title='bbox 1062 1516 1243 1556; x_wconf 90' lang='lat' dir='ltr'><strong>amore</strong></span> <span class='ocrx_word' id='word_1_81' title='bbox 1267 1500 1463 1566; x_wconf 89' lang='lat' dir='ltr'><strong>dejicit,</strong></span> <span class='ocrx_word' id='word_1_82' title='bbox 1485 1509 1541 1553; x_wconf 89' lang='lat' dir='ltr'><strong>ut</strong></span> <span class='ocrx_word' id='word_1_83' title='bbox 1568 1498 1725 1553; x_wconf 79' lang='lat' dir='ltr'><strong>ﬂuxis</strong></span> <span class='ocrx_word' id='word_1_84' title='bbox 1739 1499 1898 1570; x_wconf 85' lang='lat' dir='ltr'><strong>afﬂigi</strong></span> <span class='ocrx_word' id='word_1_85' title='bbox 1928 1501 2106 1568; x_wconf 82' lang='lat' dir='ltr'><strong>rebus;</strong></span> 
     </span>
    </p>
   </div>
   <div class='ocr_carea' id='block_1_14' title="bbox 536 1590 2104 1663">
    <p class='ocr_par' dir='ltr' id='par_1_14' title="bbox 536 1590 2104 1663">
     <span class='ocr_line' id='line_1_14' title="bbox 536 1590 2104 1663; baseline -0.005 -8"><span class='ocrx_word' id='word_1_86' title='bbox 536 1601 663 1655; x_wconf 84' lang='lat' dir='ltr'><strong>nihil</strong></span> <span class='ocrx_word' id='word_1_87' title='bbox 697 1600 765 1653; x_wconf 89' lang='lat' dir='ltr'><strong>ita</strong></span> <span class='ocrx_word' id='word_1_88' title='bbox 797 1608 849 1650; x_wconf 83' lang='lat' dir='ltr'><strong>et</strong></span> <span class='ocrx_word' id='word_1_89' title='bbox 877 1593 1224 1663; x_wconf 71' lang='lat' dir='ltr'><strong>praesentibus</strong></span> <span class='ocrx_word' id='word_1_90' title='bbox 1253 1601 1307 1645; x_wconf 92' lang='lat' dir='ltr'><strong>et</strong></span> <span class='ocrx_word' id='word_1_91' title='bbox 1335 1590 1777 1659; x_wconf 88' lang='lat' dir='ltr'><strong>futurisjucunde</strong></span> <span class='ocrx_word' id='word_1_92' title='bbox 1793 1595 1867 1647; x_wconf 92' lang='lat' dir='ltr'><strong>uti</strong></span> <span class='ocrx_word' id='word_1_93' title='bbox 1902 1594 2104 1662; x_wconf 88' lang='lat' dir='ltr'><strong>tribuit,</strong></span> 
     </span>
    </p>
   </div>
   <div class='ocr_carea' id='block_1_15' title="bbox 535 1683 2107 1752">
    <p class='ocr_par' dir='ltr' id='par_1_15' title="bbox 535 1683 2107 1752">
     <span class='ocr_line' id='line_1_15' title="bbox 535 1683 2107 1752; baseline -0.003 -9"><span class='ocrx_word' id='word_1_94' title='bbox 535 1703 592 1745; x_wconf 90' lang='lat' dir='ltr'><strong>ut</strong></span> <span class='ocrx_word' id='word_1_95' title='bbox 617 1691 790 1745; x_wconf 92' lang='lat' dir='ltr'><strong>futura</strong></span> <span class='ocrx_word' id='word_1_96' title='bbox 819 1686 1061 1740; x_wconf 89' lang='lat' dir='ltr'><strong>omnibus</strong></span> <span class='ocrx_word' id='word_1_97' title='bbox 1089 1693 1433 1750; x_wconf 82' lang='lat' dir='ltr'><strong>anteponere.</strong></span> <span class='ocrx_word' id='word_1_98' title='bbox 1465 1683 1551 1735; x_wconf 82' lang='lat' dir='ltr'><strong>Ait</strong></span> <span class='ocrx_word' id='word_1_99' title='bbox 1578 1685 1772 1752; x_wconf 85' lang='lat' dir='ltr'><strong>quippe</strong></span> <span class='ocrx_word' id='word_1_100' title='bbox 1817 1684 2061 1740; x_wconf 86' lang='lat' dir='ltr'><strong>Christus</strong></span> <span class='ocrx_word' id='word_1_101' title='bbox 2093 1705 2107 1742; x_wconf 87' lang='lat'><strong>:</strong></span> 
     </span>
    </p>
   </div>
   <div class='ocr_carea' id='block_1_16' title="bbox 537 1772 2110 1849">
    <p class='ocr_par' dir='ltr' id='par_1_16' title="bbox 537 1772 2110 1849">
     <span class='ocr_line' id='line_1_16' title="bbox 537 1772 2110 1849; baseline -0.003 -14"><span class='ocrx_word' id='word_1_102' title='bbox 537 1783 757 1849; x_wconf 70' lang='lat' dir='ltr'><strong>Quaerite</strong></span> <span class='ocrx_word' id='word_1_103' title='bbox 783 1780 1000 1848; x_wconf 76' lang='lat' dir='ltr'><strong>primum</strong></span> <span class='ocrx_word' id='word_1_104' title='bbox 1029 1791 1236 1844; x_wconf 84' lang='lat' dir='ltr'><strong>regnum</strong></span> <span class='ocrx_word' id='word_1_105' title='bbox 1259 1773 1372 1832; x_wconf 76' lang='lat' dir='ltr'><strong>Dei.</strong></span> <span class='ocrx_word' id='word_1_106' title='bbox 1400 1783 1446 1826; x_wconf 85' lang='lat' dir='ltr'><strong>et</strong></span> <span class='ocrx_word' id='word_1_107' title='bbox 1475 1772 1580 1826; x_wconf 73' lang='lat' dir='ltr'><strong>liceo</strong></span> <span class='ocrx_word' id='word_1_108' title='bbox 1610 1775 1782 1827; x_wconf 84' lang='lat' dir='ltr'><strong>omnia</strong></span> <span class='ocrx_word' id='word_1_109' title='bbox 1808 1775 2110 1847; x_wconf 79' lang='lat' dir='ltr'><strong>adjicientttr</strong></span> 
     </span>
    </p>
   </div>
   <div class='ocr_carea' id='block_1_17' title="bbox 534 1864 2106 1940">
    <p class='ocr_par' dir='ltr' id='par_1_17' title="bbox 534 1864 2106 1940">
     <span class='ocr_line' id='line_1_17' title="bbox 534 1864 2106 1940; baseline -0.004 -14"><span class='ocrx_word' id='word_1_110' title='bbox 534 1875 668 1927; x_wconf 73' lang='lat' dir='ltr'><strong>nobis</strong></span> <span class='ocrx_word' id='word_1_111' title='bbox 699 1870 907 1940; x_wconf 78' lang='lat' dir='ltr'><strong>(Matth.</strong></span> <span class='ocrx_word' id='word_1_112' title='bbox 938 1868 992 1922; x_wconf 88' lang='lat'><strong>6.</strong></span> <span class='ocrx_word' id='word_1_113' title='bbox 1023 1866 1139 1934; x_wconf 77' lang='lat'><strong>35).</strong></span> <span class='ocrx_word' id='word_1_114' title='bbox 1172 1864 1326 1933; x_wconf 82' lang='lat' dir='ltr'><strong>Atqui</strong></span> <span class='ocrx_word' id='word_1_115' title='bbox 1366 1864 1570 1918; x_wconf 89' lang='lat' dir='ltr'><strong>etiamsi</strong></span> <span class='ocrx_word' id='word_1_116' title='bbox 1604 1864 1715 1918; x_wconf 77' lang='lat' dir='ltr'><strong>lucc</strong></span> <span class='ocrx_word' id='word_1_117' title='bbox 1750 1865 1977 1933; x_wconf 88' lang='lat' dir='ltr'><strong>adjectio</strong></span> <span class='ocrx_word' id='word_1_118' title='bbox 2012 1883 2106 1936; x_wconf 85' lang='lat' dir='ltr'><strong>po-</strong></span> 
     </span>
    </p>
   </div>
   <div class='ocr_carea' id='block_1_18' title="bbox 530 1954 2107 2025">
    <p class='ocr_par' dir='ltr' id='par_1_18' title="bbox 530 1954 2107 2025">
     <span class='ocr_line' id='line_1_18' title="bbox 530 1954 2107 2025; baseline -0.004 -7"><span class='ocrx_word' id='word_1_119' title='bbox 530 1968 627 2020; x_wconf 86' lang='lat' dir='ltr'><strong>sita</strong></span> <span class='ocrx_word' id='word_1_120' title='bbox 649 1980 754 2017; x_wconf 87' lang='lat' dir='ltr'><strong>non</strong></span> <span class='ocrx_word' id='word_1_121' title='bbox 781 1972 942 2025; x_wconf 83' lang='lat' dir='ltr'><strong>esset,</strong></span> <span class='ocrx_word' id='word_1_122' title='bbox 969 1974 1071 2012; x_wconf 92' lang='lat' dir='ltr'><strong>non</strong></span> <span class='ocrx_word' id='word_1_123' title='bbox 1103 1960 1277 2009; x_wconf 83' lang='lat' dir='ltr'><strong>tamen</strong></span> <span class='ocrx_word' id='word_1_124' title='bbox 1309 1954 1421 2007; x_wconf 64' lang='lat' dir='ltr'><strong>haec</strong></span> <span class='ocrx_word' id='word_1_125' title='bbox 1441 1954 1727 2008; x_wconf 83' lang='lat' dir='ltr'><strong>admodum</strong></span> <span class='ocrx_word' id='word_1_126' title='bbox 1757 1955 2107 2012; x_wconf 86' lang='lat' dir='ltr'><strong>desideranda</strong></span> 
     </span>
    </p>
   </div>
   <div class='ocr_carea' id='block_1_19' title="bbox 529 2043 2106 2117">
    <p class='ocr_par' dir='ltr' id='par_1_19' title="bbox 529 2043 2106 2117">
     <span class='ocr_line' id='line_1_19' title="bbox 529 2043 2106 2117; baseline -0.008 -8"><span class='ocrx_word' id='word_1_127' title='bbox 529 2061 710 2109; x_wconf 88' lang='lat' dir='ltr'><strong>essent</strong></span> <span class='ocrx_word' id='word_1_128' title='bbox 730 2064 913 2117; x_wconf 86' lang='lat' dir='ltr'><strong>;.nunc</strong></span> <span class='ocrx_word' id='word_1_129' title='bbox 954 2056 1130 2102; x_wconf 84' lang='lat' dir='ltr'><strong>autem</strong></span> <span class='ocrx_word' id='word_1_130' title='bbox 1159 2059 1280 2099; x_wconf 90' lang='lat' dir='ltr'><strong>cum</strong></span> <span class='ocrx_word' id='word_1_131' title='bbox 1310 2044 1394 2096; x_wconf 92' lang='lat' dir='ltr'><strong>illa</strong></span> <span class='ocrx_word' id='word_1_132' title='bbox 1425 2043 1653 2112; x_wconf 81' lang='lat' dir='ltr'><strong>accipis,</strong></span> <span class='ocrx_word' id='word_1_133' title='bbox 1687 2044 1799 2099; x_wconf 61' lang='lat' dir='ltr'><strong>hinc</strong></span> <span class='ocrx_word' id='word_1_134' title='bbox 1826 2047 1984 2099; x_wconf 90' lang='lat' dir='ltr'><strong>etiam</strong></span> <span class='ocrx_word' id='word_1_135' title='bbox 2015 2063 2106 2117; x_wconf 86' lang='lat' dir='ltr'><strong>ap-</strong></span> 
     </span>
    </p>
   </div>
   <div class='ocr_carea' id='block_1_20' title="bbox 531 2132 2104 2213">
    <p class='ocr_par' dir='ltr' id='par_1_20' title="bbox 531 2132 2104 2213">
     <span class='ocr_line' id='line_1_20' title="bbox 531 2132 2104 2213; baseline -0.008 -16"><span class='ocrx_word' id='word_1_136' title='bbox 531 2143 832 2213; x_wconf 87' lang='lat' dir='ltr'><strong>prehendis.</strong></span> <span class='ocrx_word' id='word_1_137' title='bbox 862 2137 1111 2194; x_wconf 80' lang='lat' dir='ltr'><strong>Nonnulli</strong></span> <span class='ocrx_word' id='word_1_138' title='bbox 1142 2145 1316 2189; x_wconf 89' lang='lat' dir='ltr'><strong>tamen</strong></span> <span class='ocrx_word' id='word_1_139' title='bbox 1347 2132 1429 2188; x_wconf 85' lang='lat' dir='ltr'><strong>his</strong></span> <span class='ocrx_word' id='word_1_140' title='bbox 1451 2148 1556 2187; x_wconf 89' lang='lat' dir='ltr'><strong>non</strong></span> <span class='ocrx_word' id='word_1_141' title='bbox 1579 2133 1979 2202; x_wconf 82' lang='lat' dir='ltr'><strong>obtemperant;</strong></span> <span class='ocrx_word' id='word_1_142' title='bbox 2011 2137 2104 2191; x_wconf 84' lang='lat' dir='ltr'><strong>sed</strong></span> 
     </span>
    </p>
   </div>
   <div class='ocr_carea' id='block_1_21' title="bbox 532 2223 2104 2303">
    <p class='ocr_par' dir='ltr' id='par_1_21' title="bbox 532 2223 2104 2303">
     <span class='ocr_line' id='line_1_21' title="bbox 532 2223 2104 2303; baseline -0.005 -14"><span class='ocrx_word' id='word_1_143' title='bbox 532 2234 790 2303; x_wconf 80' lang='lat' dir='ltr'><strong>lapidibus</strong></span> <span class='ocrx_word' id='word_1_144' title='bbox 812 2244 970 2284; x_wconf 87' lang='lat' dir='ltr'><strong>sensu</strong></span> <span class='ocrx_word' id='word_1_145' title='bbox 1003 2224 1307 2280; x_wconf 85' lang='lat' dir='ltr'><strong>carentibus</strong></span> <span class='ocrx_word' id='word_1_146' title='bbox 1336 2223 1559 2288; x_wconf 83' lang='lat' dir='ltr'><strong>similes,</strong></span> <span class='ocrx_word' id='word_1_147' title='bbox 1579 2223 1864 2292; x_wconf 83' lang='lat' dir='ltr'><strong>voluptatis</strong></span> <span class='ocrx_word' id='word_1_148' title='bbox 1892 2227 2104 2281; x_wconf 84' lang='lat' dir='ltr'><strong>umbras</strong></span> 
     </span>
    </p>
   </div>
   <div class='ocr_carea' id='block_1_22' title="bbox 529 2316 2106 2396">
    <p class='ocr_par' dir='ltr' id='par_1_22' title="bbox 529 2316 2106 2396">
     <span class='ocr_line' id='line_1_22' title="bbox 529 2316 2106 2396; baseline -0.006 -15"><span class='ocrx_word' id='word_1_149' title='bbox 529 2336 840 2396; x_wconf 89' lang='lat' dir='ltr'><strong>sequuntur.</strong></span> <span class='ocrx_word' id='word_1_150' title='bbox 887 2319 1022 2389; x_wconf 83' lang='lat' dir='ltr'><strong>Quid</strong></span> <span class='ocrx_word' id='word_1_151' title='bbox 1066 2319 1207 2373; x_wconf 90' lang='lat' dir='ltr'><strong>enim</strong></span> <span class='ocrx_word' id='word_1_152' title='bbox 1253 2316 1407 2369; x_wconf 89' lang='lat' dir='ltr'><strong>dulce</strong></span> <span class='ocrx_word' id='word_1_153' title='bbox 1451 2316 1504 2368; x_wconf 94' lang='lat' dir='ltr'><strong>in</strong></span> <span class='ocrx_word' id='word_1_154' title='bbox 1539 2316 1787 2383; x_wconf 68' lang='lat' dir='ltr'><strong>praesenti</strong></span> <span class='ocrx_word' id='word_1_155' title='bbox 1835 2317 1939 2371; x_wconf 87' lang='lat' dir='ltr'><strong>vita</strong></span> <span class='ocrx_word' id='word_1_156' title='bbox 1983 2319 2106 2373; x_wconf 82' lang='lat' dir='ltr'><strong>est?</strong></span> 
     </span>
    </p>
   </div>
   <div class='ocr_carea' id='block_1_23' title="bbox 527 2405 2107 2487">
    <p class='ocr_par' dir='ltr' id='par_1_23' title="bbox 527 2405 2107 2487">
     <span class='ocr_line' id='line_1_23' title="bbox 527 2405 2107 2487; baseline -0.004 -17"><span class='ocrx_word' id='word_1_157' title='bbox 527 2417 650 2487; x_wconf 82' lang='lat' dir='ltr'><strong>quid</strong></span> <span class='ocrx_word' id='word_1_158' title='bbox 675 2412 964 2480; x_wconf 84' lang='lat' dir='ltr'><strong>jucundum</strong></span> <span class='ocrx_word' id='word_1_159' title='bbox 985 2415 1001 2462; x_wconf 67' lang='grc' dir='ltr'><strong><em>ἓ</em></strong></span> <span class='ocrx_word' id='word_1_160' title='bbox 1024 2409 1152 2462; x_wconf 82' lang='lat' dir='ltr'><strong>Nam</strong></span> <span class='ocrx_word' id='word_1_161' title='bbox 1174 2422 1294 2461; x_wconf 84' lang='lat' dir='ltr'><strong>cum</strong></span> <span class='ocrx_word' id='word_1_162' title='bbox 1322 2405 1521 2475; x_wconf 82' lang='lat' dir='ltr'><strong>majore</strong></span> <span class='ocrx_word' id='word_1_163' title='bbox 1560 2405 1753 2460; x_wconf 85' lang='lat' dir='ltr'><strong>fiducia</strong></span> <span class='ocrx_word' id='word_1_164' title='bbox 1784 2423 1878 2461; x_wconf 90' lang='lat' dir='ltr'><strong>vos</strong></span> <span class='ocrx_word' id='word_1_165' title='bbox 1907 2408 2107 2478; x_wconf 83' lang='lat' dir='ltr'><strong>alloqui</strong></span> 
     </span>
    </p>
   </div>
   <div class='ocr_carea' id='block_1_24' title="bbox 529 2495 2103 2571">
    <p class='ocr_par' dir='ltr' id='par_1_24' title="bbox 529 2495 2103 2571">
     <span class='ocr_line' id='line_1_24' title="bbox 529 2495 2103 2571; baseline -0.003 -13"><span class='ocrx_word' id='word_1_166' title='bbox 529 2509 679 2563; x_wconf 62' lang='grc' dir='ltr'><strong>ιςοι-ὶξς</strong></span> <span class='ocrx_word' id='word_1_167' title='bbox 708 2506 827 2560; x_wconf 55' lang='lat' dir='ltr'><strong>vel.)</strong></span> <span class='ocrx_word' id='word_1_168' title='bbox 861 2522 872 2558; x_wconf 88' lang='lat'>:</span> <span class='ocrx_word' id='word_1_169' title='bbox 905 2501 995 2558; x_wconf 82' lang='lat' dir='ltr'><strong>sed</strong></span> <span class='ocrx_word' id='word_1_170' title='bbox 1046 2517 1125 2554; x_wconf 81' lang='lat' dir='ltr'><strong>me</strong></span> <span class='ocrx_word' id='word_1_171' title='bbox 1175 2497 1333 2562; x_wconf 83' lang='lat' dir='ltr'><strong>ferte,</strong></span> <span class='ocrx_word' id='word_1_172' title='bbox 1383 2509 1441 2550; x_wconf 93' lang='lat' dir='ltr'><strong>ut</strong></span> <span class='ocrx_word' id='word_1_173' title='bbox 1485 2495 1700 2551; x_wconf 80' lang='lat' dir='ltr'><strong>discatis</strong></span> <span class='ocrx_word' id='word_1_174' title='bbox 1733 2539 1746 2559; x_wconf 83' lang='lat'><strong>,</strong></span> <span class='ocrx_word' id='word_1_175' title='bbox 1780 2499 1940 2553; x_wconf 90' lang='lat' dir='ltr'><strong>vitam</strong></span> <span class='ocrx_word' id='word_1_176' title='bbox 1985 2516 2103 2571; x_wconf 71' lang='lat' dir='ltr'><strong>qua:</strong></span> 
     </span>
    </p>
   </div>
   <div class='ocr_carea' id='block_1_25' title="bbox 528 2587 2108 2655">
    <p class='ocr_par' dir='ltr' id='par_1_25' title="bbox 528 2587 2108 2655">
     <span class='ocr_line' id='line_1_25' title="bbox 528 2587 2108 2655; baseline -0.008 1"><span class='ocrx_word' id='word_1_177' title='bbox 528 2605 661 2655; x_wconf 88' lang='lat' dir='ltr'><strong>dura</strong></span> <span class='ocrx_word' id='word_1_178' title='bbox 692 2609 743 2654; x_wconf 91' lang='lat' dir='ltr'><strong>et</strong></span> <span class='ocrx_word' id='word_1_179' title='bbox 771 2610 994 2652; x_wconf 79' lang='lat' dir='ltr'><strong>onerosa</strong></span> <span class='ocrx_word' id='word_1_180' title='bbox 1018 2593 1254 2654; x_wconf 86' lang='lat' dir='ltr'><strong>videtur,</strong></span> <span class='ocrx_word' id='word_1_181' title='bbox 1295 2587 1678 2642; x_wconf 85' lang='lat' dir='ltr'><strong>monachorum</strong></span> <span class='ocrx_word' id='word_1_182' title='bbox 1709 2590 1912 2642; x_wconf 84' lang='lat' dir='ltr'><strong>scilicet</strong></span> <span class='ocrx_word' id='word_1_183' title='bbox 1939 2599 1994 2645; x_wconf 91' lang='lat' dir='ltr'><strong>et</strong></span> <span class='ocrx_word' id='word_1_184' title='bbox 2015 2606 2108 2644; x_wconf 89' lang='lat' dir='ltr'><strong>co-</strong></span> 
     </span>
    </p>
   </div>
   <div class='ocr_carea' id='block_1_26' title="bbox 527 2679 2105 2759">
    <p class='ocr_par' dir='ltr' id='par_1_26' title="bbox 527 2679 2105 2759">
     <span class='ocr_line' id='line_1_26' title="bbox 527 2679 2105 2759; baseline -0.007 -12"><span class='ocrx_word' id='word_1_185' title='bbox 527 2709 644 2748; x_wconf 86' lang='lat' dir='ltr'><strong>rum</strong></span> <span class='ocrx_word' id='word_1_186' title='bbox 683 2692 768 2759; x_wconf 87' lang='lat' dir='ltr'><strong>qui</strong></span> <span class='ocrx_word' id='word_1_187' title='bbox 800 2689 1005 2756; x_wconf 87' lang='lat' dir='ltr'><strong>seipsos</strong></span> <span class='ocrx_word' id='word_1_188' title='bbox 1029 2682 1438 2744; x_wconf 82' lang='lat' dir='ltr'><strong>crueilixerunt,</strong></span> <span class='ocrx_word' id='word_1_189' title='bbox 1465 2679 1620 2749; x_wconf 88' lang='lat' dir='ltr'><strong>longe</strong></span> <span class='ocrx_word' id='word_1_190' title='bbox 1648 2679 1938 2734; x_wconf 78' lang='lat' dir='ltr'><strong>dulciorem</strong></span> <span class='ocrx_word' id='word_1_191' title='bbox 1964 2681 2105 2735; x_wconf 83' lang='lat' dir='ltr'><strong>desi-</strong></span> 
     </span>
    </p>
   </div>
   <div class='ocr_carea' id='block_1_27' title="bbox 455 2773 2105 2848">
    <p class='ocr_par' dir='ltr' id='par_1_27' title="bbox 455 2773 2105 2848">
     <span class='ocr_line' id='line_1_27' title="bbox 455 2773 2105 2848; baseline -0.007 -8"><span class='ocrx_word' id='word_1_192' title='bbox 455 2813 459 2816; x_wconf 90' lang='lat'><strong><em>-</em></strong></span> <span class='ocrx_word' id='word_1_193' title='bbox 527 2784 1006 2848; x_wconf 80' lang='lat' dir='ltr'><strong>derabilioremque</strong></span> <span class='ocrx_word' id='word_1_194' title='bbox 1033 2793 1153 2832; x_wconf 88' lang='lat' dir='ltr'><strong>esse</strong></span> <span class='ocrx_word' id='word_1_195' title='bbox 1180 2777 1278 2830; x_wconf 87' lang='lat' dir='ltr'><strong>hac</strong></span> <span class='ocrx_word' id='word_1_196' title='bbox 1307 2776 1410 2828; x_wconf 90' lang='lat' dir='ltr'><strong>vita</strong></span> <span class='ocrx_word' id='word_1_197' title='bbox 1445 2815 1460 2838; x_wconf 90' lang='lat'><strong>,</strong></span> <span class='ocrx_word' id='word_1_198' title='bbox 1494 2789 1613 2842; x_wconf 71' lang='lat' dir='ltr'><strong>qua:</strong></span> <span class='ocrx_word' id='word_1_199' title='bbox 1656 2773 1862 2827; x_wconf 89' lang='lat' dir='ltr'><strong>videtur</strong></span> <span class='ocrx_word' id='word_1_200' title='bbox 1891 2789 2105 2829; x_wconf 72' lang='lat' dir='ltr'><strong>suavxor</strong></span> 
     </span>
    </p>
   </div>
   <div class='ocr_carea' id='block_1_28' title="bbox 526 2865 2101 2943">
    <p class='ocr_par' dir='ltr' id='par_1_28' title="bbox 526 2865 2101 2943">
     <span class='ocr_line' id='line_1_28' title="bbox 526 2865 2101 2943; baseline -0.006 -13"><span class='ocrx_word' id='word_1_201' title='bbox 526 2878 923 2943; x_wconf 87' lang='lat' dir='ltr'><strong>delicatiorque.</strong></span> <span class='ocrx_word' id='word_1_202' title='bbox 956 2871 1229 2939; x_wconf 84' lang='lat' dir='ltr'><strong>llujusque</strong></span> <span class='ocrx_word' id='word_1_203' title='bbox 1251 2868 1324 2921; x_wconf 90' lang='lat' dir='ltr'><strong>rei</strong></span> <span class='ocrx_word' id='word_1_204' title='bbox 1356 2876 1516 2920; x_wconf 85' lang='lat' dir='ltr'><strong>testes</strong></span> <span class='ocrx_word' id='word_1_205' title='bbox 1543 2879 1638 2918; x_wconf 84' lang='lat' dir='ltr'><strong>vos</strong></span> <span class='ocrx_word' id='word_1_206' title='bbox 1662 2865 1808 2930; x_wconf 70' lang='lat' dir='ltr'><strong>estis,</strong></span> <span class='ocrx_word' id='word_1_207' title='bbox 1841 2865 1929 2935; x_wconf 91' lang='lat' dir='ltr'><strong>qui</strong></span> <span class='ocrx_word' id='word_1_208' title='bbox 1957 2881 2101 2934; x_wconf 76' lang='lat' dir='ltr'><strong>saepe</strong></span> 
     </span>
    </p>
   </div>
   <div class='ocr_carea' id='block_1_29' title="bbox 525 2955 2102 3025">
    <p class='ocr_par' dir='ltr' id='par_1_29' title="bbox 525 2955 2102 3025">
     <span class='ocr_line' id='line_1_29' title="bbox 525 2955 2102 3025; baseline -0.011 0"><span class='ocrx_word' id='word_1_209' title='bbox 525 2970 577 3025; x_wconf 88' lang='lat' dir='ltr'><strong>in</strong></span> <span class='ocrx_word' id='word_1_210' title='bbox 618 2963 1002 3022; x_wconf 80' lang='lat' dir='ltr'><strong>calamitatibus</strong></span> <span class='ocrx_word' id='word_1_211' title='bbox 1041 2968 1095 3015; x_wconf 90' lang='lat' dir='ltr'><strong>et</strong></span> <span class='ocrx_word' id='word_1_212' title='bbox 1138 2958 1389 3012; x_wconf 67' lang='lat' dir='ltr'><strong>aerumnis</strong></span> <span class='ocrx_word' id='word_1_213' title='bbox 1433 2964 1659 3008; x_wconf 88' lang='lat' dir='ltr'><strong>mortem</strong></span> <span class='ocrx_word' id='word_1_214' title='bbox 1691 2955 1934 3022; x_wconf 88' lang='lat' dir='ltr'><strong>optastis,</strong></span> <span class='ocrx_word' id='word_1_215' title='bbox 1967 2955 2102 3008; x_wconf 84' lang='lat' dir='ltr'><strong>illos-</strong></span> 
     </span>
    </p>
   </div>
   <div class='ocr_carea' id='block_1_30' title="bbox 524 3045 2097 3130">
    <p class='ocr_par' dir='ltr' id='par_1_30' title="bbox 524 3045 2097 3130">
     <span class='ocr_line' id='line_1_30' title="bbox 524 3045 2097 3130; baseline -0.008 -20"><span class='ocrx_word' id='word_1_216' title='bbox 524 3075 628 3130; x_wconf 82' lang='lat' dir='ltr'><strong>que</strong></span> <span class='ocrx_word' id='word_1_217' title='bbox 655 3062 836 3113; x_wconf 90' lang='lat' dir='ltr'><strong>beatos</strong></span> <span class='ocrx_word' id='word_1_218' title='bbox 868 3050 1214 3122; x_wconf 62' lang='lat' dir='ltr'><strong>pra&#39;dicastis,</strong></span> <span class='ocrx_word' id='word_1_219' title='bbox 1236 3047 1320 3116; x_wconf 83' lang='lat' dir='ltr'><strong>qui</strong></span> <span class='ocrx_word' id='word_1_220' title='bbox 1352 3047 1404 3098; x_wconf 93' lang='lat' dir='ltr'><strong>in</strong></span> <span class='ocrx_word' id='word_1_221' title='bbox 1437 3045 1726 3109; x_wconf 89' lang='lat' dir='ltr'><strong>montibus,</strong></span> <span class='ocrx_word' id='word_1_222' title='bbox 1752 3045 1801 3098; x_wconf 92' lang='lat' dir='ltr'><strong>in</strong></span> <span class='ocrx_word' id='word_1_223' title='bbox 1830 3045 2097 3115; x_wconf 80' lang='lat' dir='ltr'><strong>speluncis</strong></span> 
     </span>
    </p>
   </div>
   <div class='ocr_carea' id='block_1_31' title="bbox 524 3133 2112 3218">
    <p class='ocr_par' dir='ltr' id='par_1_31' title="bbox 524 3133 2112 3218">
     <span class='ocr_line' id='line_1_31' title="bbox 524 3133 2112 3218; baseline -0.011 -14"><span class='ocrx_word' id='word_1_224' title='bbox 524 3150 742 3218; x_wconf 86' lang='lat' dir='ltr'><strong>degunt,</strong></span> <span class='ocrx_word' id='word_1_225' title='bbox 757 3143 1100 3210; x_wconf 59' lang='lat' dir='ltr'><strong>caelibemque</strong></span> <span class='ocrx_word' id='word_1_226' title='bbox 1123 3147 1176 3192; x_wconf 90' lang='lat' dir='ltr'><strong>et</strong></span> <span class='ocrx_word' id='word_1_227' title='bbox 1195 3135 1422 3205; x_wconf 82' lang='lat' dir='ltr'><strong>negotiis</strong></span> <span class='ocrx_word' id='word_1_228' title='bbox 1439 3149 1656 3188; x_wconf 83' lang='lat' dir='ltr'><strong>vacuam</strong></span> <span class='ocrx_word' id='word_1_229' title='bbox 1683 3133 1878 3187; x_wconf 89' lang='lat' dir='ltr'><strong>ducunt</strong></span> <span class='ocrx_word' id='word_1_230' title='bbox 1901 3135 2057 3187; x_wconf 85' lang='lat' dir='ltr'><strong>vitam</strong></span> <span class='ocrx_word' id='word_1_231' title='bbox 2083 3137 2112 3198; x_wconf 88' lang='lat'><strong>;&#39;</strong></span> 
     </span>
    </p>
   </div>
   <div class='ocr_carea' id='block_1_32' title="bbox 523 3225 2100 3304">
    <p class='ocr_par' dir='ltr' id='par_1_32' title="bbox 523 3225 2100 3304">
     <span class='ocr_line' id='line_1_32' title="bbox 523 3225 2100 3304; baseline -0.01 -10"><span class='ocrx_word' id='word_1_232' title='bbox 523 3255 618 3294; x_wconf 88' lang='lat' dir='ltr'><strong>vos</strong></span> <span class='ocrx_word' id='word_1_233' title='bbox 642 3251 833 3304; x_wconf 91' lang='lat' dir='ltr'><strong>nempe</strong></span> <span class='ocrx_word' id='word_1_234' title='bbox 860 3275 874 3300; x_wconf 90' lang='lat'><strong>,</strong></span> <span class='ocrx_word' id='word_1_235' title='bbox 906 3234 993 3302; x_wconf 93' lang='lat' dir='ltr'><strong>qui</strong></span> <span class='ocrx_word' id='word_1_236' title='bbox 1025 3230 1107 3285; x_wconf 88' lang='lat' dir='ltr'><strong>vel</strong></span> <span class='ocrx_word' id='word_1_237' title='bbox 1147 3228 1377 3284; x_wconf 84' lang='lat' dir='ltr'><strong>artifices</strong></span> <span class='ocrx_word' id='word_1_238' title='bbox 1397 3267 1412 3291; x_wconf 98' lang='lat'><strong>,</strong></span> <span class='ocrx_word' id='word_1_239' title='bbox 1449 3227 1528 3281; x_wconf 85' lang='lat' dir='ltr'><strong>vel</strong></span> <span class='ocrx_word' id='word_1_240' title='bbox 1562 3225 1756 3280; x_wconf 87' lang='lat' dir='ltr'><strong>milites</strong></span> <span class='ocrx_word' id='word_1_241' title='bbox 1787 3225 1917 3279; x_wconf 91' lang='lat' dir='ltr'><strong>estis</strong></span> <span class='ocrx_word' id='word_1_242' title='bbox 1941 3266 1954 3286; x_wconf 94' lang='lat'><strong>,</strong></span> <span class='ocrx_word' id='word_1_243' title='bbox 1988 3226 2100 3279; x_wconf 82' lang='lat' dir='ltr'><strong>sive</strong></span> 
     </span>
    </p>
   </div>
   <div class='ocr_carea' id='block_1_33' title="bbox 522 3313 2086 3400">
    <p class='ocr_par' dir='ltr' id='par_1_33' title="bbox 522 3313 2086 3400">
     <span class='ocr_line' id='line_1_33' title="bbox 522 3313 2086 3400; baseline -0.01 -16"><span class='ocrx_word' id='word_1_244' title='bbox 522 3330 611 3400; x_wconf 86' lang='lat' dir='ltr'><strong>qui</strong></span> <span class='ocrx_word' id='word_1_245' title='bbox 642 3329 800 3381; x_wconf 88' lang='lat' dir='ltr'><strong>vitam</strong></span> <span class='ocrx_word' id='word_1_246' title='bbox 823 3323 1016 3379; x_wconf 90' lang='lat' dir='ltr'><strong>ducitis</strong></span> <span class='ocrx_word' id='word_1_247' title='bbox 1035 3320 1216 3385; x_wconf 88' lang='lat' dir='ltr'><strong>otiosi,</strong></span> <span class='ocrx_word' id='word_1_248' title='bbox 1249 3319 1361 3372; x_wconf 84' lang='lat' dir='ltr'><strong>sive</strong></span> <span class='ocrx_word' id='word_1_249' title='bbox 1390 3318 1479 3387; x_wconf 89' lang='lat' dir='ltr'><strong>qui</strong></span> <span class='ocrx_word' id='word_1_250' title='bbox 1511 3317 1562 3370; x_wconf 92' lang='lat' dir='ltr'><strong>in</strong></span> <span class='ocrx_word' id='word_1_251' title='bbox 1605 3330 1764 3370; x_wconf 81' lang='lat' dir='ltr'><strong>scena</strong></span> <span class='ocrx_word' id='word_1_252' title='bbox 1809 3324 1864 3370; x_wconf 91' lang='lat' dir='ltr'><strong>et</strong></span> <span class='ocrx_word' id='word_1_253' title='bbox 1897 3313 2086 3370; x_wconf 91' lang='lat' dir='ltr'><strong>orche-</strong></span> 
     </span>
    </p>
   </div>
   <div class='ocr_carea' id='block_1_34' title="bbox 516 3406 2088 3482">
    <p class='ocr_par' dir='ltr' id='par_1_34' title="bbox 516 3406 2088 3482">
     <span class='ocr_line' id='line_1_34' title="bbox 516 3406 2088 3482; baseline -0.008 -10"><span class='ocrx_word' id='word_1_254' title='bbox 516 3417 645 3472; x_wconf 83' lang='lat' dir='ltr'><strong>stris</strong></span> <span class='ocrx_word' id='word_1_255' title='bbox 660 3416 798 3469; x_wconf 89' lang='lat' dir='ltr'><strong>diem</strong></span> <span class='ocrx_word' id='word_1_256' title='bbox 827 3412 1144 3482; x_wconf 88' lang='lat' dir='ltr'><strong>transigitis.</strong></span> <span class='ocrx_word' id='word_1_257' title='bbox 1167 3412 1292 3464; x_wconf 88' lang='lat' dir='ltr'><strong>Inde</strong></span> <span class='ocrx_word' id='word_1_258' title='bbox 1315 3415 1481 3472; x_wconf 89' lang='lat' dir='ltr'><strong>enim,</strong></span> <span class='ocrx_word' id='word_1_259' title='bbox 1502 3409 1749 3478; x_wconf 84' lang='lat' dir='ltr'><strong>quamvis</strong></span> <span class='ocrx_word' id='word_1_260' title='bbox 1771 3407 1915 3462; x_wconf 83' lang='lat' dir='ltr'><strong>mille</strong></span> <span class='ocrx_word' id='word_1_261' title='bbox 1937 3406 2088 3460; x_wconf 90' lang='lat' dir='ltr'><strong>volu-</strong></span> 
     </span>
    </p>
   </div>
   <div class='ocr_carea' id='block_1_35' title="bbox 518 3500 2090 3577">
    <p class='ocr_par' dir='ltr' id='par_1_35' title="bbox 518 3500 2090 3577">
     <span class='ocr_line' id='line_1_35' title="bbox 518 3500 2090 3577; baseline -0.007 -15"><span class='ocrx_word' id='word_1_262' title='bbox 518 3517 691 3577; x_wconf 89' lang='lat' dir='ltr'><strong>ptates</strong></span> <span class='ocrx_word' id='word_1_263' title='bbox 732 3505 997 3561; x_wconf 84' lang='lat' dir='ltr'><strong>scaturire</strong></span> <span class='ocrx_word' id='word_1_264' title='bbox 1036 3504 1338 3566; x_wconf 87' lang='lat' dir='ltr'><strong>videantur,</strong></span> <span class='ocrx_word' id='word_1_265' title='bbox 1372 3511 1625 3556; x_wconf 75' lang='lat' dir='ltr'><strong>sexcenta</strong></span> <span class='ocrx_word' id='word_1_266' title='bbox 1665 3501 1765 3552; x_wconf 87' lang='lat' dir='ltr'><strong>tela</strong></span> <span class='ocrx_word' id='word_1_267' title='bbox 1799 3500 2090 3553; x_wconf 90' lang='lat' dir='ltr'><strong>mittuntur</strong></span> 
     </span>
    </p>
   </div>
   <div class='ocr_carea' id='block_1_36' title="bbox 518 3591 2090 3665">
    <p class='ocr_par' dir='ltr' id='par_1_36' title="bbox 518 3591 2090 3665">
     <span class='ocr_line' id='line_1_36' title="bbox 518 3591 2090 3665; baseline -0.006 -12"><span class='ocrx_word' id='word_1_268' title='bbox 518 3598 861 3653; x_wconf 81' lang='lat' dir='ltr'><strong>amarissima</strong></span> <span class='ocrx_word' id='word_1_269' title='bbox 885 3597 922 3652; x_wconf 79' lang='lat'><strong>‘.</strong></span> <span class='ocrx_word' id='word_1_270' title='bbox 946 3596 1000 3650; x_wconf 82' lang='lat' dir='ltr'><strong>Si</strong></span> <span class='ocrx_word' id='word_1_271' title='bbox 1023 3597 1303 3665; x_wconf 90' lang='lat' dir='ltr'><strong>qniscnim</strong></span> <span class='ocrx_word' id='word_1_272' title='bbox 1328 3594 1576 3648; x_wconf 83' lang='lat' dir='ltr'><strong>saltantis</strong></span> <span class='ocrx_word' id='word_1_273' title='bbox 1595 3593 1785 3662; x_wconf 68' lang='lat' dir='ltr'><strong>puella:</strong></span> <span class='ocrx_word' id='word_1_274' title='bbox 1801 3606 1986 3646; x_wconf 84' lang='lat' dir='ltr'><strong>amore</strong></span> <span class='ocrx_word' id='word_1_275' title='bbox 2009 3591 2090 3644; x_wconf 91' lang='lat' dir='ltr'><strong>in-</strong></span> 
     </span>
    </p>
   </div>
   <div class='ocr_carea' id='block_1_37' title="bbox 520 3683 2096 3754">
    <p class='ocr_par' dir='ltr' id='par_1_37' title="bbox 520 3683 2096 3754">
     <span class='ocr_line' id='line_1_37' title="bbox 520 3683 2096 3754; baseline -0.006 -9"><span class='ocrx_word' id='word_1_276' title='bbox 520 3691 845 3752; x_wconf 88' lang='lat' dir='ltr'><strong>ﬂammetur,</strong></span> <span class='ocrx_word' id='word_1_277' title='bbox 870 3688 1015 3744; x_wconf 92' lang='lat' dir='ltr'><strong>omni</strong></span> <span class='ocrx_word' id='word_1_278' title='bbox 1043 3687 1253 3752; x_wconf 86' lang='lat' dir='ltr'><strong>militia,</strong></span> <span class='ocrx_word' id='word_1_279' title='bbox 1285 3686 1433 3739; x_wconf 92' lang='lat' dir='ltr'><strong>omni</strong></span> <span class='ocrx_word' id='word_1_280' title='bbox 1461 3683 1891 3754; x_wconf 73' lang='lat' dir='ltr'><strong>peregrinatione</strong></span> <span class='ocrx_word' id='word_1_281' title='bbox 1914 3683 2096 3737; x_wconf 87' lang='lat' dir='ltr'><strong>durio-</strong></span> 
     </span>
    </p>
   </div>
   <div class='ocr_carea' id='block_1_38' title="bbox 523 3775 2093 3848">
    <p class='ocr_par' dir='ltr' id='par_1_38' title="bbox 523 3775 2093 3848">
     <span class='ocr_line' id='line_1_38' title="bbox 523 3775 2093 3848; baseline -0.007 -10"><span class='ocrx_word' id='word_1_282' title='bbox 523 3799 611 3838; x_wconf 85' lang='lat' dir='ltr'><strong>res</strong></span> <span class='ocrx_word' id='word_1_283' title='bbox 628 3781 761 3837; x_wconf 84' lang='lat' dir='ltr'><strong>feret</strong></span> <span class='ocrx_word' id='word_1_284' title='bbox 777 3781 1077 3839; x_wconf 89' lang='lat' dir='ltr'><strong>cruciatus,</strong></span> <span class='ocrx_word' id='word_1_285' title='bbox 1101 3779 1379 3848; x_wconf 80' lang='lat' dir='ltr'><strong>pt-jorique</strong></span> <span class='ocrx_word' id='word_1_286' title='bbox 1400 3777 1453 3830; x_wconf 92' lang='lat' dir='ltr'><strong>in</strong></span> <span class='ocrx_word' id='word_1_287' title='bbox 1479 3785 1644 3836; x_wconf 89' lang='lat' dir='ltr'><strong>statu,</strong></span> <span class='ocrx_word' id='word_1_288' title='bbox 1662 3790 1826 3844; x_wconf 88' lang='lat' dir='ltr'><strong>quam</strong></span> <span class='ocrx_word' id='word_1_289' title='bbox 1848 3775 1976 3829; x_wconf 90' lang='lat' dir='ltr'><strong>urbs</strong></span> <span class='ocrx_word' id='word_1_290' title='bbox 1993 3775 2093 3827; x_wconf 80' lang='lat' dir='ltr'><strong>ob-</strong></span> 
     </span>
    </p>
   </div>
   <div class='ocr_carea' id='block_1_39' title="bbox 525 3867 2099 3941">
    <p class='ocr_par' dir='ltr' id='par_1_39' title="bbox 525 3867 2099 3941">
     <span class='ocr_line' id='line_1_39' title="bbox 525 3867 2099 3941; baseline -0.007 -11"><span class='ocrx_word' id='word_1_291' title='bbox 525 3890 699 3941; x_wconf 88' lang='lat' dir='ltr'><strong>sessa,</strong></span> <span class='ocrx_word' id='word_1_292' title='bbox 715 3873 837 3929; x_wconf 89' lang='lat' dir='ltr'><strong>erit.</strong></span> <span class='ocrx_word' id='word_1_293' title='bbox 859 3873 965 3929; x_wconf 87' lang='lat' dir='ltr'><strong>Sed</strong></span> <span class='ocrx_word' id='word_1_294' title='bbox 984 3888 1051 3926; x_wconf 89' lang='lat' dir='ltr'><strong>ne</strong></span> <span class='ocrx_word' id='word_1_295' title='bbox 1075 3873 1182 3926; x_wconf 90' lang='lat' dir='ltr'><strong>illis</strong></span> <span class='ocrx_word' id='word_1_296' title='bbox 1198 3871 1404 3925; x_wconf 89' lang='lat' dir='ltr'><strong>diutius</strong></span> <span class='ocrx_word' id='word_1_297' title='bbox 1425 3869 1829 3931; x_wconf 83' lang='lat' dir='ltr'><strong>incumbamus,</strong></span> <span class='ocrx_word' id='word_1_298' title='bbox 1851 3867 1982 3936; x_wconf 91' lang='lat' dir='ltr'><strong>ipsis</strong></span> <span class='ocrx_word' id='word_1_299' title='bbox 2002 3881 2099 3919; x_wconf 82' lang='lat' dir='ltr'><strong>eo-</strong></span> 
     </span>
    </p>
   </div>
   <div class='ocr_carea' id='block_1_40' title="bbox 526 3958 2101 4036">
    <p class='ocr_par' dir='ltr' id='par_1_40' title="bbox 526 3958 2101 4036">
     <span class='ocr_line' id='line_1_40' title="bbox 526 3958 2101 4036; baseline -0.008 -14"><span class='ocrx_word' id='word_1_300' title='bbox 526 3982 648 4022; x_wconf 91' lang='lat' dir='ltr'><strong>rum</strong></span> <span class='ocrx_word' id='word_1_301' title='bbox 661 3967 754 4036; x_wconf 93' lang='lat' dir='ltr'><strong>qui</strong></span> <span class='ocrx_word' id='word_1_302' title='bbox 774 3965 852 4020; x_wconf 90' lang='lat' dir='ltr'><strong>sic</strong></span> <span class='ocrx_word' id='word_1_303' title='bbox 864 3965 1006 4035; x_wconf 89' lang='lat' dir='ltr'><strong>capti</strong></span> <span class='ocrx_word' id='word_1_304' title='bbox 1021 3973 1145 4019; x_wconf 91' lang='lat' dir='ltr'><strong>sunt</strong></span> <span class='ocrx_word' id='word_1_305' title='bbox 1159 3962 1510 4018; x_wconf 76' lang='lat' dir='ltr'><strong>consciettlitr</strong></span> <span class='ocrx_word' id='word_1_306' title='bbox 1525 3959 1945 4030; x_wconf 84' lang='lat' dir='ltr'><strong>relictis,age,de</strong></span> <span class='ocrx_word' id='word_1_307' title='bbox 1963 3958 2101 4011; x_wconf 85' lang='lat' dir='ltr'><strong>mul-</strong></span> 
     </span>
    </p>
   </div>
   <div class='ocr_carea' id='block_1_41' title="bbox 526 4052 2101 4125">
    <p class='ocr_par' dir='ltr' id='par_1_41' title="bbox 526 4052 2101 4125">
     <span class='ocr_line' id='line_1_41' title="bbox 526 4052 2101 4125; baseline -0.006 -12"><span class='ocrx_word' id='word_1_308' title='bbox 526 4069 707 4113; x_wconf 89' lang='lat' dir='ltr'><strong>torum</strong></span> <span class='ocrx_word' id='word_1_309' title='bbox 733 4059 841 4112; x_wconf 86' lang='lat' dir='ltr'><strong>vita</strong></span> <span class='ocrx_word' id='word_1_310' title='bbox 878 4071 1018 4110; x_wconf 92' lang='lat' dir='ltr'><strong>nunc</strong></span> <span class='ocrx_word' id='word_1_311' title='bbox 1044 4069 1297 4125; x_wconf 85' lang='lat' dir='ltr'><strong>agamus:</strong></span> <span class='ocrx_word' id='word_1_312' title='bbox 1326 4063 1380 4107; x_wconf 91' lang='lat' dir='ltr'><strong>et</strong></span> <span class='ocrx_word' id='word_1_313' title='bbox 1411 4063 1619 4107; x_wconf 88' lang='lat' dir='ltr'><strong>tantum</strong></span> <span class='ocrx_word' id='word_1_314' title='bbox 1652 4052 1789 4104; x_wconf 91' lang='lat' dir='ltr'><strong>inter</strong></span> <span class='ocrx_word' id='word_1_315' title='bbox 1814 4061 2101 4116; x_wconf 86' lang='lat' dir='ltr'><strong>utramque</strong></span> 
     </span>
    </p>
   </div>
   <div class='ocr_carea' id='block_1_42' title="bbox 530 4145 2098 4211">
    <p class='ocr_par' dir='ltr' id='par_1_42' title="bbox 530 4145 2098 4211">
     <span class='ocr_line' id='line_1_42' title="bbox 530 4145 2098 4211; baseline -0.006 -7"><span class='ocrx_word' id='word_1_316' title='bbox 530 4152 697 4207; x_wconf 84' lang='lat' dir='ltr'><strong>vitam</strong></span> <span class='ocrx_word' id='word_1_317' title='bbox 712 4151 1052 4205; x_wconf 80' lang='lat' dir='ltr'><strong>inveniemus</strong></span> <span class='ocrx_word' id='word_1_318' title='bbox 1071 4147 1702 4210; x_wconf 81' lang='lat' dir='ltr'><strong>itttervaltum.quantt.m</strong></span> <span class='ocrx_word' id='word_1_319' title='bbox 1724 4145 1864 4196; x_wconf 90' lang='lat' dir='ltr'><strong>inter</strong></span> <span class='ocrx_word' id='word_1_320' title='bbox 1882 4152 2098 4211; x_wconf 86' lang='lat' dir='ltr'><strong>portum</strong></span> 
     </span>
    </p>
   </div>
   <div class='ocr_carea' id='block_1_43' title="bbox 519 4231 2093 4304">
    <p class='ocr_par' dir='ltr' id='par_1_43' title="bbox 519 4231 2093 4304">
     <span class='ocr_line' id='line_1_43' title="bbox 519 4231 2093 4304; baseline 0.002 -16"><span class='ocrx_word' id='word_1_321' title='bbox 519 4248 570 4288; x_wconf 69' lang='grc' dir='ltr'><strong>ιιι</strong></span> <span class='ocrx_word' id='word_1_322' title='bbox 613 4235 860 4289; x_wconf 84' lang='lat' dir='ltr'><strong>ﬂuctibus</strong></span> <span class='ocrx_word' id='word_1_323' title='bbox 887 4233 1142 4304; x_wconf 83' lang='lat' dir='ltr'><strong>agitatum</strong></span> <span class='ocrx_word' id='word_1_324' title='bbox 1176 4231 1397 4302; x_wconf 82' lang='lat' dir='ltr'><strong>pelagus</strong></span> <span class='ocrx_word' id='word_1_325' title='bbox 1451 4231 1530 4286; x_wconf 80' lang='lat' dir='ltr'><strong>Ex</strong></span> <span class='ocrx_word' id='word_1_326' title='bbox 1563 4231 1880 4289; x_wconf 87' lang='lat' dir='ltr'><strong>habitaculis</strong></span> <span class='ocrx_word' id='word_1_327' title='bbox 1915 4239 2093 4292; x_wconf 87' lang='lat' dir='ltr'><strong>statim</strong></span> 
     </span>
    </p>
   </div>
   <div class='ocr_carea' id='block_1_44' title="bbox 519 4324 2092 4389">
    <p class='ocr_par' dir='ltr' id='par_1_44' title="bbox 519 4324 2092 4389">
     <span class='ocr_line' id='line_1_44' title="bbox 519 4324 2092 4389; baseline 0.001 -7"><span class='ocrx_word' id='word_1_328' title='bbox 519 4331 584 4384; x_wconf 80' lang='lat' dir='ltr'><strong>ab</strong></span> <span class='ocrx_word' id='word_1_329' title='bbox 621 4327 842 4384; x_wconf 80' lang='lat' dir='ltr'><strong>exordio</strong></span> <span class='ocrx_word' id='word_1_330' title='bbox 881 4327 1067 4381; x_wconf 91' lang='lat' dir='ltr'><strong>horum</strong></span> <span class='ocrx_word' id='word_1_331' title='bbox 1110 4325 1414 4380; x_wconf 85' lang='lat' dir='ltr'><strong>felicitatem</strong></span> <span class='ocrx_word' id='word_1_332' title='bbox 1446 4324 1721 4379; x_wconf 89' lang='lat' dir='ltr'><strong>considera</strong></span> <span class='ocrx_word' id='word_1_333' title='bbox 1753 4341 1768 4389; x_wconf 88' lang='lat'><strong>;</strong></span> <span class='ocrx_word' id='word_1_334' title='bbox 1811 4326 1922 4382; x_wconf 90' lang='lat' dir='ltr'><strong>fora</strong></span> <span class='ocrx_word' id='word_1_335' title='bbox 1951 4330 2092 4384; x_wconf 91' lang='lat' dir='ltr'><strong>enim</strong></span> 
     </span>
    </p>
   </div>
   <div class='ocr_carea' id='block_1_45' title="bbox 512 4416 2088 4489">
    <p class='ocr_par' dir='ltr' id='par_1_45' title="bbox 512 4416 2088 4489">
     <span class='ocr_line' id='line_1_45' title="bbox 512 4416 2088 4489; baseline -0.001 -12"><span class='ocrx_word' id='word_1_336' title='bbox 512 4433 570 4477; x_wconf 86' lang='lat' dir='ltr'><strong>et</strong></span> <span class='ocrx_word' id='word_1_337' title='bbox 615 4421 774 4476; x_wconf 86' lang='lat' dir='ltr'><strong>urbes</strong></span> <span class='ocrx_word' id='word_1_338' title='bbox 817 4418 1174 4486; x_wconf 84' lang='lat' dir='ltr'><strong>tumultusque</strong></span> <span class='ocrx_word' id='word_1_339' title='bbox 1225 4416 1276 4470; x_wconf 91' lang='lat' dir='ltr'><strong>in</strong></span> <span class='ocrx_word' id='word_1_340' title='bbox 1330 4416 1507 4470; x_wconf 85' lang='lat' dir='ltr'><strong>medio</strong></span> <span class='ocrx_word' id='word_1_341' title='bbox 1553 4417 1755 4486; x_wconf 84' lang='lat' dir='ltr'><strong>positos</strong></span> <span class='ocrx_word' id='word_1_342' title='bbox 1785 4419 2044 4487; x_wconf 75' lang='lat' dir='ltr'><strong>fugientes</strong></span> <span class='ocrx_word' id='word_1_343' title='bbox 2073 4465 2088 4489; x_wconf 92' lang='lat'><strong>,</strong></span> 
     </span>
    </p>
   </div>
   <div class='ocr_carea' id='block_1_46' title="bbox 516 4506 2093 4578">
    <p class='ocr_par' dir='ltr' id='par_1_46' title="bbox 516 4506 2093 4578">
     <span class='ocr_line' id='line_1_46' title="bbox 516 4506 2093 4578; baseline -0.001 -12"><span class='ocrx_word' id='word_1_344' title='bbox 516 4514 676 4568; x_wconf 84' lang='lat' dir='ltr'><strong>vitam</strong></span> <span class='ocrx_word' id='word_1_345' title='bbox 726 4514 778 4566; x_wconf 92' lang='lat' dir='ltr'><strong>in</strong></span> <span class='ocrx_word' id='word_1_346' title='bbox 809 4510 1078 4565; x_wconf 88' lang='lat' dir='ltr'><strong>montibus</strong></span> <span class='ocrx_word' id='word_1_347' title='bbox 1120 4506 1434 4576; x_wconf 89' lang='lat' dir='ltr'><strong>delegerunt</strong></span> <span class='ocrx_word' id='word_1_348' title='bbox 1454 4547 1470 4572; x_wconf 94' lang='lat'><strong>,</strong></span> <span class='ocrx_word' id='word_1_349' title='bbox 1501 4522 1620 4575; x_wconf 66' lang='lat' dir='ltr'><strong>quin</strong></span> <span class='ocrx_word' id='word_1_350' title='bbox 1649 4507 1777 4561; x_wconf 90' lang='lat' dir='ltr'><strong>nihil</strong></span> <span class='ocrx_word' id='word_1_351' title='bbox 1807 4524 1926 4562; x_wconf 88' lang='lat' dir='ltr'><strong>cum</strong></span> <span class='ocrx_word' id='word_1_352' title='bbox 1962 4529 2093 4578; x_wconf 75' lang='lat' dir='ltr'><strong>pra-</strong></span> 
     </span>
    </p>
   </div>
   <div class='ocr_carea' id='block_1_47' title="bbox 514 4597 2093 4670">
    <p class='ocr_par' dir='ltr' id='par_1_47' title="bbox 514 4597 2093 4670">
     <span class='ocr_line' id='line_1_47' title="bbox 514 4597 2093 4670; baseline -0.003 -12"><span class='ocrx_word' id='word_1_353' title='bbox 514 4605 653 4660; x_wconf 77' lang='lat' dir='ltr'><strong>senti</strong></span> <span class='ocrx_word' id='word_1_354' title='bbox 675 4606 780 4657; x_wconf 72' lang='lat' dir='ltr'><strong>vita</strong></span> <span class='ocrx_word' id='word_1_355' title='bbox 808 4614 1089 4657; x_wconf 91' lang='lat' dir='ltr'><strong>commune</strong></span> <span class='ocrx_word' id='word_1_356' title='bbox 1119 4598 1294 4664; x_wconf 88' lang='lat' dir='ltr'><strong>habet,</strong></span> <span class='ocrx_word' id='word_1_357' title='bbox 1321 4613 1440 4667; x_wconf 66' lang='lat' dir='ltr'><strong>quae</strong></span> <span class='ocrx_word' id='word_1_358' title='bbox 1469 4597 1599 4652; x_wconf 86' lang='lat' dir='ltr'><strong>nihil</strong></span> <span class='ocrx_word' id='word_1_359' title='bbox 1629 4598 1913 4655; x_wconf 90' lang='lat' dir='ltr'><strong>humanum</strong></span> <span class='ocrx_word' id='word_1_360' title='bbox 1944 4603 2093 4670; x_wconf 86' lang='lat' dir='ltr'><strong>pati—</strong></span> 
     </span>
    </p>
   </div>
   <div class='ocr_carea' id='block_1_48' title="bbox 518 4691 2066 4761">
    <p class='ocr_par' dir='ltr' id='par_1_48' title="bbox 518 4691 2066 4761">
     <span class='ocr_line' id='line_1_48' title="bbox 518 4691 2066 4761; baseline -0.005 -10"><span class='ocrx_word' id='word_1_361' title='bbox 518 4709 640 4761; x_wconf 84' lang='lat' dir='ltr'><strong>tur;</strong></span> <span class='ocrx_word' id='word_1_362' title='bbox 683 4711 788 4750; x_wconf 89' lang='lat' dir='ltr'><strong>non</strong></span> <span class='ocrx_word' id='word_1_363' title='bbox 813 4693 1054 4751; x_wconf 86' lang='lat' dir='ltr'><strong>dolorem</strong></span> <span class='ocrx_word' id='word_1_364' title='bbox 1081 4705 1176 4760; x_wconf 87' lang='lat' dir='ltr'><strong>pro</strong></span> <span class='ocrx_word' id='word_1_365' title='bbox 1201 4691 1363 4746; x_wconf 90' lang='lat' dir='ltr'><strong>rebus</strong></span> <span class='ocrx_word' id='word_1_366' title='bbox 1391 4691 1736 4745; x_wconf 82' lang='lat' dir='ltr'><strong>s:rcularibus</strong></span> <span class='ocrx_word' id='word_1_367' title='bbox 1767 4733 1781 4754; x_wconf 97' lang='lat'><strong>,</strong></span> <span class='ocrx_word' id='word_1_368' title='bbox 1825 4709 1928 4746; x_wconf 92' lang='lat' dir='ltr'><strong>non</strong></span> <span class='ocrx_word' id='word_1_369' title='bbox 1960 4710 2066 4751; x_wconf 73' lang='lat' dir='ltr'><strong>nim</strong></span> 
     </span>
    </p>
   </div>
   <div class='ocr_carea' id='block_1_49' title="bbox 513 4781 2092 4851">
    <p class='ocr_par' dir='ltr' id='par_1_49' title="bbox 513 4781 2092 4851">
     <span class='ocr_line' id='line_1_49' title="bbox 513 4781 2092 4851; baseline -0.001 -9"><span class='ocrx_word' id='word_1_370' title='bbox 513 4801 692 4842; x_wconf 85' lang='lat' dir='ltr'><strong>rorem</strong></span> <span class='ocrx_word' id='word_1_371' title='bbox 722 4784 809 4839; x_wconf 84' lang='lat' dir='ltr'><strong>vel</strong></span> <span class='ocrx_word' id='word_1_372' title='bbox 832 4781 1265 4846; x_wconf 83' lang='lat' dir='ltr'><strong>sollicitudinem,</strong></span> <span class='ocrx_word' id='word_1_373' title='bbox 1297 4796 1404 4836; x_wconf 88' lang='lat' dir='ltr'><strong>non</strong></span> <span class='ocrx_word' id='word_1_374' title='bbox 1433 4783 1686 4850; x_wconf 88' lang='lat' dir='ltr'><strong>pericula,</strong></span> <span class='ocrx_word' id='word_1_375' title='bbox 1720 4799 1825 4837; x_wconf 94' lang='lat' dir='ltr'><strong>non</strong></span> <span class='ocrx_word' id='word_1_376' title='bbox 1850 4784 2092 4851; x_wconf 87' lang='lat' dir='ltr'><strong>insidias,</strong></span> 
     </span>
    </p>
   </div>
   <div class='ocr_carea' id='block_1_50' title="bbox 513 4873 2090 4942">
    <p class='ocr_par' dir='ltr' id='par_1_50' title="bbox 513 4873 2090 4942">
     <span class='ocr_line' id='line_1_50' title="bbox 513 4873 2090 4942; baseline -0.001 -9"><span class='ocrx_word' id='word_1_377' title='bbox 513 4894 622 4933; x_wconf 82' lang='lat' dir='ltr'><strong>non</strong></span> <span class='ocrx_word' id='word_1_378' title='bbox 643 4876 916 4937; x_wconf 84' lang='lat' dir='ltr'><strong>invidiam,</strong></span> <span class='ocrx_word' id='word_1_379' title='bbox 948 4889 1053 4928; x_wconf 83' lang='lat' dir='ltr'><strong>non</strong></span> <span class='ocrx_word' id='word_1_380' title='bbox 1087 4873 1329 4934; x_wconf 90' lang='lat' dir='ltr'><strong>livorem,</strong></span> <span class='ocrx_word' id='word_1_381' title='bbox 1358 4887 1461 4926; x_wconf 93' lang='lat' dir='ltr'><strong>non</strong></span> <span class='ocrx_word' id='word_1_382' title='bbox 1493 4881 1673 4942; x_wconf 86' lang='lat' dir='ltr'><strong>turpes</strong></span> <span class='ocrx_word' id='word_1_383' title='bbox 1699 4889 1914 4931; x_wconf 83' lang='lat' dir='ltr'><strong>amores</strong></span> <span class='ocrx_word' id='word_1_384' title='bbox 1937 4917 1950 4937; x_wconf 91' lang='lat'><strong>,</strong></span> <span class='ocrx_word' id='word_1_385' title='bbox 1985 4893 2090 4932; x_wconf 89' lang='lat' dir='ltr'><strong>non</strong></span> 
     </span>
    </p>
   </div>
   <div class='ocr_carea' id='block_1_51' title="bbox 513 4964 2088 5040">
    <p class='ocr_par' dir='ltr' id='par_1_51' title="bbox 513 4964 2088 5040">
     <span class='ocr_line' id='line_1_51' title="bbox 513 4964 2088 5040; baseline -0.002 -13"><span class='ocrx_word' id='word_1_386' title='bbox 513 4971 654 5027; x_wconf 84' lang='lat' dir='ltr'><strong>aliud</strong></span> <span class='ocrx_word' id='word_1_387' title='bbox 695 4968 964 5040; x_wconf 84' lang='lat' dir='ltr'><strong>quidpiam</strong></span> <span class='ocrx_word' id='word_1_388' title='bbox 995 4966 1190 5021; x_wconf 78' lang='lat' dir='ltr'><strong>simile.</strong></span> <span class='ocrx_word' id='word_1_389' title='bbox 1216 4964 1332 5020; x_wconf 82' lang='lat' dir='ltr'><strong>Jam</strong></span> <span class='ocrx_word' id='word_1_390' title='bbox 1364 4965 1447 5019; x_wconf 90' lang='lat' dir='ltr'><strong>hic</strong></span> <span class='ocrx_word' id='word_1_391' title='bbox 1487 4967 1559 5020; x_wconf 92' lang='lat' dir='ltr'><strong>illi</strong></span> <span class='ocrx_word' id='word_1_392' title='bbox 1603 4982 1721 5036; x_wconf 79' lang='lat' dir='ltr'><strong>quae</strong></span> <span class='ocrx_word' id='word_1_393' title='bbox 1762 4968 1826 5021; x_wconf 94' lang='lat' dir='ltr'><strong>ad</strong></span> <span class='ocrx_word' id='word_1_394' title='bbox 1871 4985 2088 5040; x_wconf 87' lang='lat' dir='ltr'><strong>regnutn</strong></span> 
     </span>
    </p>
   </div>
   <div class='ocr_carea' id='block_1_52' title="bbox 513 5056 2086 5130">
    <p class='ocr_par' dir='ltr' id='par_1_52' title="bbox 513 5056 2086 5130">
     <span class='ocr_line' id='line_1_52' title="bbox 513 5056 2086 5130; baseline -0.003 -12"><span class='ocrx_word' id='word_1_395' title='bbox 513 5064 765 5119; x_wconf 80' lang='lat' dir='ltr'><strong>czelorum</strong></span> <span class='ocrx_word' id='word_1_396' title='bbox 797 5060 1057 5130; x_wconf 82' lang='lat' dir='ltr'><strong>pertinent</strong></span> <span class='ocrx_word' id='word_1_397' title='bbox 1093 5056 1438 5122; x_wconf 76' lang='lat' dir='ltr'><strong>meditantur,</strong></span> <span class='ocrx_word' id='word_1_398' title='bbox 1471 5059 1521 5111; x_wconf 91' lang='lat' dir='ltr'><strong>in</strong></span> <span class='ocrx_word' id='word_1_399' title='bbox 1550 5057 1770 5113; x_wconf 88' lang='lat' dir='ltr'><strong>saltibus</strong></span> <span class='ocrx_word' id='word_1_400' title='bbox 1792 5071 2086 5126; x_wconf 86' lang='lat' dir='ltr'><strong>versantes,</strong></span> 
     </span>
    </p>
   </div>
   <div class='ocr_carea' id='block_1_53' title="bbox 518 5148 2089 5220">
    <p class='ocr_par' dir='ltr' id='par_1_53' title="bbox 518 5148 2089 5220">
     <span class='ocr_line' id='line_1_53' title="bbox 518 5148 2089 5220; baseline -0.001 -11"><span class='ocrx_word' id='word_1_401' title='bbox 518 5153 784 5209; x_wconf 86' lang='lat' dir='ltr'><strong>montibus</strong></span> <span class='ocrx_word' id='word_1_402' title='bbox 810 5149 1151 5218; x_wconf 74' lang='lat' dir='ltr'><strong>{alitibusque</strong></span> <span class='ocrx_word' id='word_1_403' title='bbox 1181 5189 1195 5214; x_wconf 94' lang='lat'><strong>,</strong></span> <span class='ocrx_word' id='word_1_404' title='bbox 1236 5163 1356 5202; x_wconf 92' lang='lat' dir='ltr'><strong>cum</strong></span> <span class='ocrx_word' id='word_1_405' title='bbox 1384 5148 1562 5216; x_wconf 89' lang='lat' dir='ltr'><strong>quiete</strong></span> <span class='ocrx_word' id='word_1_406' title='bbox 1589 5149 1748 5202; x_wconf 91' lang='lat' dir='ltr'><strong>multa</strong></span> <span class='ocrx_word' id='word_1_407' title='bbox 1781 5169 1794 5201; x_wconf 75' lang='grc' dir='ltr'><strong>ε</strong></span> <span class='ocrx_word' id='word_1_408' title='bbox 1827 5153 2089 5220; x_wconf 82' lang='lat' dir='ltr'><strong>praecipue</strong></span> 
     </span>
    </p>
   </div>
   <div class='ocr_carea' id='block_1_54' title="bbox 514 5240 2086 5309">
    <p class='ocr_par' dir='ltr' id='par_1_54' title="bbox 514 5240 2086 5309">
     <span class='ocr_line' id='line_1_54' title="bbox 514 5240 2086 5309; baseline 0.002 -13"><span class='ocrx_word' id='word_1_409' title='bbox 514 5252 690 5296; x_wconf 75' lang='lat' dir='ltr'><strong>autem</strong></span> <span class='ocrx_word' id='word_1_410' title='bbox 737 5243 845 5297; x_wconf 90' lang='lat' dir='ltr'><strong>Deo</strong></span> <span class='ocrx_word' id='word_1_411' title='bbox 889 5240 1135 5303; x_wconf 63' lang='lat' dir='ltr'><strong>herent,</strong></span> <span class='ocrx_word' id='word_1_412' title='bbox 1183 5241 1557 5309; x_wconf 86' lang='lat' dir='ltr'><strong>tuguriumque</strong></span> <span class='ocrx_word' id='word_1_413' title='bbox 1599 5240 1804 5296; x_wconf 91' lang='lat' dir='ltr'><strong>illorum</strong></span> <span class='ocrx_word' id='word_1_414' title='bbox 1836 5245 1978 5298; x_wconf 91' lang='lat' dir='ltr'><strong>omni</strong></span> <span class='ocrx_word' id='word_1_415' title='bbox 2005 5255 2086 5299; x_wconf 93' lang='lat' dir='ltr'><strong>tu-</strong></span> 
     </span>
    </p>
   </div>
   <div class='ocr_carea' id='block_1_55' title="bbox 516 5330 2090 5404">
    <p class='ocr_par' dir='ltr' id='par_1_55' title="bbox 516 5330 2090 5404">
     <span class='ocr_line' id='line_1_55' title="bbox 516 5330 2090 5404; baseline 0.003 -18"><span class='ocrx_word' id='word_1_416' title='bbox 516 5331 682 5386; x_wconf 90' lang='lat' dir='ltr'><strong>multu</strong></span> <span class='ocrx_word' id='word_1_417' title='bbox 707 5345 927 5386; x_wconf 85' lang='lat' dir='ltr'><strong>vacuum</strong></span> <span class='ocrx_word' id='word_1_418' title='bbox 942 5339 1044 5398; x_wconf 85' lang='lat' dir='ltr'><strong>est,</strong></span> <span class='ocrx_word' id='word_1_419' title='bbox 1067 5330 1243 5385; x_wconf 88' lang='lat' dir='ltr'><strong>anima</strong></span> <span class='ocrx_word' id='word_1_420' title='bbox 1268 5330 1416 5385; x_wconf 90' lang='lat' dir='ltr'><strong>omni</strong></span> <span class='ocrx_word' id='word_1_421' title='bbox 1441 5331 1629 5386; x_wconf 89' lang='lat' dir='ltr'><strong>morbo</strong></span> <span class='ocrx_word' id='word_1_422' title='bbox 1655 5341 1710 5386; x_wconf 89' lang='lat' dir='ltr'><strong>et</strong></span> <span class='ocrx_word' id='word_1_423' title='bbox 1752 5348 1915 5404; x_wconf 89' lang='lat' dir='ltr'><strong>pravo</strong></span> <span class='ocrx_word' id='word_1_424' title='bbox 1956 5334 2090 5391; x_wconf 79' lang='lat' dir='ltr'><strong>affe-</strong></span> 
     </span>
    </p>
   </div>
   <div class='ocr_carea' id='block_1_56' title="bbox 589 5564 2089 5623">
    <p class='ocr_par' dir='ltr' id='par_1_56' title="bbox 589 5564 2089 5623">
     <span class='ocr_line' id='line_1_56' title="bbox 589 5564 2089 5623; baseline 0.005 -9"><span class='ocrx_word' id='word_1_425' title='bbox 589 5570 603 5597; x_wconf 84' lang='grc'>¹</span> <span class='ocrx_word' id='word_1_426' title='bbox 635 5564 716 5615; x_wconf 85' lang='lat' dir='ltr'><strong>Sic</strong></span> <span class='ocrx_word' id='word_1_427' title='bbox 739 5572 845 5615; x_wconf 89' lang='lat' dir='ltr'><strong>tres</strong></span> <span class='ocrx_word' id='word_1_428' title='bbox 882 5566 1015 5614; x_wconf 86' lang='lat' dir='ltr'><strong>codd.</strong></span> <span class='ocrx_word' id='word_1_429' title='bbox 1049 5565 1175 5615; x_wconf 81' lang='lat' dir='ltr'><strong>Editi</strong></span> <span class='ocrx_word' id='word_1_430' title='bbox 1203 5581 1322 5616; x_wconf 90' lang='lat' dir='ltr'><strong>vero</strong></span> <span class='ocrx_word' id='word_1_431' title='bbox 1350 5584 1360 5616; x_wconf 89' lang='lat'><strong>:</strong></span> <span class='ocrx_word' id='word_1_432' title='bbox 1391 5567 1467 5619; x_wconf 83' lang='lat' dir='ltr'><strong>Ibi</strong></span> <span class='ocrx_word' id='word_1_433' title='bbox 1489 5568 1614 5618; x_wconf 70' lang='lat' dir='ltr'><strong>enim</strong></span> <span class='ocrx_word' id='word_1_434' title='bbox 1639 5572 1765 5618; x_wconf 81' lang='lat' dir='ltr'><strong>unde</strong></span> <span class='ocrx_word' id='word_1_435' title='bbox 1791 5571 1925 5622; x_wconf 76' lang='lat' dir='ltr'><strong>mil’e</strong></span> <span class='ocrx_word' id='word_1_436' title='bbox 1952 5573 2089 5623; x_wconf 72' lang='lat' dir='ltr'><strong>volu-</strong></span> 
     </span>
    </p>
   </div>
   <div class='ocr_carea' id='block_1_57' title="bbox 525 5625 2098 5697">
    <p class='ocr_par' dir='ltr' id='par_1_57' title="bbox 525 5625 2098 5697">
     <span class='ocr_line' id='line_1_57' title="bbox 525 5625 2098 5697; baseline 0.009 -23"><span class='ocrx_word' id='word_1_437' title='bbox 525 5634 674 5697; x_wconf 73' lang='lat' dir='ltr'><strong>ptates</strong></span> <span class='ocrx_word' id='word_1_438' title='bbox 696 5625 933 5677; x_wconf 80' lang='lat' dir='ltr'><strong>scaturire</strong></span> <span class='ocrx_word' id='word_1_439' title='bbox 952 5626 1221 5688; x_wconf 73' lang='lat' dir='ltr'><strong>rideantur,</strong></span> <span class='ocrx_word' id='word_1_440' title='bbox 1246 5638 1468 5680; x_wconf 69' lang='lat' dir='ltr'><strong>sexcenta</strong></span> <span class='ocrx_word' id='word_1_441' title='bbox 1489 5634 1580 5681; x_wconf 85' lang='lat' dir='ltr'><strong>tela</strong></span> <span class='ocrx_word' id='word_1_442' title='bbox 1604 5631 1856 5683; x_wconf 78' lang='lat' dir='ltr'><strong>mittuntur</strong></span> <span class='ocrx_word' id='word_1_443' title='bbox 1888 5634 2098 5688; x_wconf 73' lang='lat' dir='ltr'><strong>amaris-</strong></span> 
     </span>
    </p>
   </div>
   <div class='ocr_carea' id='block_1_58' title="bbox 530 5703 666 5739">
    <p class='ocr_par' dir='ltr' id='par_1_58' title="bbox 530 5703 666 5739">
     <span class='ocr_line' id='line_1_58' title="bbox 530 5703 666 5739; baseline 0.015 -2"><span class='ocrx_word' id='word_1_444' title='bbox 530 5703 666 5739; x_wconf 72' lang='lat' dir='ltr'><strong>arma.</strong></span> 
     </span>
    </p>
   </div>
   <div class='ocr_carea' id='block_1_59' title="bbox 590 5749 1623 5816">
    <p class='ocr_par' dir='ltr' id='par_1_59' title="bbox 590 5749 1623 5816">
     <span class='ocr_line' id='line_1_59' title="bbox 590 5749 1623 5816; baseline 0.004 -16"><span class='ocrx_word' id='word_1_445' title='bbox 590 5753 609 5783; x_wconf 73' lang='grc'>³</span> <span class='ocrx_word' id='word_1_446' title='bbox 635 5750 685 5800; x_wconf 89' lang='lat' dir='ltr'><strong>ln</strong></span> <span class='ocrx_word' id='word_1_447' title='bbox 722 5751 890 5802; x_wconf 74' lang='lat' dir='ltr'><strong>Morel.</strong></span> <span class='ocrx_word' id='word_1_448' title='bbox 921 5756 1040 5814; x_wconf 77' lang='lat' dir='ltr'><strong>meo,</strong></span> <span class='ocrx_word' id='word_1_449' title='bbox 1063 5749 1193 5802; x_wconf 83' lang='lat' dir='ltr'><strong>omni</strong></span> <span class='ocrx_word' id='word_1_450' title='bbox 1224 5750 1417 5816; x_wconf 82' lang='lat' dir='ltr'><strong>militia,</strong></span> <span class='ocrx_word' id='word_1_451' title='bbox 1440 5754 1623 5804; x_wconf 87' lang='lat' dir='ltr'><strong>desunt</strong></span> 
     </span>
    </p>
   </div>
   <div class='ocr_carea' id='block_1_60' title="bbox 1299 338 3160 412">
    <p class='ocr_par' dir='ltr' id='par_1_60' title="bbox 1299 338 3160 412">
     <span class='ocr_line' id='line_1_60' title="bbox 1299 338 3160 412; baseline -0.004 0"><span class='ocrx_word' id='word_1_452' title='bbox 1299 359 1354 412; x_wconf 93' lang='lat' dir='ltr'><strong>S.</strong></span> <span class='ocrx_word' id='word_1_453' title='bbox 1395 353 1669 412; x_wconf 67' lang='lat' dir='ltr'><strong>JOANNIS</strong></span> <span class='ocrx_word' id='word_1_454' title='bbox 1696 348 2165 409; x_wconf 68' lang='lat' dir='ltr'><strong>Cllll‘i&#39;SOSTOiil</strong></span> <span class='ocrx_word' id='word_1_455' title='bbox 2209 347 2524 405; x_wconf 78' lang='lat' dir='ltr'><strong>ARClllEP.</strong></span> <span class='ocrx_word' id='word_1_456' title='bbox 2563 344 3090 404; x_wconf 70' lang='lat' dir='ltr'><strong>CONSTANTINOP.</strong></span> <span class='ocrx_word' id='word_1_457' title='bbox 3158 338 3160 340; x_wconf 25' lang='grc'><strong>⁷</strong></span> 
     </span>
    </p>
   </div>
   <div class='ocr_carea' id='block_1_61' title="bbox 3699 354 3817 410">
    <p class='ocr_par' dir='ltr' id='par_1_61' title="bbox 3699 354 3817 410">
     <span class='ocr_line' id='line_1_61' title="bbox 3699 354 3817 410; baseline 0 0"><span class='ocrx_word' id='word_1_458' title='bbox 3699 354 3817 410; x_wconf 68' lang='lat' dir='ltr'><strong>6M</strong></span> 
     </span>
    </p>
   </div>
   <div class='ocr_carea' id='block_1_62' title="bbox 2222 463 3815 538">
    <p class='ocr_par' dir='ltr' id='par_1_62' title="bbox 2222 463 3815 538">
     <span class='ocr_line' id='line_1_62' title="bbox 2222 463 3815 538; baseline 0.005 -22"><span class='ocrx_word' id='word_1_459' title='bbox 2222 474 2309 516; x_wconf 88' lang='lat' dir='ltr'><strong>ctu</strong></span> <span class='ocrx_word' id='word_1_460' title='bbox 2341 463 2522 527; x_wconf 88' lang='lat' dir='ltr'><strong>libera,</strong></span> <span class='ocrx_word' id='word_1_461' title='bbox 2557 464 2708 528; x_wconf 81' lang='lat' dir='ltr'><strong>levis,</strong></span> <span class='ocrx_word' id='word_1_462' title='bbox 2733 463 2997 531; x_wconf 81' lang='lat' dir='ltr'><strong>expedita,</strong></span> <span class='ocrx_word' id='word_1_463' title='bbox 3029 471 3084 518; x_wconf 90' lang='lat' dir='ltr'><strong>et</strong></span> <span class='ocrx_word' id='word_1_464' title='bbox 3112 463 3423 520; x_wconf 87' lang='lat' dir='ltr'><strong>tenuissimo</strong></span> <span class='ocrx_word' id='word_1_465' title='bbox 3445 479 3569 522; x_wconf 84' lang='lat' dir='ltr'><strong>acre</strong></span> <span class='ocrx_word' id='word_1_466' title='bbox 3597 471 3815 538; x_wconf 85' lang='lat' dir='ltr'><strong>purior.</strong></span> 
     </span>
    </p>
   </div>
   <div class='ocr_carea' id='block_1_63' title="bbox 2219 553 3821 625">
    <p class='ocr_par' dir='ltr' id='par_1_63' title="bbox 2219 553 3821 625">
     <span class='ocr_line' id='line_1_63' title="bbox 2219 553 3821 625; baseline 0.004 -17"><span class='ocrx_word' id='word_1_467' title='bbox 2219 553 2360 623; x_wconf 82' lang='lat' dir='ltr'><strong>Opus</strong></span> <span class='ocrx_word' id='word_1_468' title='bbox 2385 565 2560 609; x_wconf 89' lang='lat' dir='ltr'><strong>autem</strong></span> <span class='ocrx_word' id='word_1_469' title='bbox 2598 555 2808 608; x_wconf 87' lang='lat' dir='ltr'><strong>illorum</strong></span> <span class='ocrx_word' id='word_1_470' title='bbox 2840 554 3068 622; x_wconf 89' lang='lat' dir='ltr'><strong>idipsum</strong></span> <span class='ocrx_word' id='word_1_471' title='bbox 3109 567 3210 620; x_wconf 89' lang='lat' dir='ltr'><strong>est,</strong></span> <span class='ocrx_word' id='word_1_472' title='bbox 3242 555 3384 625; x_wconf 88' lang='lat' dir='ltr'><strong>quod</strong></span> <span class='ocrx_word' id='word_1_473' title='bbox 3438 556 3605 612; x_wconf 80' lang='lat' dir='ltr'><strong>Adam</strong></span> <span class='ocrx_word' id='word_1_474' title='bbox 3652 560 3821 614; x_wconf 83' lang='lat' dir='ltr'><strong>initio</strong></span> 
     </span>
    </p>
   </div>
   <div class='ocr_carea' id='block_1_64' title="bbox 2221 643 3810 719">
    <p class='ocr_par' dir='ltr' id='par_1_64' title="bbox 2221 643 3810 719">
     <span class='ocr_line' id='line_1_64' title="bbox 2221 643 3810 719; baseline 0.008 -25"><span class='ocrx_word' id='word_1_475' title='bbox 2221 643 2442 707; x_wconf 87' lang='lat' dir='ltr'><strong>habuit,</strong></span> <span class='ocrx_word' id='word_1_476' title='bbox 2481 654 2763 714; x_wconf 87' lang='lat' dir='ltr'><strong>antequam</strong></span> <span class='ocrx_word' id='word_1_477' title='bbox 2788 657 3070 717; x_wconf 88' lang='lat' dir='ltr'><strong>peccaret,</strong></span> <span class='ocrx_word' id='word_1_478' title='bbox 3116 649 3327 717; x_wconf 83' lang='lat' dir='ltr'><strong>quando</strong></span> <span class='ocrx_word' id='word_1_479' title='bbox 3369 650 3535 719; x_wconf 79' lang='lat' dir='ltr'><strong>gloria</strong></span> <span class='ocrx_word' id='word_1_480' title='bbox 3586 649 3810 707; x_wconf 83' lang='lat' dir='ltr'><strong>indutus</strong></span> 
     </span>
    </p>
   </div>
   <div class='ocr_carea' id='block_1_65' title="bbox 2221 735 3812 805">
    <p class='ocr_par' dir='ltr' id='par_1_65' title="bbox 2221 735 3812 805">
     <span class='ocr_line' id='line_1_65' title="bbox 2221 735 3812 805; baseline 0.006 -18"><span class='ocrx_word' id='word_1_481' title='bbox 2221 747 2336 787; x_wconf 88' lang='lat' dir='ltr'><strong>cum</strong></span> <span class='ocrx_word' id='word_1_482' title='bbox 2388 735 2494 789; x_wconf 76' lang='lat' dir='ltr'><strong>[leo</strong></span> <span class='ocrx_word' id='word_1_483' title='bbox 2533 735 2701 790; x_wconf 85' lang='lat' dir='ltr'><strong>libere</strong></span> <span class='ocrx_word' id='word_1_484' title='bbox 2746 736 3060 805; x_wconf 86' lang='lat' dir='ltr'><strong>loquebatur</strong></span> <span class='ocrx_word' id='word_1_485' title='bbox 3090 779 3106 803; x_wconf 92' lang='lat'><strong>,</strong></span> <span class='ocrx_word' id='word_1_486' title='bbox 3137 749 3193 792; x_wconf 90' lang='lat' dir='ltr'><strong>et</strong></span> <span class='ocrx_word' id='word_1_487' title='bbox 3241 739 3414 793; x_wconf 91' lang='lat' dir='ltr'><strong>locum</strong></span> <span class='ocrx_word' id='word_1_488' title='bbox 3455 741 3603 794; x_wconf 91' lang='lat' dir='ltr'><strong>illum</strong></span> <span class='ocrx_word' id='word_1_489' title='bbox 3635 742 3812 796; x_wconf 87' lang='lat' dir='ltr'><strong>multa</strong></span> 
     </span>
    </p>
   </div>
   <div class='ocr_carea' id='block_1_66' title="bbox 2221 826 3813 902">
    <p class='ocr_par' dir='ltr' id='par_1_66' title="bbox 2221 826 3813 902">
     <span class='ocr_line' id='line_1_66' title="bbox 2221 826 3813 902; baseline 0.005 -22"><span class='ocrx_word' id='word_1_490' title='bbox 2221 826 2546 881; x_wconf 84' lang='lat' dir='ltr'><strong>beatitudine</strong></span> <span class='ocrx_word' id='word_1_491' title='bbox 2573 826 2824 884; x_wconf 87' lang='lat' dir='ltr'><strong>refertum</strong></span> <span class='ocrx_word' id='word_1_492' title='bbox 2850 830 3134 883; x_wconf 89' lang='lat' dir='ltr'><strong>incolebat.</strong></span> <span class='ocrx_word' id='word_1_493' title='bbox 3168 829 3223 884; x_wconf 84' lang='lat' dir='ltr'><strong>In</strong></span> <span class='ocrx_word' id='word_1_494' title='bbox 3252 846 3357 899; x_wconf 93' lang='lat' dir='ltr'><strong>quo</strong></span> <span class='ocrx_word' id='word_1_495' title='bbox 3383 833 3525 886; x_wconf 89' lang='lat' dir='ltr'><strong>enim</strong></span> <span class='ocrx_word' id='word_1_496' title='bbox 3568 833 3617 886; x_wconf 87' lang='grc' dir='ltr'><strong>Ιιί</strong></span> <span class='ocrx_word' id='word_1_497' title='bbox 3650 832 3813 902; x_wconf 83' lang='lat' dir='ltr'><strong>pejus</strong></span> 
     </span>
    </p>
   </div>
   <div class='ocr_carea' id='block_1_67' title="bbox 2213 917 3818 993">
    <p class='ocr_par' dir='ltr' id='par_1_67' title="bbox 2213 917 3818 993">
     <span class='ocr_line' id='line_1_67' title="bbox 2213 917 3818 993; baseline 0.009 -25"><span class='ocrx_word' id='word_1_498' title='bbox 2213 931 2372 986; x_wconf 88' lang='lat' dir='ltr'><strong>quam</strong></span> <span class='ocrx_word' id='word_1_499' title='bbox 2401 919 2492 974; x_wconf 84' lang='lat' dir='ltr'><strong>ille</strong></span> <span class='ocrx_word' id='word_1_500' title='bbox 2515 917 2729 989; x_wconf 77' lang='lat' dir='ltr'><strong>degunt,</strong></span> <span class='ocrx_word' id='word_1_501' title='bbox 2757 935 2877 973; x_wconf 89' lang='lat' dir='ltr'><strong>cum</strong></span> <span class='ocrx_word' id='word_1_502' title='bbox 2904 931 3026 974; x_wconf 88' lang='lat' dir='ltr'><strong>ante</strong></span> <span class='ocrx_word' id='word_1_503' title='bbox 3053 921 3462 976; x_wconf 87' lang='lat' dir='ltr'><strong>inobedientiam</strong></span> <span class='ocrx_word' id='word_1_504' title='bbox 3497 926 3697 993; x_wconf 89' lang='lat' dir='ltr'><strong>positus</strong></span> <span class='ocrx_word' id='word_1_505' title='bbox 3722 935 3818 982; x_wconf 85' lang='lat' dir='ltr'><strong>est</strong></span> 
     </span>
    </p>
   </div>
   <div class='ocr_carea' id='block_1_68' title="bbox 2216 1007 3811 1081">
    <p class='ocr_par' dir='ltr' id='par_1_68' title="bbox 2216 1007 3811 1081">
     <span class='ocr_line' id='line_1_68' title="bbox 2216 1007 3811 1081; baseline 0.005 -21"><span class='ocrx_word' id='word_1_506' title='bbox 2216 1007 2270 1060; x_wconf 93' lang='lat' dir='ltr'><strong>in</strong></span> <span class='ocrx_word' id='word_1_507' title='bbox 2304 1009 2552 1077; x_wconf 88' lang='lat' dir='ltr'><strong>paradiso</strong></span> <span class='ocrx_word' id='word_1_508' title='bbox 2585 1019 2641 1064; x_wconf 92' lang='lat' dir='ltr'><strong>ut</strong></span> <span class='ocrx_word' id='word_1_509' title='bbox 2660 1012 3015 1079; x_wconf 88' lang='lat' dir='ltr'><strong>operaretur?</strong></span> <span class='ocrx_word' id='word_1_510' title='bbox 3041 1011 3190 1066; x_wconf 83' lang='lat' dir='ltr'><strong>Nulla</strong></span> <span class='ocrx_word' id='word_1_511' title='bbox 3216 1014 3312 1081; x_wconf 85' lang='lat' dir='ltr'><strong>ipsi</strong></span> <span class='ocrx_word' id='word_1_512' title='bbox 3343 1015 3615 1069; x_wconf 63' lang='lat' dir='ltr'><strong>SiBCUIZI&#39;IS</strong></span> <span class='ocrx_word' id='word_1_513' title='bbox 3648 1017 3811 1069; x_wconf 77' lang='lat' dir='ltr'><strong>solli-</strong></span> 
     </span>
    </p>
   </div>
   <div class='ocr_carea' id='block_1_69' title="bbox 2215 1101 3811 1176">
    <p class='ocr_par' dir='ltr' id='par_1_69' title="bbox 2215 1101 3811 1176">
     <span class='ocr_line' id='line_1_69' title="bbox 2215 1101 3811 1176; baseline 0.003 -21"><span class='ocrx_word' id='word_1_514' title='bbox 2215 1101 2394 1156; x_wconf 90' lang='lat' dir='ltr'><strong>citudo</strong></span> <span class='ocrx_word' id='word_1_515' title='bbox 2423 1103 2596 1156; x_wconf 90' lang='lat' dir='ltr'><strong>inerat</strong></span> <span class='ocrx_word' id='word_1_516' title='bbox 2617 1144 2634 1169; x_wconf 91' lang='lat'><strong>,</strong></span> <span class='ocrx_word' id='word_1_517' title='bbox 2672 1103 2812 1158; x_wconf 91' lang='lat' dir='ltr'><strong>nulla</strong></span> <span class='ocrx_word' id='word_1_518' title='bbox 2839 1104 2997 1159; x_wconf 91' lang='lat' dir='ltr'><strong>etiam</strong></span> <span class='ocrx_word' id='word_1_519' title='bbox 3026 1106 3300 1160; x_wconf 89' lang='lat' dir='ltr'><strong>monachis</strong></span> <span class='ocrx_word' id='word_1_520' title='bbox 3335 1106 3438 1160; x_wconf 90' lang='lat' dir='ltr'><strong>illis</strong></span> <span class='ocrx_word' id='word_1_521' title='bbox 3466 1125 3479 1160; x_wconf 89' lang='lat'><strong>:</strong></span> <span class='ocrx_word' id='word_1_522' title='bbox 3509 1122 3640 1176; x_wconf 89' lang='lat' dir='ltr'><strong>pttra</strong></span> <span class='ocrx_word' id='word_1_523' title='bbox 3670 1123 3811 1162; x_wconf 80' lang='lat' dir='ltr'><strong>co..-</strong></span> 
     </span>
    </p>
   </div>
   <div class='ocr_carea' id='block_1_70' title="bbox 2218 1194 3812 1266">
    <p class='ocr_par' dir='ltr' id='par_1_70' title="bbox 2218 1194 3812 1266">
     <span class='ocr_line' id='line_1_70' title="bbox 2218 1194 3812 1266; baseline 0.006 -20"><span class='ocrx_word' id='word_1_524' title='bbox 2218 1194 2435 1247; x_wconf 84' lang='lat' dir='ltr'><strong>scientia</strong></span> <span class='ocrx_word' id='word_1_525' title='bbox 2494 1194 2658 1248; x_wconf 91' lang='lat' dir='ltr'><strong>Deum</strong></span> <span class='ocrx_word' id='word_1_526' title='bbox 2701 1195 3112 1266; x_wconf 83' lang='lat' dir='ltr'><strong>alloquebatur,</strong></span> <span class='ocrx_word' id='word_1_527' title='bbox 3163 1205 3218 1252; x_wconf 91' lang='lat' dir='ltr'><strong>et</strong></span> <span class='ocrx_word' id='word_1_528' title='bbox 3268 1197 3322 1251; x_wconf 88' lang='lat' dir='ltr'><strong>hi</strong></span> <span class='ocrx_word' id='word_1_529' title='bbox 3367 1199 3660 1254; x_wconf 88' lang='lat' dir='ltr'><strong>similiter:</strong></span> <span class='ocrx_word' id='word_1_530' title='bbox 3697 1201 3812 1256; x_wconf 85' lang='lat' dir='ltr'><strong>imo</strong></span> 
     </span>
    </p>
   </div>
   <div class='ocr_carea' id='block_1_71' title="bbox 2215 1283 3809 1360">
    <p class='ocr_par' dir='ltr' id='par_1_71' title="bbox 2215 1283 3809 1360">
     <span class='ocr_line' id='line_1_71' title="bbox 2215 1283 3809 1360; baseline 0.006 -24"><span class='ocrx_word' id='word_1_531' title='bbox 2215 1284 2382 1337; x_wconf 88' lang='lat' dir='ltr'><strong>multo</strong></span> <span class='ocrx_word' id='word_1_532' title='bbox 2420 1283 2678 1353; x_wconf 84' lang='lat' dir='ltr'><strong>majorem</strong></span> <span class='ocrx_word' id='word_1_533' title='bbox 2722 1301 2883 1355; x_wconf 87' lang='lat' dir='ltr'><strong>quam</strong></span> <span class='ocrx_word' id='word_1_534' title='bbox 2924 1287 3014 1341; x_wconf 90' lang='lat' dir='ltr'><strong>ille</strong></span> <span class='ocrx_word' id='word_1_535' title='bbox 3058 1287 3302 1341; x_wconf 82' lang='lat' dir='ltr'><strong>fiduciam</strong></span> <span class='ocrx_word' id='word_1_536' title='bbox 3339 1287 3580 1354; x_wconf 88' lang='lat' dir='ltr'><strong>habent,</strong></span> <span class='ocrx_word' id='word_1_537' title='bbox 3616 1301 3809 1360; x_wconf 89' lang='lat' dir='ltr'><strong>utpote</strong></span> 
     </span>
    </p>
   </div>
   <div class='ocr_carea' id='block_1_72' title="bbox 2217 1374 3807 1448">
    <p class='ocr_par' dir='ltr' id='par_1_72' title="bbox 2217 1374 3807 1448">
     <span class='ocr_line' id='line_1_72' title="bbox 2217 1374 3807 1448; baseline 0.008 -22"><span class='ocrx_word' id='word_1_538' title='bbox 2217 1374 2402 1443; x_wconf 90' lang='lat' dir='ltr'><strong>majori</strong></span> <span class='ocrx_word' id='word_1_539' title='bbox 2446 1375 2682 1430; x_wconf 83' lang='lat' dir='ltr'><strong>fruentes</strong></span> <span class='ocrx_word' id='word_1_540' title='bbox 2725 1378 2892 1446; x_wconf 81' lang='lat' dir='ltr'><strong>gratia</strong></span> <span class='ocrx_word' id='word_1_541' title='bbox 2923 1378 3177 1448; x_wconf 90' lang='lat' dir='ltr'><strong>Spiritus.</strong></span> <span class='ocrx_word' id='word_1_542' title='bbox 3212 1379 3316 1435; x_wconf 89' lang='lat' dir='ltr'><strong>Par</strong></span> <span class='ocrx_word' id='word_1_543' title='bbox 3345 1391 3491 1436; x_wconf 82' lang='lat' dir='ltr'><strong>esset</strong></span> <span class='ocrx_word' id='word_1_544' title='bbox 3527 1393 3675 1438; x_wconf 88' lang='lat' dir='ltr'><strong>certe</strong></span> <span class='ocrx_word' id='word_1_545' title='bbox 3705 1400 3807 1439; x_wconf 82' lang='lat' dir='ltr'><strong>vos</strong></span> 
     </span>
    </p>
   </div>
   <div class='ocr_carea' id='block_1_73' title="bbox 2217 1465 3803 1542">
    <p class='ocr_par' dir='ltr' id='par_1_73' title="bbox 2217 1465 3803 1542">
     <span class='ocr_line' id='line_1_73' title="bbox 2217 1465 3803 1542; baseline 0.009 -27"><span class='ocrx_word' id='word_1_546' title='bbox 2217 1465 2329 1519; x_wconf 76' lang='lat' dir='ltr'><strong>lucc</strong></span> <span class='ocrx_word' id='word_1_547' title='bbox 2352 1465 2520 1520; x_wconf 87' lang='lat' dir='ltr'><strong>oculis</strong></span> <span class='ocrx_word' id='word_1_548' title='bbox 2552 1467 2861 1536; x_wconf 83' lang='lat' dir='ltr'><strong>percipere;</strong></span> <span class='ocrx_word' id='word_1_549' title='bbox 2894 1469 2986 1524; x_wconf 89' lang='lat' dir='ltr'><strong>sed</strong></span> <span class='ocrx_word' id='word_1_550' title='bbox 3013 1470 3136 1540; x_wconf 90' lang='lat' dir='ltr'><strong>quia</strong></span> <span class='ocrx_word' id='word_1_551' title='bbox 3169 1485 3272 1524; x_wconf 93' lang='lat' dir='ltr'><strong>non</strong></span> <span class='ocrx_word' id='word_1_552' title='bbox 3302 1471 3462 1526; x_wconf 86' lang='lat' dir='ltr'><strong>vultis</strong></span> <span class='ocrx_word' id='word_1_553' title='bbox 3493 1512 3506 1535; x_wconf 94' lang='lat'><strong>,</strong></span> <span class='ocrx_word' id='word_1_554' title='bbox 3551 1485 3715 1542; x_wconf 83' lang='lat' dir='ltr'><strong>atque</strong></span> <span class='ocrx_word' id='word_1_555' title='bbox 3745 1475 3803 1530; x_wconf 93' lang='lat' dir='ltr'><strong>in</strong></span> 
     </span>
    </p>
   </div>
   <div class='ocr_carea' id='block_1_74' title="bbox 2216 1557 3800 1630">
    <p class='ocr_par' dir='ltr' id='par_1_74' title="bbox 2216 1557 3800 1630">
     <span class='ocr_line' id='line_1_74' title="bbox 2216 1557 3800 1630; baseline 0.009 -22"><span class='ocrx_word' id='word_1_556' title='bbox 2216 1557 2441 1611; x_wconf 89' lang='lat' dir='ltr'><strong>tumultu</strong></span> <span class='ocrx_word' id='word_1_557' title='bbox 2471 1567 2523 1613; x_wconf 88' lang='lat' dir='ltr'><strong>et</strong></span> <span class='ocrx_word' id='word_1_558' title='bbox 2556 1558 2669 1613; x_wconf 89' lang='lat' dir='ltr'><strong>foro</strong></span> <span class='ocrx_word' id='word_1_559' title='bbox 2700 1559 2911 1630; x_wconf 87' lang='lat' dir='ltr'><strong>degitis,</strong></span> <span class='ocrx_word' id='word_1_560' title='bbox 2935 1576 3030 1616; x_wconf 90' lang='lat' dir='ltr'><strong>vos</strong></span> <span class='ocrx_word' id='word_1_561' title='bbox 3055 1561 3244 1616; x_wconf 87' lang='lat' dir='ltr'><strong>saltem</strong></span> <span class='ocrx_word' id='word_1_562' title='bbox 3276 1563 3441 1617; x_wconf 88' lang='lat' dir='ltr'><strong>verbo</strong></span> <span class='ocrx_word' id='word_1_563' title='bbox 3469 1563 3758 1622; x_wconf 71' lang='lat' dir='ltr'><strong>doceamus</strong></span> <span class='ocrx_word' id='word_1_564' title='bbox 3784 1585 3800 1622; x_wconf 88' lang='lat'><strong>:</strong></span> 
     </span>
    </p>
   </div>
   <div class='ocr_carea' id='block_1_75' title="bbox 2214 1653 3800 1725">
    <p class='ocr_par' dir='ltr' id='par_1_75' title="bbox 2214 1653 3800 1725">
     <span class='ocr_line' id='line_1_75' title="bbox 2214 1653 3800 1725; baseline 0.009 -24"><span class='ocrx_word' id='word_1_565' title='bbox 2214 1663 2372 1702; x_wconf 90' lang='lat' dir='ltr'><strong>unam</strong></span> <span class='ocrx_word' id='word_1_566' title='bbox 2398 1666 2526 1706; x_wconf 89' lang='lat' dir='ltr'><strong>vero</strong></span> <span class='ocrx_word' id='word_1_567' title='bbox 2553 1660 2753 1720; x_wconf 90' lang='lat' dir='ltr'><strong>partem</strong></span> <span class='ocrx_word' id='word_1_568' title='bbox 2783 1653 2902 1707; x_wconf 58' lang='lat' dir='ltr'><strong>vitae</strong></span> <span class='ocrx_word' id='word_1_569' title='bbox 2933 1653 3142 1708; x_wconf 88' lang='lat' dir='ltr'><strong>illorum</strong></span> <span class='ocrx_word' id='word_1_570' title='bbox 3170 1657 3495 1725; x_wconf 76' lang='lat' dir='ltr'><strong>excipiemus</strong></span> <span class='ocrx_word' id='word_1_571' title='bbox 3515 1700 3530 1724; x_wconf 94' lang='lat'><strong>,</strong></span> <span class='ocrx_word' id='word_1_572' title='bbox 3555 1675 3677 1713; x_wconf 87' lang='lat' dir='ltr'><strong>nam</strong></span> <span class='ocrx_word' id='word_1_573' title='bbox 3708 1670 3767 1715; x_wconf 89' lang='lat' dir='ltr'><strong>to</strong></span> <span class='ocrx_word' id='word_1_574' title='bbox 3785 1693 3800 1703; x_wconf 83' lang='lat'><strong>-</strong></span> 
     </span>
    </p>
   </div>
   <div class='ocr_carea' id='block_1_76' title="bbox 2216 1742 3805 1813">
    <p class='ocr_par' dir='ltr' id='par_1_76' title="bbox 2216 1742 3805 1813">
     <span class='ocr_line' id='line_1_76' title="bbox 2216 1742 3805 1813; baseline 0.008 -21"><span class='ocrx_word' id='word_1_575' title='bbox 2216 1746 2323 1792; x_wconf 89' lang='lat' dir='ltr'><strong>tam</strong></span> <span class='ocrx_word' id='word_1_576' title='bbox 2347 1742 2601 1811; x_wconf 87' lang='lat' dir='ltr'><strong>persequi</strong></span> <span class='ocrx_word' id='word_1_577' title='bbox 2630 1756 2734 1796; x_wconf 92' lang='lat' dir='ltr'><strong>non</strong></span> <span class='ocrx_word' id='word_1_578' title='bbox 2766 1757 3070 1811; x_wconf 73' lang='lat' dir='ltr'><strong>pessumus.</strong></span> <span class='ocrx_word' id='word_1_579' title='bbox 3117 1744 3196 1797; x_wconf 91' lang='lat' dir='ltr'><strong>Illi</strong></span> <span class='ocrx_word' id='word_1_580' title='bbox 3225 1746 3313 1813; x_wconf 90' lang='lat' dir='ltr'><strong>qui</strong></span> <span class='ocrx_word' id='word_1_581' title='bbox 3347 1747 3629 1802; x_wconf 87' lang='lat' dir='ltr'><strong>luminaria</strong></span> <span class='ocrx_word' id='word_1_582' title='bbox 3675 1762 3805 1805; x_wconf 91' lang='lat' dir='ltr'><strong>sunt</strong></span> 
     </span>
    </p>
   </div>
   <div class='ocr_carea' id='block_1_77' title="bbox 2214 1829 3798 1908">
    <p class='ocr_par' dir='ltr' id='par_1_77' title="bbox 2214 1829 3798 1908">
     <span class='ocr_line' id='line_1_77' title="bbox 2214 1829 3798 1908; baseline 0.008 -26"><span class='ocrx_word' id='word_1_583' title='bbox 2214 1829 2380 1893; x_wconf 90' lang='lat' dir='ltr'><strong>orbis,</strong></span> <span class='ocrx_word' id='word_1_584' title='bbox 2409 1845 2528 1884; x_wconf 92' lang='lat' dir='ltr'><strong>cum</strong></span> <span class='ocrx_word' id='word_1_585' title='bbox 2559 1833 2638 1886; x_wconf 90' lang='lat' dir='ltr'><strong>sol</strong></span> <span class='ocrx_word' id='word_1_586' title='bbox 2667 1840 2814 1887; x_wconf 85' lang='lat' dir='ltr'><strong>ortus</strong></span> <span class='ocrx_word' id='word_1_587' title='bbox 2840 1843 2950 1895; x_wconf 87' lang='lat' dir='ltr'><strong>est,</strong></span> <span class='ocrx_word' id='word_1_588' title='bbox 2983 1834 3091 1888; x_wconf 89' lang='lat' dir='ltr'><strong>imo</strong></span> <span class='ocrx_word' id='word_1_589' title='bbox 3119 1835 3209 1890; x_wconf 91' lang='lat' dir='ltr'><strong>diu</strong></span> <span class='ocrx_word' id='word_1_590' title='bbox 3244 1845 3526 1906; x_wconf 84' lang='lat' dir='ltr'><strong>antequam</strong></span> <span class='ocrx_word' id='word_1_591' title='bbox 3575 1839 3749 1895; x_wconf 89' lang='lat' dir='ltr'><strong>luceat</strong></span> <span class='ocrx_word' id='word_1_592' title='bbox 3779 1883 3798 1908; x_wconf 95' lang='lat'><strong>,</strong></span> 
     </span>
    </p>
   </div>
   <div class='ocr_carea' id='block_1_78' title="bbox 2215 1921 3802 2001">
    <p class='ocr_par' dir='ltr' id='par_1_78' title="bbox 2215 1921 3802 2001">
     <span class='ocr_line' id='line_1_78' title="bbox 2215 1921 3802 2001; baseline 0.009 -27"><span class='ocrx_word' id='word_1_593' title='bbox 2215 1936 2244 1974; x_wconf 89' lang='lat' dir='ltr'><strong>e</strong></span> <span class='ocrx_word' id='word_1_594' title='bbox 2292 1921 2429 1975; x_wconf 82' lang='lat' dir='ltr'><strong>lecto</strong></span> <span class='ocrx_word' id='word_1_595' title='bbox 2469 1932 2744 1993; x_wconf 84' lang='lat' dir='ltr'><strong>surgentes</strong></span> <span class='ocrx_word' id='word_1_596' title='bbox 2792 1926 2929 1990; x_wconf 92' lang='lat' dir='ltr'><strong>sani,</strong></span> <span class='ocrx_word' id='word_1_597' title='bbox 2961 1937 3083 1980; x_wconf 90' lang='lat' dir='ltr'><strong>sunt</strong></span> <span class='ocrx_word' id='word_1_598' title='bbox 3108 1929 3314 1997; x_wconf 78' lang='lat' dir='ltr'><strong>vigiles,</strong></span> <span class='ocrx_word' id='word_1_599' title='bbox 3344 1929 3574 2000; x_wconf 74' lang='lat' dir='ltr'><strong>expediti</strong></span> <span class='ocrx_word' id='word_1_600' title='bbox 3600 1933 3802 2001; x_wconf 87' lang='lat' dir='ltr'><strong>(nullus</strong></span> 
     </span>
    </p>
   </div>
   <div class='ocr_carea' id='block_1_79' title="bbox 2213 2013 3798 2089">
    <p class='ocr_par' dir='ltr' id='par_1_79' title="bbox 2213 2013 3798 2089">
     <span class='ocr_line' id='line_1_79' title="bbox 2213 2013 3798 2089; baseline 0.009 -24"><span class='ocrx_word' id='word_1_601' title='bbox 2213 2013 2352 2066; x_wconf 89' lang='lat' dir='ltr'><strong>enim</strong></span> <span class='ocrx_word' id='word_1_602' title='bbox 2385 2013 2455 2067; x_wconf 92' lang='lat' dir='ltr'><strong>ibi</strong></span> <span class='ocrx_word' id='word_1_603' title='bbox 2479 2013 2652 2080; x_wconf 89' lang='lat' dir='ltr'><strong>dolor,</strong></span> <span class='ocrx_word' id='word_1_604' title='bbox 2685 2018 2766 2070; x_wconf 69' lang='lat' dir='ltr'><strong>vel</strong></span> <span class='ocrx_word' id='word_1_605' title='bbox 2787 2017 3110 2081; x_wconf 90' lang='lat' dir='ltr'><strong>sollicitudo,</strong></span> <span class='ocrx_word' id='word_1_606' title='bbox 3146 2019 3226 2073; x_wconf 86' lang='lat' dir='ltr'><strong>vel</strong></span> <span class='ocrx_word' id='word_1_607' title='bbox 3255 2034 3440 2088; x_wconf 87' lang='lat' dir='ltr'><strong>seper,</strong></span> <span class='ocrx_word' id='word_1_608' title='bbox 3469 2037 3572 2075; x_wconf 90' lang='lat' dir='ltr'><strong>non</strong></span> <span class='ocrx_word' id='word_1_609' title='bbox 3603 2024 3755 2078; x_wconf 92' lang='lat' dir='ltr'><strong>labor</strong></span> <span class='ocrx_word' id='word_1_610' title='bbox 3783 2067 3798 2089; x_wconf 83' lang='lat'><strong>,</strong></span> 
     </span>
    </p>
   </div>
   <div class='ocr_carea' id='block_1_80' title="bbox 2213 2105 3798 2180">
    <p class='ocr_par' dir='ltr' id='par_1_80' title="bbox 2213 2105 3798 2180">
     <span class='ocr_line' id='line_1_80' title="bbox 2213 2105 3798 2180; baseline 0.009 -25"><span class='ocrx_word' id='word_1_611' title='bbox 2213 2117 2319 2156; x_wconf 93' lang='lat' dir='ltr'><strong>non</strong></span> <span class='ocrx_word' id='word_1_612' title='bbox 2352 2105 2680 2173; x_wconf 83' lang='lat' dir='ltr'><strong>negotiorum</strong></span> <span class='ocrx_word' id='word_1_613' title='bbox 2712 2107 2862 2160; x_wconf 88' lang='lat' dir='ltr'><strong>turba</strong></span> <span class='ocrx_word' id='word_1_614' title='bbox 2884 2149 2899 2174; x_wconf 92' lang='lat'><strong>,</strong></span> <span class='ocrx_word' id='word_1_615' title='bbox 2957 2123 3061 2161; x_wconf 90' lang='lat' dir='ltr'><strong>non</strong></span> <span class='ocrx_word' id='word_1_616' title='bbox 3108 2109 3230 2176; x_wconf 89' lang='lat' dir='ltr'><strong>quid</strong></span> <span class='ocrx_word' id='word_1_617' title='bbox 3260 2109 3434 2164; x_wconf 90' lang='lat' dir='ltr'><strong>simile</strong></span> <span class='ocrx_word' id='word_1_618' title='bbox 3467 2153 3481 2176; x_wconf 94' lang='lat'><strong>,</strong></span> <span class='ocrx_word' id='word_1_619' title='bbox 3520 2113 3610 2165; x_wconf 89' lang='lat' dir='ltr'><strong>sed</strong></span> <span class='ocrx_word' id='word_1_620' title='bbox 3642 2116 3798 2180; x_wconf 81' lang='lat' dir='ltr'><strong>quasi</strong></span> 
     </span>
    </p>
   </div>
   <div class='ocr_carea' id='block_1_81' title="bbox 2212 2197 3794 2271">
    <p class='ocr_par' dir='ltr' id='par_1_81' title="bbox 2212 2197 3794 2271">
     <span class='ocr_line' id='line_1_81' title="bbox 2212 2197 3794 2271; baseline 0.005 -23"><span class='ocrx_word' id='word_1_621' title='bbox 2212 2197 2383 2265; x_wconf 80' lang='lat' dir='ltr'><strong>angeli</strong></span> <span class='ocrx_word' id='word_1_622' title='bbox 2416 2197 2467 2250; x_wconf 91' lang='lat' dir='ltr'><strong>in</strong></span> <span class='ocrx_word' id='word_1_623' title='bbox 2500 2199 2633 2251; x_wconf 70' lang='lat' dir='ltr'><strong>catlo</strong></span> <span class='ocrx_word' id='word_1_624' title='bbox 2661 2199 2901 2269; x_wconf 83' lang='lat' dir='ltr'><strong>degunt)</strong></span> <span class='ocrx_word' id='word_1_625' title='bbox 2933 2217 2947 2253; x_wconf 87' lang='lat'>:</span> <span class='ocrx_word' id='word_1_626' title='bbox 2981 2209 3258 2270; x_wconf 87' lang='lat' dir='ltr'><strong>surgentes</strong></span> <span class='ocrx_word' id='word_1_627' title='bbox 3290 2201 3447 2271; x_wconf 87' lang='lat' dir='ltr'><strong>igitur</strong></span> <span class='ocrx_word' id='word_1_628' title='bbox 3476 2205 3652 2258; x_wconf 86' lang='lat' dir='ltr'><strong>statim</strong></span> <span class='ocrx_word' id='word_1_629' title='bbox 3683 2205 3794 2260; x_wconf 76' lang='lat' dir='ltr'><strong>la-ti</strong></span> 
     </span>
    </p>
   </div>
   <div class='ocr_carea' id='block_1_82' title="bbox 2210 2287 3802 2356">
    <p class='ocr_par' dir='ltr' id='par_1_82' title="bbox 2210 2287 3802 2356">
     <span class='ocr_line' id='line_1_82' title="bbox 2210 2287 3802 2356; baseline 0.008 -16"><span class='ocrx_word' id='word_1_630' title='bbox 2210 2295 2265 2340; x_wconf 92' lang='lat' dir='ltr'><strong>et</strong></span> <span class='ocrx_word' id='word_1_631' title='bbox 2294 2287 2507 2353; x_wconf 89' lang='lat' dir='ltr'><strong>hilares,</strong></span> <span class='ocrx_word' id='word_1_632' title='bbox 2538 2289 2758 2345; x_wconf 89' lang='lat' dir='ltr'><strong>chorum</strong></span> <span class='ocrx_word' id='word_1_633' title='bbox 2783 2291 3036 2348; x_wconf 83' lang='lat' dir='ltr'><strong>facientes</strong></span> <span class='ocrx_word' id='word_1_634' title='bbox 3064 2308 3244 2356; x_wconf 87' lang='lat' dir='ltr'><strong>unum,</strong></span> <span class='ocrx_word' id='word_1_635' title='bbox 3276 2292 3399 2348; x_wconf 74' lang='lat' dir='ltr'><strong>lmto</strong></span> <span class='ocrx_word' id='word_1_636' title='bbox 3430 2297 3574 2350; x_wconf 87' lang='lat' dir='ltr'><strong>vultu</strong></span> <span class='ocrx_word' id='word_1_637' title='bbox 3597 2307 3646 2350; x_wconf 90' lang='lat' dir='ltr'><strong>et</strong></span> <span class='ocrx_word' id='word_1_638' title='bbox 3670 2312 3802 2352; x_wconf 66' lang='lat' dir='ltr'><strong>cono</strong></span> 
     </span>
    </p>
   </div>
   <div class='ocr_carea' id='block_1_83' title="bbox 2212 2380 3800 2457">
    <p class='ocr_par' dir='ltr' id='par_1_83' title="bbox 2212 2380 3800 2457">
     <span class='ocr_line' id='line_1_83' title="bbox 2212 2380 3800 2457; baseline 0.009 -26"><span class='ocrx_word' id='word_1_639' title='bbox 2212 2380 2430 2434; x_wconf 86' lang='lat' dir='ltr'><strong>scientia</strong></span> <span class='ocrx_word' id='word_1_640' title='bbox 2459 2382 2616 2436; x_wconf 88' lang='lat' dir='ltr'><strong>simul</strong></span> <span class='ocrx_word' id='word_1_641' title='bbox 2648 2399 2856 2448; x_wconf 91' lang='lat' dir='ltr'><strong>omnes,</strong></span> <span class='ocrx_word' id='word_1_642' title='bbox 2885 2384 3035 2453; x_wconf 84' lang='lat' dir='ltr'><strong>quasi</strong></span> <span class='ocrx_word' id='word_1_643' title='bbox 3066 2401 3168 2438; x_wconf 92' lang='lat' dir='ltr'><strong>uno</strong></span> <span class='ocrx_word' id='word_1_644' title='bbox 3198 2401 3312 2449; x_wconf 90' lang='lat' dir='ltr'><strong>ore,</strong></span> <span class='ocrx_word' id='word_1_645' title='bbox 3345 2385 3555 2457; x_wconf 83' lang='lat' dir='ltr'><strong>hymnis</strong></span> <span class='ocrx_word' id='word_1_646' title='bbox 3585 2390 3800 2444; x_wconf 85' lang='lat' dir='ltr'><strong>univer-</strong></span> 
     </span>
    </p>
   </div>
   <div class='ocr_carea' id='block_1_84' title="bbox 2211 2471 3799 2546">
    <p class='ocr_par' dir='ltr' id='par_1_84' title="bbox 2211 2471 3799 2546">
     <span class='ocr_line' id='line_1_84' title="bbox 2211 2471 3799 2546; baseline 0.006 -24"><span class='ocrx_word' id='word_1_647' title='bbox 2211 2483 2390 2523; x_wconf 89' lang='lat' dir='ltr'><strong>sorum</strong></span> <span class='ocrx_word' id='word_1_648' title='bbox 2443 2471 2606 2525; x_wconf 89' lang='lat' dir='ltr'><strong>Deum</strong></span> <span class='ocrx_word' id='word_1_649' title='bbox 2649 2473 2962 2537; x_wconf 88' lang='lat' dir='ltr'><strong>celebrant,</strong></span> <span class='ocrx_word' id='word_1_650' title='bbox 3017 2473 3297 2530; x_wconf 85' lang='lat' dir='ltr'><strong>laudantes</strong></span> <span class='ocrx_word' id='word_1_651' title='bbox 3333 2491 3451 2530; x_wconf 91' lang='lat' dir='ltr'><strong>cum</strong></span> <span class='ocrx_word' id='word_1_652' title='bbox 3497 2487 3552 2530; x_wconf 91' lang='lat' dir='ltr'><strong>et</strong></span> <span class='ocrx_word' id='word_1_653' title='bbox 3598 2479 3799 2546; x_wconf 82' lang='lat' dir='ltr'><strong>gratias</strong></span> 
     </span>
    </p>
   </div>
   <div class='ocr_carea' id='block_1_85' title="bbox 2213 2559 3795 2633">
    <p class='ocr_par' dir='ltr' id='par_1_85' title="bbox 2213 2559 3795 2633">
     <span class='ocr_line' id='line_1_85' title="bbox 2213 2559 3795 2633; baseline 0.008 -24"><span class='ocrx_word' id='word_1_654' title='bbox 2213 2559 2308 2629; x_wconf 88' lang='lat' dir='ltr'><strong>ipsi</strong></span> <span class='ocrx_word' id='word_1_655' title='bbox 2337 2572 2551 2629; x_wconf 82' lang='lat' dir='ltr'><strong>agentes</strong></span> <span class='ocrx_word' id='word_1_656' title='bbox 2579 2578 2674 2631; x_wconf 92' lang='lat' dir='ltr'><strong>pro</strong></span> <span class='ocrx_word' id='word_1_657' title='bbox 2695 2564 2960 2628; x_wconf 89' lang='lat' dir='ltr'><strong>omnibus,</strong></span> <span class='ocrx_word' id='word_1_658' title='bbox 2991 2565 3101 2618; x_wconf 87' lang='lat' dir='ltr'><strong>sive</strong></span> <span class='ocrx_word' id='word_1_659' title='bbox 3125 2566 3352 2633; x_wconf 66' lang='lat' dir='ltr'><strong>proliriis</strong></span> <span class='ocrx_word' id='word_1_660' title='bbox 3371 2608 3384 2630; x_wconf 92' lang='lat'><strong>,</strong></span> <span class='ocrx_word' id='word_1_661' title='bbox 3413 2567 3525 2622; x_wconf 87' lang='lat' dir='ltr'><strong>sive</strong></span> <span class='ocrx_word' id='word_1_662' title='bbox 3549 2583 3795 2622; x_wconf 85' lang='lat' dir='ltr'><strong>commu-</strong></span> 
     </span>
    </p>
   </div>
   <div class='ocr_carea' id='block_1_86' title="bbox 2211 2652 3793 2731">
    <p class='ocr_par' dir='ltr' id='par_1_86' title="bbox 2211 2652 3793 2731">
     <span class='ocr_line' id='line_1_86' title="bbox 2211 2652 3793 2731; baseline 0.007 -27"><span class='ocrx_word' id='word_1_663' title='bbox 2211 2652 2371 2707; x_wconf 90' lang='lat' dir='ltr'><strong>nibus</strong></span> <span class='ocrx_word' id='word_1_664' title='bbox 2402 2653 2690 2708; x_wconf 84' lang='lat' dir='ltr'><strong>beneficiis.</strong></span> <span class='ocrx_word' id='word_1_665' title='bbox 2723 2654 2898 2723; x_wconf 85' lang='lat' dir='ltr'><strong>Quare</strong></span> <span class='ocrx_word' id='word_1_666' title='bbox 2929 2657 3093 2711; x_wconf 85' lang='lat' dir='ltr'><strong>misso</strong></span> <span class='ocrx_word' id='word_1_667' title='bbox 3128 2657 3350 2723; x_wconf 83' lang='lat' dir='ltr'><strong>Adamo,</strong></span> <span class='ocrx_word' id='word_1_668' title='bbox 3386 2659 3793 2731; x_wconf 78' lang='lat' dir='ltr'><strong>interrogemus,</strong></span> 
     </span>
    </p>
   </div>
   <div class='ocr_carea' id='block_1_87' title="bbox 2212 2739 3795 2814">
    <p class='ocr_par' dir='ltr' id='par_1_87' title="bbox 2212 2739 3795 2814">
     <span class='ocr_line' id='line_1_87' title="bbox 2212 2739 3795 2814; baseline 0.008 -21"><span class='ocrx_word' id='word_1_669' title='bbox 2212 2739 2263 2795; x_wconf 91' lang='lat' dir='ltr'><strong>iu</strong></span> <span class='ocrx_word' id='word_1_670' title='bbox 2312 2757 2417 2811; x_wconf 89' lang='lat' dir='ltr'><strong>quo</strong></span> <span class='ocrx_word' id='word_1_671' title='bbox 2458 2742 2666 2796; x_wconf 75' lang='lat' dir='ltr'><strong>dill‘erat</strong></span> <span class='ocrx_word' id='word_1_672' title='bbox 2702 2745 2770 2798; x_wconf 93' lang='lat' dir='ltr'><strong>ab</strong></span> <span class='ocrx_word' id='word_1_673' title='bbox 2808 2747 3010 2814; x_wconf 85' lang='lat' dir='ltr'><strong>angelis</strong></span> <span class='ocrx_word' id='word_1_674' title='bbox 3042 2747 3130 2801; x_wconf 91' lang='lat' dir='ltr'><strong>ille</strong></span> <span class='ocrx_word' id='word_1_675' title='bbox 3164 2748 3360 2802; x_wconf 87' lang='lat' dir='ltr'><strong>chorus</strong></span> <span class='ocrx_word' id='word_1_676' title='bbox 3405 2753 3707 2806; x_wconf 84' lang='lat' dir='ltr'><strong>canentium</strong></span> <span class='ocrx_word' id='word_1_677' title='bbox 3742 2756 3795 2806; x_wconf 90' lang='lat' dir='ltr'><strong>in</strong></span> 
     </span>
    </p>
   </div>
   <div class='ocr_carea' id='block_1_88' title="bbox 2211 2833 3790 2900">
    <p class='ocr_par' dir='ltr' id='par_1_88' title="bbox 2211 2833 3790 2900">
     <span class='ocr_line' id='line_1_88' title="bbox 2211 2833 3790 2900; baseline 0.007 -17"><span class='ocrx_word' id='word_1_678' title='bbox 2211 2840 2350 2885; x_wconf 89' lang='lat' dir='ltr'><strong>terra</strong></span> <span class='ocrx_word' id='word_1_679' title='bbox 2374 2842 2427 2886; x_wconf 90' lang='lat' dir='ltr'><strong>et</strong></span> <span class='ocrx_word' id='word_1_680' title='bbox 2452 2833 2739 2889; x_wconf 84' lang='lat' dir='ltr'><strong>dicentium</strong></span> <span class='ocrx_word' id='word_1_681' title='bbox 2767 2853 2777 2888; x_wconf 92' lang='lat'>:</span> <span class='ocrx_word' id='word_1_682' title='bbox 2811 2834 2987 2890; x_wconf 80' lang='lat' dir='ltr'><strong>Gloria</strong></span> <span class='ocrx_word' id='word_1_683' title='bbox 3011 2839 3061 2890; x_wconf 85' lang='lat' dir='ltr'><strong>in</strong></span> <span class='ocrx_word' id='word_1_684' title='bbox 3091 2839 3299 2893; x_wconf 73' lang='lat' dir='ltr'><strong>excelsis</strong></span> <span class='ocrx_word' id='word_1_685' title='bbox 3327 2836 3432 2893; x_wconf 86' lang='lat' dir='ltr'><strong>Deo</strong></span> <span class='ocrx_word' id='word_1_686' title='bbox 3456 2880 3470 2900; x_wconf 94' lang='lat'><strong>,</strong></span> <span class='ocrx_word' id='word_1_687' title='bbox 3501 2853 3547 2894; x_wconf 82' lang='lat' dir='ltr'><strong>et</strong></span> <span class='ocrx_word' id='word_1_688' title='bbox 3572 2843 3622 2896; x_wconf 87' lang='lat' dir='ltr'><strong>in</strong></span> <span class='ocrx_word' id='word_1_689' title='bbox 3652 2853 3790 2897; x_wconf 82' lang='lat' dir='ltr'><strong>term</strong></span> 
     </span>
    </p>
   </div>
   <div class='ocr_carea' id='block_1_89' title="bbox 2206 2927 3794 3003">
    <p class='ocr_par' dir='ltr' id='par_1_89' title="bbox 2206 2927 3794 3003">
     <span class='ocr_line' id='line_1_89' title="bbox 2206 2927 3794 3003; baseline 0.009 -25"><span class='ocrx_word' id='word_1_690' title='bbox 2206 2941 2327 2995; x_wconf 72' lang='lat' dir='ltr'><strong>pax,</strong></span> <span class='ocrx_word' id='word_1_691' title='bbox 2350 2928 2401 2979; x_wconf 85' lang='lat' dir='ltr'><strong>in</strong></span> <span class='ocrx_word' id='word_1_692' title='bbox 2433 2927 2719 2982; x_wconf 80' lang='lat' dir='ltr'><strong>hominibus</strong></span> <span class='ocrx_word' id='word_1_693' title='bbox 2748 2929 2878 2983; x_wconf 82' lang='lat' dir='ltr'><strong>bona</strong></span> <span class='ocrx_word' id='word_1_694' title='bbox 2910 2931 3143 2985; x_wconf 78' lang='lat' dir='ltr'><strong>voluntas</strong></span> <span class='ocrx_word' id='word_1_695' title='bbox 3173 2929 3335 3002; x_wconf 82' lang='lat' dir='ltr'><strong>(Luc.</strong></span> <span class='ocrx_word' id='word_1_696' title='bbox 3364 2932 3417 2985; x_wconf 66' lang='grc' dir='ltr'><strong>Ξ.</strong></span> <span class='ocrx_word' id='word_1_697' title='bbox 3451 2933 3577 3003; x_wconf 60' lang='grc' dir='ltr'><strong>Ωιι).</strong></span> <span class='ocrx_word' id='word_1_698' title='bbox 3612 2935 3794 2992; x_wconf 76' lang='lat' dir='ltr'><strong>Vestis</strong></span> 
     </span>
    </p>
   </div>
   <div class='ocr_carea' id='block_1_90' title="bbox 2209 3017 3791 3092">
    <p class='ocr_par' dir='ltr' id='par_1_90' title="bbox 2209 3017 3791 3092">
     <span class='ocr_line' id='line_1_90' title="bbox 2209 3017 3791 3092; baseline 0.008 -25"><span class='ocrx_word' id='word_1_699' title='bbox 2209 3025 2386 3092; x_wconf 86' lang='lat' dir='ltr'><strong>autem</strong></span> <span class='ocrx_word' id='word_1_700' title='bbox 2433 3017 2534 3072; x_wconf 89' lang='lat' dir='ltr'><strong>illis</strong></span> <span class='ocrx_word' id='word_1_701' title='bbox 2566 3018 2692 3072; x_wconf 78' lang='lat' dir='ltr'><strong>viris</strong></span> <span class='ocrx_word' id='word_1_702' title='bbox 2726 3020 2880 3086; x_wconf 71' lang='lat' dir='ltr'><strong>digna</strong></span> <span class='ocrx_word' id='word_1_703' title='bbox 2910 3031 2993 3074; x_wconf 89' lang='lat' dir='ltr'><strong>est</strong></span> <span class='ocrx_word' id='word_1_704' title='bbox 3023 3038 3035 3072; x_wconf 92' lang='lat'>:</span> <span class='ocrx_word' id='word_1_705' title='bbox 3070 3036 3239 3082; x_wconf 86' lang='lat' dir='ltr'><strong>neque</strong></span> <span class='ocrx_word' id='word_1_706' title='bbox 3273 3022 3415 3076; x_wconf 87' lang='lat' dir='ltr'><strong>enim</strong></span> <span class='ocrx_word' id='word_1_707' title='bbox 3449 3024 3667 3092; x_wconf 85' lang='lat' dir='ltr'><strong>perinde</strong></span> <span class='ocrx_word' id='word_1_708' title='bbox 3700 3041 3791 3080; x_wconf 86' lang='lat' dir='ltr'><strong>ve-</strong></span> 
     </span>
    </p>
   </div>
   <div class='ocr_carea' id='block_1_91' title="bbox 2205 3106 3794 3181">
    <p class='ocr_par' dir='ltr' id='par_1_91' title="bbox 2205 3106 3794 3181">
     <span class='ocr_line' id='line_1_91' title="bbox 2205 3106 3794 3181; baseline 0.008 -22"><span class='ocrx_word' id='word_1_709' title='bbox 2205 3106 2438 3160; x_wconf 89' lang='lat' dir='ltr'><strong>stiuntur</strong></span> <span class='ocrx_word' id='word_1_710' title='bbox 2462 3117 2619 3177; x_wconf 88' lang='lat' dir='ltr'><strong>atque</strong></span> <span class='ocrx_word' id='word_1_711' title='bbox 2649 3109 2681 3161; x_wconf 92' lang='lat' dir='ltr'><strong>ii</strong></span> <span class='ocrx_word' id='word_1_712' title='bbox 2713 3111 2801 3176; x_wconf 92' lang='lat' dir='ltr'><strong>qui</strong></span> <span class='ocrx_word' id='word_1_713' title='bbox 2827 3111 3032 3165; x_wconf 80' lang='lat' dir='ltr'><strong>tunicas</strong></span> <span class='ocrx_word' id='word_1_714' title='bbox 3062 3110 3276 3165; x_wconf 90' lang='lat' dir='ltr'><strong>trahunt</strong></span> <span class='ocrx_word' id='word_1_715' title='bbox 3305 3128 3402 3181; x_wconf 90' lang='lat' dir='ltr'><strong>per</strong></span> <span class='ocrx_word' id='word_1_716' title='bbox 3428 3115 3572 3168; x_wconf 82' lang='lat' dir='ltr'><strong>vicos</strong></span> <span class='ocrx_word' id='word_1_717' title='bbox 3591 3156 3607 3178; x_wconf 94' lang='lat'><strong>,</strong></span> <span class='ocrx_word' id='word_1_718' title='bbox 3632 3131 3794 3171; x_wconf 83' lang='lat' dir='ltr'><strong>ener-</strong></span> 
     </span>
    </p>
   </div>
   <div class='ocr_carea' id='block_1_92' title="bbox 2211 3199 3792 3276">
    <p class='ocr_par' dir='ltr' id='par_1_92' title="bbox 2211 3199 3792 3276">
     <span class='ocr_line' id='line_1_92' title="bbox 2211 3199 3792 3276; baseline 0.006 -24"><span class='ocrx_word' id='word_1_719' title='bbox 2211 3200 2318 3252; x_wconf 88' lang='lat' dir='ltr'><strong>vati</strong></span> <span class='ocrx_word' id='word_1_720' title='bbox 2348 3207 2399 3252; x_wconf 87' lang='lat' dir='ltr'><strong>et</strong></span> <span class='ocrx_word' id='word_1_721' title='bbox 2433 3199 2722 3254; x_wconf 83' lang='lat' dir='ltr'><strong>elTetninati</strong></span> <span class='ocrx_word' id='word_1_722' title='bbox 2758 3200 2830 3271; x_wconf 82' lang='grc' dir='ltr'><strong>(η)</strong></span> <span class='ocrx_word' id='word_1_723' title='bbox 2857 3219 2868 3253; x_wconf 93' lang='lat'><strong>:</strong></span> <span class='ocrx_word' id='word_1_724' title='bbox 2903 3201 2996 3256; x_wconf 86' lang='lat' dir='ltr'><strong>sed</strong></span> <span class='ocrx_word' id='word_1_725' title='bbox 3021 3211 3076 3256; x_wconf 85' lang='grc' dir='ltr'><strong>ιιι</strong></span> <span class='ocrx_word' id='word_1_726' title='bbox 3098 3204 3233 3256; x_wconf 85' lang='lat' dir='ltr'><strong>beati</strong></span> <span class='ocrx_word' id='word_1_727' title='bbox 3269 3204 3342 3258; x_wconf 84' lang='lat' dir='ltr'><strong>illi</strong></span> <span class='ocrx_word' id='word_1_728' title='bbox 3369 3206 3564 3276; x_wconf 81' lang='lat' dir='ltr'><strong>angeli,</strong></span> <span class='ocrx_word' id='word_1_729' title='bbox 3602 3207 3746 3262; x_wconf 87' lang='lat' dir='ltr'><strong>Elias</strong></span> <span class='ocrx_word' id='word_1_730' title='bbox 3776 3251 3792 3272; x_wconf 96' lang='lat'><strong>,</strong></span> 
     </span>
    </p>
   </div>
   <div class='ocr_carea' id='block_1_93' title="bbox 2209 3287 3796 3370">
    <p class='ocr_par' dir='ltr' id='par_1_93' title="bbox 2209 3287 3796 3370">
     <span class='ocr_line' id='line_1_93' title="bbox 2209 3287 3796 3370; baseline 0.008 -28"><span class='ocrx_word' id='word_1_731' title='bbox 2209 3287 2432 3344; x_wconf 68' lang='lat' dir='ltr'><strong>Elismus</strong></span> <span class='ocrx_word' id='word_1_732' title='bbox 2455 3331 2471 3356; x_wconf 91' lang='lat'><strong>,</strong></span> <span class='ocrx_word' id='word_1_733' title='bbox 2499 3290 2730 3346; x_wconf 84' lang='lat' dir='ltr'><strong>Joannes</strong></span> <span class='ocrx_word' id='word_1_734' title='bbox 2753 3335 2767 3358; x_wconf 89' lang='lat'><strong>,</strong></span> <span class='ocrx_word' id='word_1_735' title='bbox 2795 3294 3022 3360; x_wconf 87' lang='lat' dir='ltr'><strong>apostoli</strong></span> <span class='ocrx_word' id='word_1_736' title='bbox 3045 3337 3058 3358; x_wconf 95' lang='lat'><strong>,</strong></span> <span class='ocrx_word' id='word_1_737' title='bbox 3092 3297 3392 3350; x_wconf 88' lang='lat' dir='ltr'><strong>vestiuntur</strong></span> <span class='ocrx_word' id='word_1_738' title='bbox 3416 3339 3431 3360; x_wconf 93' lang='lat'><strong>,</strong></span> <span class='ocrx_word' id='word_1_739' title='bbox 3466 3298 3552 3351; x_wconf 90' lang='lat' dir='ltr'><strong>alii</strong></span> <span class='ocrx_word' id='word_1_740' title='bbox 3581 3315 3642 3353; x_wconf 70' lang='lat' dir='ltr'><strong>ex</strong></span> <span class='ocrx_word' id='word_1_741' title='bbox 3671 3301 3796 3370; x_wconf 84' lang='lat' dir='ltr'><strong>pilis</strong></span> 
     </span>
    </p>
   </div>
   <div class='ocr_carea' id='block_1_94' title="bbox 2207 3379 3793 3459">
    <p class='ocr_par' dir='ltr' id='par_1_94' title="bbox 2207 3379 3793 3459">
     <span class='ocr_line' id='line_1_94' title="bbox 2207 3379 3793 3459; baseline 0.008 -27"><span class='ocrx_word' id='word_1_742' title='bbox 2207 3379 2439 3447; x_wconf 89' lang='lat' dir='ltr'><strong>caprinis</strong></span> <span class='ocrx_word' id='word_1_743' title='bbox 2464 3422 2478 3444; x_wconf 95' lang='lat'><strong>,</strong></span> <span class='ocrx_word' id='word_1_744' title='bbox 2512 3381 2600 3434; x_wconf 86' lang='lat' dir='ltr'><strong>alii</strong></span> <span class='ocrx_word' id='word_1_745' title='bbox 2642 3397 2703 3436; x_wconf 83' lang='lat' dir='ltr'><strong>ex</strong></span> <span class='ocrx_word' id='word_1_746' title='bbox 2754 3383 2873 3451; x_wconf 91' lang='lat' dir='ltr'><strong>pilis</strong></span> <span class='ocrx_word' id='word_1_747' title='bbox 2917 3387 3241 3440; x_wconf 90' lang='lat' dir='ltr'><strong>camelorum</strong></span> <span class='ocrx_word' id='word_1_748' title='bbox 3275 3405 3287 3440; x_wconf 86' lang='lat'><strong>:</strong></span> <span class='ocrx_word' id='word_1_749' title='bbox 3316 3387 3532 3457; x_wconf 89' lang='lat' dir='ltr'><strong>quidam</strong></span> <span class='ocrx_word' id='word_1_750' title='bbox 3566 3391 3793 3459; x_wconf 88' lang='lat' dir='ltr'><strong>pellibus</strong></span> 
     </span>
    </p>
   </div>
   <div class='ocr_carea' id='block_1_95' title="bbox 2209 3472 3789 3550">
    <p class='ocr_par' dir='ltr' id='par_1_95' title="bbox 2209 3472 3789 3550">
     <span class='ocr_line' id='line_1_95' title="bbox 2209 3472 3789 3550; baseline 0.009 -29"><span class='ocrx_word' id='word_1_751' title='bbox 2209 3475 2411 3523; x_wconf 90' lang='lat' dir='ltr'><strong>tantum</strong></span> <span class='ocrx_word' id='word_1_752' title='bbox 2462 3472 2783 3527; x_wconf 87' lang='lat' dir='ltr'><strong>amiciuntur</strong></span> <span class='ocrx_word' id='word_1_753' title='bbox 2824 3485 3085 3531; x_wconf 86' lang='lat' dir='ltr'><strong>vetustate</strong></span> <span class='ocrx_word' id='word_1_754' title='bbox 3133 3478 3290 3531; x_wconf 90' lang='lat' dir='ltr'><strong>tritis.</strong></span> <span class='ocrx_word' id='word_1_755' title='bbox 3324 3479 3529 3534; x_wconf 85' lang='lat' dir='ltr'><strong>Deinde</strong></span> <span class='ocrx_word' id='word_1_756' title='bbox 3560 3493 3677 3550; x_wconf 87' lang='lat' dir='ltr'><strong>post</strong></span> <span class='ocrx_word' id='word_1_757' title='bbox 3703 3483 3789 3537; x_wconf 88' lang='lat' dir='ltr'><strong>illa</strong></span> 
     </span>
    </p>
   </div>
   <div class='ocr_carea' id='block_1_96' title="bbox 2205 3562 3794 3643">
    <p class='ocr_par' dir='ltr' id='par_1_96' title="bbox 2205 3562 3794 3643">
     <span class='ocr_line' id='line_1_96' title="bbox 2205 3562 3794 3643; baseline 0.013 -33"><span class='ocrx_word' id='word_1_758' title='bbox 2205 3562 2406 3626; x_wconf 69' lang='lat' dir='ltr'><strong>cantica</strong></span> <span class='ocrx_word' id='word_1_759' title='bbox 2433 3576 2605 3630; x_wconf 81' lang='lat' dir='ltr'><strong>genua</strong></span> <span class='ocrx_word' id='word_1_760' title='bbox 2639 3564 2914 3621; x_wconf 81' lang='lat' dir='ltr'><strong>ﬂectentes</strong></span> <span class='ocrx_word' id='word_1_761' title='bbox 2944 3608 2960 3632; x_wconf 93' lang='lat'><strong>,</strong></span> <span class='ocrx_word' id='word_1_762' title='bbox 2995 3568 3161 3622; x_wconf 90' lang='lat' dir='ltr'><strong>Deum</strong></span> <span class='ocrx_word' id='word_1_763' title='bbox 3200 3581 3484 3638; x_wconf 90' lang='lat' dir='ltr'><strong>precantur</strong></span> <span class='ocrx_word' id='word_1_764' title='bbox 3504 3587 3601 3643; x_wconf 92' lang='lat' dir='ltr'><strong>pro</strong></span> <span class='ocrx_word' id='word_1_765' title='bbox 3629 3574 3794 3630; x_wconf 84' lang='lat' dir='ltr'><strong>rebus</strong></span> 
     </span>
    </p>
   </div>
   <div class='ocr_carea' id='block_1_97' title="bbox 2203 3653 3788 3732">
    <p class='ocr_par' dir='ltr' id='par_1_97' title="bbox 2203 3653 3788 3732">
     <span class='ocr_line' id='line_1_97' title="bbox 2203 3653 3788 3732; baseline 0.009 -29"><span class='ocrx_word' id='word_1_766' title='bbox 2203 3665 2321 3719; x_wconf 75' lang='lat' dir='ltr'><strong>qua:</strong></span> <span class='ocrx_word' id='word_1_767' title='bbox 2373 3653 2552 3707; x_wconf 89' lang='lat' dir='ltr'><strong>multis</strong></span> <span class='ocrx_word' id='word_1_768' title='bbox 2601 3670 2669 3709; x_wconf 90' lang='lat' dir='ltr'><strong>ne</strong></span> <span class='ocrx_word' id='word_1_769' title='bbox 2711 3657 2762 3709; x_wconf 93' lang='lat' dir='ltr'><strong>in</strong></span> <span class='ocrx_word' id='word_1_770' title='bbox 2814 3668 3047 3712; x_wconf 86' lang='lat' dir='ltr'><strong>mentem</strong></span> <span class='ocrx_word' id='word_1_771' title='bbox 3094 3660 3306 3728; x_wconf 85' lang='lat' dir='ltr'><strong>quidem</strong></span> <span class='ocrx_word' id='word_1_772' title='bbox 3351 3663 3534 3718; x_wconf 86' lang='lat' dir='ltr'><strong>venire</strong></span> <span class='ocrx_word' id='word_1_773' title='bbox 3565 3666 3788 3732; x_wconf 90' lang='lat' dir='ltr'><strong>possint.</strong></span> 
     </span>
    </p>
   </div>
   <div class='ocr_carea' id='block_1_98' title="bbox 2202 3738 3793 3822">
    <p class='ocr_par' dir='ltr' id='par_1_98' title="bbox 2202 3738 3793 3822">
     <span class='ocr_line' id='line_1_98' title="bbox 2202 3738 3793 3822; baseline 0.011 -28"><span class='ocrx_word' id='word_1_774' title='bbox 2202 3738 2548 3796; x_wconf 68' lang='lat' dir='ltr'><strong>Prresentium</strong></span> <span class='ocrx_word' id='word_1_775' title='bbox 2581 3746 2722 3799; x_wconf 91' lang='lat' dir='ltr'><strong>enim</strong></span> <span class='ocrx_word' id='word_1_776' title='bbox 2758 3748 2901 3803; x_wconf 77' lang='lat' dir='ltr'><strong>nihil</strong></span> <span class='ocrx_word' id='word_1_777' title='bbox 2941 3759 3123 3819; x_wconf 84' lang='lat' dir='ltr'><strong>petunt</strong></span> <span class='ocrx_word' id='word_1_778' title='bbox 3171 3749 3288 3822; x_wconf 91' lang='lat' dir='ltr'><strong>(illa</strong></span> <span class='ocrx_word' id='word_1_779' title='bbox 3317 3753 3511 3822; x_wconf 87' lang='lat' dir='ltr'><strong>quippe</strong></span> <span class='ocrx_word' id='word_1_780' title='bbox 3540 3753 3668 3809; x_wconf 88' lang='lat' dir='ltr'><strong>nihil</strong></span> <span class='ocrx_word' id='word_1_781' title='bbox 3697 3771 3793 3810; x_wconf 84' lang='lat' dir='ltr'><strong>cu-</strong></span> 
     </span>
    </p>
   </div>
   <div class='ocr_carea' id='block_1_99' title="bbox 2201 3828 3786 3910">
    <p class='ocr_par' dir='ltr' id='par_1_99' title="bbox 2201 3828 3786 3910">
     <span class='ocr_line' id='line_1_99' title="bbox 2201 3828 3786 3910; baseline 0.01 -28"><span class='ocrx_word' id='word_1_782' title='bbox 2201 3828 2356 3898; x_wconf 85' lang='lat' dir='ltr'><strong>rant)</strong></span> <span class='ocrx_word' id='word_1_783' title='bbox 2393 3848 2407 3896; x_wconf 86' lang='lat'><strong>;</strong></span> <span class='ocrx_word' id='word_1_784' title='bbox 2447 3832 2539 3886; x_wconf 88' lang='lat' dir='ltr'><strong>sed</strong></span> <span class='ocrx_word' id='word_1_785' title='bbox 2581 3843 2638 3888; x_wconf 92' lang='lat' dir='ltr'><strong>ut</strong></span> <span class='ocrx_word' id='word_1_786' title='bbox 2680 3851 2797 3890; x_wconf 92' lang='lat' dir='ltr'><strong>cum</strong></span> <span class='ocrx_word' id='word_1_787' title='bbox 2839 3837 3029 3892; x_wconf 82' lang='lat' dir='ltr'><strong>fiducia</strong></span> <span class='ocrx_word' id='word_1_788' title='bbox 3057 3853 3201 3893; x_wconf 82' lang='lat' dir='ltr'><strong>Stare</strong></span> <span class='ocrx_word' id='word_1_789' title='bbox 3231 3843 3436 3910; x_wconf 84' lang='lat' dir='ltr'><strong>possint</strong></span> <span class='ocrx_word' id='word_1_790' title='bbox 3460 3853 3585 3898; x_wconf 91' lang='lat' dir='ltr'><strong>ante</strong></span> <span class='ocrx_word' id='word_1_791' title='bbox 3616 3844 3786 3898; x_wconf 87' lang='lat' dir='ltr'><strong>tribu-</strong></span> 
     </span>
    </p>
   </div>
   <div class='ocr_carea' id='block_1_100' title="bbox 2201 3921 3788 4002">
    <p class='ocr_par' dir='ltr' id='par_1_100' title="bbox 2201 3921 3788 4002">
     <span class='ocr_line' id='line_1_100' title="bbox 2201 3921 3788 4002; baseline 0.012 -31"><span class='ocrx_word' id='word_1_792' title='bbox 2201 3921 2288 3973; x_wconf 89' lang='lat' dir='ltr'><strong>nal</strong></span> <span class='ocrx_word' id='word_1_793' title='bbox 2335 3921 2461 3976; x_wconf 92' lang='lat' dir='ltr'><strong>illud</strong></span> <span class='ocrx_word' id='word_1_794' title='bbox 2512 3923 2836 3980; x_wconf 80' lang='lat' dir='ltr'><strong>horrendum</strong></span> <span class='ocrx_word' id='word_1_795' title='bbox 2864 3969 2879 3994; x_wconf 93' lang='lat'><strong>,</strong></span> <span class='ocrx_word' id='word_1_796' title='bbox 2912 3928 3122 3997; x_wconf 90' lang='lat' dir='ltr'><strong>quando</strong></span> <span class='ocrx_word' id='word_1_797' title='bbox 3161 3932 3334 3986; x_wconf 89' lang='lat' dir='ltr'><strong>veniet</strong></span> <span class='ocrx_word' id='word_1_798' title='bbox 3368 3933 3672 4002; x_wconf 89' lang='lat' dir='ltr'><strong>unigcuitus</strong></span> <span class='ocrx_word' id='word_1_799' title='bbox 3698 3936 3788 3990; x_wconf 87' lang='lat' dir='ltr'><strong>Dei</strong></span> 
     </span>
    </p>
   </div>
   <div class='ocr_carea' id='block_1_101' title="bbox 2201 4011 3790 4088">
    <p class='ocr_par' dir='ltr' id='par_1_101' title="bbox 2201 4011 3790 4088">
     <span class='ocr_line' id='line_1_101' title="bbox 2201 4011 3790 4088; baseline 0.009 -22"><span class='ocrx_word' id='word_1_800' title='bbox 2201 4011 2367 4068; x_wconf 85' lang='lat' dir='ltr'><strong>Filius</strong></span> <span class='ocrx_word' id='word_1_801' title='bbox 2389 4015 2629 4084; x_wconf 87' lang='lat' dir='ltr'><strong>judicare</strong></span> <span class='ocrx_word' id='word_1_802' title='bbox 2671 4019 2818 4074; x_wconf 88' lang='lat' dir='ltr'><strong>vivos</strong></span> <span class='ocrx_word' id='word_1_803' title='bbox 2845 4030 2898 4075; x_wconf 91' lang='lat' dir='ltr'><strong>et</strong></span> <span class='ocrx_word' id='word_1_804' title='bbox 2926 4032 3166 4077; x_wconf 88' lang='lat' dir='ltr'><strong>mortuos</strong></span> <span class='ocrx_word' id='word_1_805' title='bbox 3193 4040 3207 4088; x_wconf 91' lang='lat'><strong>;</strong></span> <span class='ocrx_word' id='word_1_806' title='bbox 3239 4033 3292 4077; x_wconf 89' lang='lat' dir='ltr'><strong>et</strong></span> <span class='ocrx_word' id='word_1_807' title='bbox 3335 4033 3390 4078; x_wconf 91' lang='lat' dir='ltr'><strong>ut</strong></span> <span class='ocrx_word' id='word_1_808' title='bbox 3425 4041 3584 4081; x_wconf 91' lang='lat' dir='ltr'><strong>nemo</strong></span> <span class='ocrx_word' id='word_1_809' title='bbox 3608 4027 3790 4081; x_wconf 84' lang='lat' dir='ltr'><strong>audiat</strong></span> 
     </span>
    </p>
   </div>
   <div class='ocr_carea' id='block_1_102' title="bbox 2205 4104 3784 4187">
    <p class='ocr_par' dir='ltr' id='par_1_102' title="bbox 2205 4104 3784 4187">
     <span class='ocr_line' id='line_1_102' title="bbox 2205 4104 3784 4187; baseline 0.011 -32"><span class='ocrx_word' id='word_1_810' title='bbox 2205 4104 2500 4158; x_wconf 85' lang='lat' dir='ltr'><strong>terribilem</strong></span> <span class='ocrx_word' id='word_1_811' title='bbox 2534 4107 2675 4161; x_wconf 92' lang='lat' dir='ltr'><strong>illam</strong></span> <span class='ocrx_word' id='word_1_812' title='bbox 2706 4124 2888 4164; x_wconf 87' lang='lat' dir='ltr'><strong>vocem</strong></span> <span class='ocrx_word' id='word_1_813' title='bbox 2915 4153 2930 4176; x_wconf 93' lang='lat'><strong>,</strong></span> <span class='ocrx_word' id='word_1_814' title='bbox 2959 4111 3145 4167; x_wconf 80' lang='lat' dir='ltr'><strong>Nescio</strong></span> <span class='ocrx_word' id='word_1_815' title='bbox 3174 4130 3259 4167; x_wconf 80' lang='lat' dir='ltr'><strong>vos</strong></span> <span class='ocrx_word' id='word_1_816' title='bbox 3285 4114 3500 4182; x_wconf 81' lang='lat' dir='ltr'><strong>(Matth.</strong></span> <span class='ocrx_word' id='word_1_817' title='bbox 3530 4115 3620 4171; x_wconf 73' lang='grc'><strong>25.</strong></span> <span class='ocrx_word' id='word_1_818' title='bbox 3653 4116 3784 4187; x_wconf 73' lang='lat'><strong>12);</strong></span> 
     </span>
    </p>
   </div>
   <div class='ocr_carea' id='block_1_103' title="bbox 2202 4203 3786 4276">
    <p class='ocr_par' dir='ltr' id='par_1_103' title="bbox 2202 4203 3786 4276">
     <span class='ocr_line' id='line_1_103' title="bbox 2202 4203 3786 4276; baseline 0.011 -28"><span class='ocrx_word' id='word_1_819' title='bbox 2202 4203 2362 4266; x_wconf 90' lang='lat' dir='ltr'><strong>atque</strong></span> <span class='ocrx_word' id='word_1_820' title='bbox 2394 4207 2448 4252; x_wconf 91' lang='lat' dir='ltr'><strong>ut</strong></span> <span class='ocrx_word' id='word_1_821' title='bbox 2486 4214 2607 4253; x_wconf 93' lang='lat' dir='ltr'><strong>cum</strong></span> <span class='ocrx_word' id='word_1_822' title='bbox 2640 4216 2766 4269; x_wconf 89' lang='lat' dir='ltr'><strong>pura</strong></span> <span class='ocrx_word' id='word_1_823' title='bbox 2810 4205 3135 4259; x_wconf 85' lang='lat' dir='ltr'><strong>conscientia</strong></span> <span class='ocrx_word' id='word_1_824' title='bbox 3167 4215 3221 4261; x_wconf 93' lang='lat' dir='ltr'><strong>et</strong></span> <span class='ocrx_word' id='word_1_825' title='bbox 3244 4207 3396 4260; x_wconf 84' lang='lat' dir='ltr'><strong>bonis</strong></span> <span class='ocrx_word' id='word_1_826' title='bbox 3423 4208 3677 4276; x_wconf 86' lang='lat' dir='ltr'><strong>operibus</strong></span> <span class='ocrx_word' id='word_1_827' title='bbox 3705 4211 3786 4265; x_wconf 88' lang='lat' dir='ltr'><strong>la-</strong></span> 
     </span>
    </p>
   </div>
   <div class='ocr_carea' id='block_1_104' title="bbox 2203 4287 3788 4369">
    <p class='ocr_par' dir='ltr' id='par_1_104' title="bbox 2203 4287 3788 4369">
     <span class='ocr_line' id='line_1_104' title="bbox 2203 4287 3788 4369; baseline 0.011 -28"><span class='ocrx_word' id='word_1_828' title='bbox 2203 4287 2468 4344; x_wconf 89' lang='lat' dir='ltr'><strong>boriosam</strong></span> <span class='ocrx_word' id='word_1_829' title='bbox 2495 4292 2630 4346; x_wconf 88' lang='lat' dir='ltr'><strong>hanc</strong></span> <span class='ocrx_word' id='word_1_830' title='bbox 2664 4295 2824 4350; x_wconf 88' lang='lat' dir='ltr'><strong>vitam</strong></span> <span class='ocrx_word' id='word_1_831' title='bbox 2853 4297 3194 4361; x_wconf 89' lang='lat' dir='ltr'><strong>emetiantnr,</strong></span> <span class='ocrx_word' id='word_1_832' title='bbox 3223 4309 3276 4353; x_wconf 88' lang='lat' dir='ltr'><strong>et</strong></span> <span class='ocrx_word' id='word_1_833' title='bbox 3302 4300 3660 4369; x_wconf 88' lang='lat' dir='ltr'><strong>procellosum</strong></span> <span class='ocrx_word' id='word_1_834' title='bbox 3686 4301 3788 4359; x_wconf 89' lang='lat' dir='ltr'><strong>hoc</strong></span> 
     </span>
    </p>
   </div>
   <div class='ocr_carea' id='block_1_105' title="bbox 2200 4385 3786 4454">
    <p class='ocr_par' dir='ltr' id='par_1_105' title="bbox 2200 4385 3786 4454">
     <span class='ocr_line' id='line_1_105' title="bbox 2200 4385 3786 4454; baseline 0.008 -19"><span class='ocrx_word' id='word_1_835' title='bbox 2200 4397 2346 4436; x_wconf 88' lang='lat' dir='ltr'><strong>mare</strong></span> <span class='ocrx_word' id='word_1_836' title='bbox 2384 4385 2665 4454; x_wconf 90' lang='lat' dir='ltr'><strong>tranquille</strong></span> <span class='ocrx_word' id='word_1_837' title='bbox 2693 4396 3039 4442; x_wconf 89' lang='lat' dir='ltr'><strong>transmecnt.</strong></span> <span class='ocrx_word' id='word_1_838' title='bbox 3073 4388 3182 4443; x_wconf 81' lang='lat' dir='ltr'><strong>Dux</strong></span> <span class='ocrx_word' id='word_1_839' title='bbox 3217 4401 3301 4445; x_wconf 89' lang='lat' dir='ltr'><strong>est</strong></span> <span class='ocrx_word' id='word_1_840' title='bbox 3327 4401 3503 4445; x_wconf 85' lang='lat' dir='ltr'><strong>autem</strong></span> <span class='ocrx_word' id='word_1_841' title='bbox 3533 4393 3638 4448; x_wconf 90' lang='lat' dir='ltr'><strong>illis</strong></span> <span class='ocrx_word' id='word_1_842' title='bbox 3658 4409 3786 4448; x_wconf 80' lang='lat' dir='ltr'><strong>ora-</strong></span> 
     </span>
    </p>
   </div>
   <div class='ocr_carea' id='block_1_106' title="bbox 2200 4475 3786 4555">
    <p class='ocr_par' dir='ltr' id='par_1_106' title="bbox 2200 4475 3786 4555">
     <span class='ocr_line' id='line_1_106' title="bbox 2200 4475 3786 4555; baseline 0.009 -28"><span class='ocrx_word' id='word_1_843' title='bbox 2200 4475 2358 4528; x_wconf 91' lang='lat' dir='ltr'><strong>tionis</strong></span> <span class='ocrx_word' id='word_1_844' title='bbox 2389 4518 2402 4539; x_wconf 92' lang='lat'><strong>,</strong></span> <span class='ocrx_word' id='word_1_845' title='bbox 2445 4485 2594 4544; x_wconf 80' lang='lat' dir='ltr'><strong>pater</strong></span> <span class='ocrx_word' id='word_1_846' title='bbox 2637 4488 2691 4532; x_wconf 89' lang='lat' dir='ltr'><strong>et</strong></span> <span class='ocrx_word' id='word_1_847' title='bbox 2743 4480 3043 4548; x_wconf 86' lang='lat' dir='ltr'><strong>pra-fectus.</strong></span> <span class='ocrx_word' id='word_1_848' title='bbox 3094 4481 3293 4537; x_wconf 87' lang='lat' dir='ltr'><strong>Deinde</strong></span> <span class='ocrx_word' id='word_1_849' title='bbox 3336 4493 3619 4552; x_wconf 87' lang='lat' dir='ltr'><strong>surgentes</strong></span> <span class='ocrx_word' id='word_1_850' title='bbox 3663 4496 3786 4555; x_wconf 85' lang='lat' dir='ltr'><strong>post</strong></span> 
     </span>
    </p>
   </div>
   <div class='ocr_carea' id='block_1_107' title="bbox 2197 4566 3789 4640">
    <p class='ocr_par' dir='ltr' id='par_1_107' title="bbox 2197 4566 3789 4640">
     <span class='ocr_line' id='line_1_107' title="bbox 2197 4566 3789 4640; baseline 0.01 -25"><span class='ocrx_word' id='word_1_851' title='bbox 2197 4575 2408 4620; x_wconf 87' lang='lat' dir='ltr'><strong>sanctas</strong></span> <span class='ocrx_word' id='word_1_852' title='bbox 2437 4566 2555 4622; x_wconf 87' lang='lat' dir='ltr'><strong>illas</strong></span> <span class='ocrx_word' id='word_1_853' title='bbox 2575 4578 2626 4623; x_wconf 93' lang='lat' dir='ltr'><strong>et</strong></span> <span class='ocrx_word' id='word_1_854' title='bbox 2659 4568 2968 4640; x_wconf 86' lang='lat' dir='ltr'><strong>frequentes</strong></span> <span class='ocrx_word' id='word_1_855' title='bbox 2985 4573 3272 4634; x_wconf 87' lang='lat' dir='ltr'><strong>orati0ncs,</strong></span> <span class='ocrx_word' id='word_1_856' title='bbox 3304 4573 3508 4630; x_wconf 91' lang='lat' dir='ltr'><strong>oriente</strong></span> <span class='ocrx_word' id='word_1_857' title='bbox 3535 4576 3650 4630; x_wconf 86' lang='lat' dir='ltr'><strong>sole</strong></span> <span class='ocrx_word' id='word_1_858' title='bbox 3675 4578 3789 4632; x_wconf 84' lang='lat' dir='ltr'><strong>sin-</strong></span> 
     </span>
    </p>
   </div>
   <div class='ocr_carea' id='block_1_108' title="bbox 2197 4657 3780 4740">
    <p class='ocr_par' dir='ltr' id='par_1_108' title="bbox 2197 4657 3780 4740">
     <span class='ocr_line' id='line_1_108' title="bbox 2197 4657 3780 4740; baseline 0.011 -31"><span class='ocrx_word' id='word_1_859' title='bbox 2197 4657 2304 4726; x_wconf 89' lang='lat' dir='ltr'><strong>guli</strong></span> <span class='ocrx_word' id='word_1_860' title='bbox 2333 4657 2396 4711; x_wconf 77' lang='lat' dir='ltr'><strong>vd</strong></span> <span class='ocrx_word' id='word_1_861' title='bbox 2423 4675 2574 4714; x_wconf 91' lang='lat' dir='ltr'><strong>suum</strong></span> <span class='ocrx_word' id='word_1_862' title='bbox 2605 4676 2740 4731; x_wconf 89' lang='lat' dir='ltr'><strong>opus</strong></span> <span class='ocrx_word' id='word_1_863' title='bbox 2765 4677 2825 4718; x_wconf 86' lang='lat' dir='ltr'><strong>se</strong></span> <span class='ocrx_word' id='word_1_864' title='bbox 2851 4663 3131 4719; x_wconf 83' lang='lat' dir='ltr'><strong>conferunt</strong></span> <span class='ocrx_word' id='word_1_865' title='bbox 3158 4681 3172 4729; x_wconf 88' lang='lat'><strong>;</strong></span> <span class='ocrx_word' id='word_1_866' title='bbox 3218 4663 3344 4721; x_wconf 89' lang='lat' dir='ltr'><strong>hinc</strong></span> <span class='ocrx_word' id='word_1_867' title='bbox 3368 4681 3620 4738; x_wconf 86' lang='lat' dir='ltr'><strong>magnum</strong></span> <span class='ocrx_word' id='word_1_868' title='bbox 3649 4684 3780 4740; x_wconf 80' lang='lat' dir='ltr'><strong>ege-</strong></span> 
     </span>
    </p>
   </div>
   <div class='ocr_carea' id='block_1_109' title="bbox 2198 4749 2915 4825">
    <p class='ocr_par' dir='ltr' id='par_1_109' title="bbox 2198 4749 2915 4825">
     <span class='ocr_line' id='line_1_109' title="bbox 2198 4749 2915 4825; baseline 0.008 -23"><span class='ocrx_word' id='word_1_869' title='bbox 2198 4749 2280 4803; x_wconf 89' lang='lat' dir='ltr'><strong>nis</strong></span> <span class='ocrx_word' id='word_1_870' title='bbox 2304 4765 2615 4819; x_wconf 81' lang='lat' dir='ltr'><strong>proventum</strong></span> <span class='ocrx_word' id='word_1_871' title='bbox 2648 4766 2915 4825; x_wconf 88' lang='lat' dir='ltr'><strong>parantes.</strong></span> 
     </span>
    </p>
   </div>
   <div class='ocr_carea' id='block_1_110' title="bbox 2266 4865 3785 4940">
    <p class='ocr_par' dir='ltr' id='par_1_110' title="bbox 2266 4865 3785 4940">
     <span class='ocr_line' id='line_1_110' title="bbox 2266 4865 3785 4940; baseline 0.009 -20"><span class='ocrx_word' id='word_1_872' title='bbox 2266 4868 2318 4920; x_wconf 76' lang='grc'><strong>4.</strong></span> <span class='ocrx_word' id='word_1_873' title='bbox 2351 4865 2450 4922; x_wconf 82' lang='lat' dir='ltr'><strong>Ubl</strong></span> <span class='ocrx_word' id='word_1_874' title='bbox 2482 4878 2605 4922; x_wconf 90' lang='lat' dir='ltr'><strong>sunt</strong></span> <span class='ocrx_word' id='word_1_875' title='bbox 2633 4884 2772 4923; x_wconf 90' lang='lat' dir='ltr'><strong>nunc</strong></span> <span class='ocrx_word' id='word_1_876' title='bbox 2801 4869 2874 4924; x_wconf 91' lang='lat' dir='ltr'><strong>illi</strong></span> <span class='ocrx_word' id='word_1_877' title='bbox 2893 4872 2982 4940; x_wconf 91' lang='lat' dir='ltr'><strong>qui</strong></span> <span class='ocrx_word' id='word_1_878' title='bbox 3010 4872 3288 4928; x_wconf 89' lang='lat' dir='ltr'><strong>diabolicis</strong></span> <span class='ocrx_word' id='word_1_879' title='bbox 3303 4872 3785 4934; x_wconf 84' lang='lat' dir='ltr'><strong>chorissededunt</strong></span> 
     </span>
    </p>
   </div>
   <div class='ocr_carea' id='block_1_111' title="bbox 2196 4959 3782 5029">
    <p class='ocr_par' dir='ltr' id='par_1_111' title="bbox 2196 4959 3782 5029">
     <span class='ocr_line' id='line_1_111' title="bbox 2196 4959 3782 5029; baseline 0.009 -18"><span class='ocrx_word' id='word_1_880' title='bbox 2196 4959 2616 5029; x_wconf 88' lang='lat' dir='ltr'><strong>meretriciisque</strong></span> <span class='ocrx_word' id='word_1_881' title='bbox 2644 4962 2885 5017; x_wconf 88' lang='lat' dir='ltr'><strong>cantibus</strong></span> <span class='ocrx_word' id='word_1_882' title='bbox 2908 5002 2924 5026; x_wconf 95' lang='lat'><strong>,</strong></span> <span class='ocrx_word' id='word_1_883' title='bbox 2955 4974 3009 5017; x_wconf 89' lang='lat' dir='ltr'><strong>et</strong></span> <span class='ocrx_word' id='word_1_884' title='bbox 3049 4965 3099 5018; x_wconf 91' lang='lat' dir='ltr'><strong>in</strong></span> <span class='ocrx_word' id='word_1_885' title='bbox 3137 4964 3364 5019; x_wconf 81' lang='lat' dir='ltr'><strong>theatris</strong></span> <span class='ocrx_word' id='word_1_886' title='bbox 3403 4965 3634 5022; x_wconf 75' lang='lat' dir='ltr'><strong>sedenti</strong></span> <span class='ocrx_word' id='word_1_887' title='bbox 3663 4967 3782 5025; x_wconf 72' lang='lat' dir='ltr'><strong>Non</strong></span> 
     </span>
    </p>
   </div>
   <div class='ocr_carea' id='block_1_112' title="bbox 2194 5050 3781 5124">
    <p class='ocr_par' dir='ltr' id='par_1_112' title="bbox 2194 5050 3781 5124">
     <span class='ocr_line' id='line_1_112' title="bbox 2194 5050 3781 5124; baseline 0.008 -21"><span class='ocrx_word' id='word_1_888' title='bbox 2194 5050 2311 5105; x_wconf 91' lang='lat' dir='ltr'><strong>sine</strong></span> <span class='ocrx_word' id='word_1_889' title='bbox 2340 5050 2540 5120; x_wconf 89' lang='lat' dir='ltr'><strong>pudore</strong></span> <span class='ocrx_word' id='word_1_890' title='bbox 2569 5052 2687 5107; x_wconf 90' lang='lat' dir='ltr'><strong>illos</strong></span> <span class='ocrx_word' id='word_1_891' title='bbox 2714 5069 3010 5109; x_wconf 89' lang='lat' dir='ltr'><strong>memorare</strong></span> <span class='ocrx_word' id='word_1_892' title='bbox 3043 5069 3259 5124; x_wconf 88' lang='lat' dir='ltr'><strong>possum</strong></span> <span class='ocrx_word' id='word_1_893' title='bbox 3285 5074 3299 5121; x_wconf 90' lang='lat'><strong>;</strong></span> <span class='ocrx_word' id='word_1_894' title='bbox 3333 5057 3426 5111; x_wconf 89' lang='lat' dir='ltr'><strong>sed</strong></span> <span class='ocrx_word' id='word_1_895' title='bbox 3453 5057 3523 5112; x_wconf 88' lang='lat' dir='ltr'><strong>ob</strong></span> <span class='ocrx_word' id='word_1_896' title='bbox 3551 5058 3781 5116; x_wconf 83' lang='lat' dir='ltr'><strong>inﬁrmi-</strong></span> 
     </span>
    </p>
   </div>
   <div class='ocr_carea' id='block_1_113' title="bbox 2197 5143 3780 5216">
    <p class='ocr_par' dir='ltr' id='par_1_113' title="bbox 2197 5143 3780 5216">
     <span class='ocr_line' id='line_1_113' title="bbox 2197 5143 3780 5216; baseline 0.006 -22"><span class='ocrx_word' id='word_1_897' title='bbox 2197 5147 2356 5194; x_wconf 86' lang='lat' dir='ltr'><strong>tatem</strong></span> <span class='ocrx_word' id='word_1_898' title='bbox 2407 5151 2633 5197; x_wconf 88' lang='lat' dir='ltr'><strong>vestram</strong></span> <span class='ocrx_word' id='word_1_899' title='bbox 2664 5143 2712 5197; x_wconf 93' lang='lat' dir='ltr'><strong>id</strong></span> <span class='ocrx_word' id='word_1_900' title='bbox 2756 5143 2929 5199; x_wconf 88' lang='lat' dir='ltr'><strong>facere</strong></span> <span class='ocrx_word' id='word_1_901' title='bbox 2963 5159 3139 5214; x_wconf 68' lang='lat' dir='ltr'><strong>operae</strong></span> <span class='ocrx_word' id='word_1_902' title='bbox 3169 5147 3396 5216; x_wconf 89' lang='lat' dir='ltr'><strong>pretium</strong></span> <span class='ocrx_word' id='word_1_903' title='bbox 3431 5146 3608 5202; x_wconf 87' lang='lat' dir='ltr'><strong>fuerit.</strong></span> <span class='ocrx_word' id='word_1_904' title='bbox 3643 5147 3780 5204; x_wconf 82' lang='lat' dir='ltr'><strong>Nam</strong></span> 
     </span>
    </p>
   </div>
   <div class='ocr_carea' id='block_1_114' title="bbox 2193 5234 3782 5306">
    <p class='ocr_par' dir='ltr' id='par_1_114' title="bbox 2193 5234 3782 5306">
     <span class='ocr_line' id='line_1_114' title="bbox 2193 5234 3782 5306; baseline 0.005 -19"><span class='ocrx_word' id='word_1_905' title='bbox 2193 5234 2262 5288; x_wconf 86' lang='lat' dir='ltr'><strong>ait</strong></span> <span class='ocrx_word' id='word_1_906' title='bbox 2293 5234 2488 5288; x_wconf 87' lang='lat' dir='ltr'><strong>Paulus</strong></span> <span class='ocrx_word' id='word_1_907' title='bbox 2513 5252 2526 5289; x_wconf 92' lang='lat'>:</span> <span class='ocrx_word' id='word_1_908' title='bbox 2557 5235 2702 5290; x_wconf 81' lang='lat' dir='ltr'><strong>Sicut</strong></span> <span class='ocrx_word' id='word_1_909' title='bbox 2728 5237 2883 5306; x_wconf 80' lang='lat' dir='ltr'><strong>igitur</strong></span> <span class='ocrx_word' id='word_1_910' title='bbox 2908 5238 3201 5292; x_wconf 73' lang='lat' dir='ltr'><strong>exhibuislis</strong></span> <span class='ocrx_word' id='word_1_911' title='bbox 3230 5239 3450 5292; x_wconf 86' lang='lat' dir='ltr'><strong>membra</strong></span> <span class='ocrx_word' id='word_1_912' title='bbox 3477 5248 3639 5294; x_wconf 80' lang='lat' dir='ltr'><strong>vestra</strong></span> <span class='ocrx_word' id='word_1_913' title='bbox 3671 5257 3782 5294; x_wconf 78' lang='lat' dir='ltr'><strong>ser-</strong></span> 
     </span>
    </p>
   </div>
   <div class='ocr_carea' id='block_1_115' title="bbox 2193 5326 3781 5401">
    <p class='ocr_par' dir='ltr' id='par_1_115' title="bbox 2193 5326 3781 5401">
     <span class='ocr_line' id='line_1_115' title="bbox 2193 5326 3781 5401; baseline 0.005 -23"><span class='ocrx_word' id='word_1_914' title='bbox 2193 5327 2296 5378; x_wconf 78' lang='lat' dir='ltr'><strong>vire</strong></span> <span class='ocrx_word' id='word_1_915' title='bbox 2318 5326 2648 5380; x_wconf 69' lang='lat' dir='ltr'><strong>immunditiaa</strong></span> <span class='ocrx_word' id='word_1_916' title='bbox 2679 5370 2690 5388; x_wconf 93' lang='lat'><strong>,</strong></span> <span class='ocrx_word' id='word_1_917' title='bbox 2717 5328 2788 5380; x_wconf 79' lang='lat' dir='ltr'><strong>ita</strong></span> <span class='ocrx_word' id='word_1_918' title='bbox 2832 5345 2967 5382; x_wconf 84' lang='lat' dir='ltr'><strong>nunc</strong></span> <span class='ocrx_word' id='word_1_919' title='bbox 2996 5328 3218 5383; x_wconf 66' lang='lat' dir='ltr'><strong>exhibete</strong></span> <span class='ocrx_word' id='word_1_920' title='bbox 3247 5329 3338 5383; x_wconf 84' lang='lat' dir='ltr'><strong>illa</strong></span> <span class='ocrx_word' id='word_1_921' title='bbox 3364 5332 3547 5385; x_wconf 75' lang='lat' dir='ltr'><strong>servire</strong></span> <span class='ocrx_word' id='word_1_922' title='bbox 3562 5331 3781 5401; x_wconf 71' lang='lat' dir='ltr'><strong>justitic</strong></span> 
     </span>
    </p>
   </div>
   <div class='ocr_carea' id='block_1_116' title="bbox 2193 5417 3778 5492">
    <p class='ocr_par' dir='ltr' id='par_1_116' title="bbox 2193 5417 3778 5492">
     <span class='ocr_line' id='line_1_116' title="bbox 2193 5417 3778 5492; baseline 0.008 -24"><span class='ocrx_word' id='word_1_923' title='bbox 2193 5417 2243 5469; x_wconf 86' lang='lat' dir='ltr'><strong>in</strong></span> <span class='ocrx_word' id='word_1_924' title='bbox 2270 5418 2716 5483; x_wconf 79' lang='lat' dir='ltr'><strong>sanctiﬁcationcm</strong></span> <span class='ocrx_word' id='word_1_925' title='bbox 2745 5418 2762 5489; x_wconf 96' lang='lat'><strong>(</strong></span> <span class='ocrx_word' id='word_1_926' title='bbox 2792 5418 2941 5473; x_wconf 81' lang='lat' dir='ltr'><strong>Rom.</strong></span> <span class='ocrx_word' id='word_1_927' title='bbox 2965 5419 3017 5474; x_wconf 88' lang='lat'><strong>6.</strong></span> <span class='ocrx_word' id='word_1_928' title='bbox 3056 5421 3123 5474; x_wconf 79' lang='lat' dir='ltr'><strong>i3</strong></span> <span class='ocrx_word' id='word_1_929' title='bbox 3148 5420 3191 5492; x_wconf 96' lang='lat'><strong>).</strong></span> <span class='ocrx_word' id='word_1_930' title='bbox 3224 5421 3332 5475; x_wconf 86' lang='lat' dir='ltr'><strong>Nos</strong></span> <span class='ocrx_word' id='word_1_931' title='bbox 3358 5421 3535 5491; x_wconf 84' lang='lat' dir='ltr'><strong>itaque</strong></span> <span class='ocrx_word' id='word_1_932' title='bbox 3555 5420 3778 5480; x_wconf 83' lang='lat' dir='ltr'><strong>chorum</strong></span> 
     </span>
    </p>
   </div>
   <div class='ocr_carea' id='block_1_117' title="bbox 2257 5619 3780 5690">
    <p class='ocr_par' dir='ltr' id='par_1_117' title="bbox 2257 5619 3780 5690">
     <span class='ocr_line' id='line_1_117' title="bbox 2257 5619 3780 5690; baseline 0.003 -22"><span class='ocrx_word' id='word_1_933' title='bbox 2257 5621 2329 5690; x_wconf 64' lang='lat' dir='ltr'><strong>(ct)</strong></span> <span class='ocrx_word' id='word_1_934' title='bbox 2355 5619 2430 5690; x_wconf 63' lang='lat' dir='ltr'><strong>De</strong></span> <span class='ocrx_word' id='word_1_935' title='bbox 2472 5619 2766 5690; x_wconf 69' lang='lat' dir='ltr'><strong>effeminatis</strong></span> <span class='ocrx_word' id='word_1_936' title='bbox 2791 5621 3083 5690; x_wconf 79' lang='lat' dir='ltr'><strong>_hu_jusmodi</strong></span> <span class='ocrx_word' id='word_1_937' title='bbox 3108 5621 3330 5690; x_wconf 67' lang='lat' dir='ltr'><strong>Catilina!</strong></span> <span class='ocrx_word' id='word_1_938' title='bbox 3363 5620 3577 5690; x_wconf 79' lang='lat' dir='ltr'><strong>a_s_seclis_</strong></span> <span class='ocrx_word' id='word_1_939' title='bbox 3607 5621 3780 5690; x_wconf 78' lang='lat' dir='ltr'><strong>Cicero</strong></span> 
     </span>
    </p>
   </div>
   <div class='ocr_carea' id='block_1_118' title="bbox 2196 5679 3779 5804">
    <p class='ocr_par' dir='ltr' id='par_1_118' title="bbox 2196 5679 3779 5804">
     <span class='ocr_line' id='line_1_118' title="bbox 2196 5679 3779 5793; baseline 0.003 -68"><span class='ocrx_word' id='word_1_940' title='bbox 2196 5679 2693 5793; x_wconf 57' lang='lat' dir='ltr'><strong>Eatil.2:)1mﬁ€ali8</strong></span> <span class='ocrx_word' id='word_1_941' title='bbox 2734 5679 3059 5747; x_wconf 66' lang='lat' dir='ltr'><strong>uitat-ibusth</strong></span> <span class='ocrx_word' id='word_1_942' title='bbox 3103 5684 3296 5746; x_wconf 77' lang='lat' dir='ltr'><strong>tunicis,</strong></span> <span class='ocrx_word' id='word_1_943' title='bbox 3323 5684 3437 5734; x_wconf 78' lang='lat' dir='ltr'><strong>velis</strong></span> <span class='ocrx_word' id='word_1_944' title='bbox 3481 5680 3661 5745; x_wconf 58' lang='grc' dir='ltr'><strong>σπῆι-ιι,</strong></span> <span class='ocrx_word' id='word_1_945' title='bbox 3679 5691 3779 5733; x_wconf 68' lang='lat' dir='ltr'><strong>non</strong></span> 
     </span>
     <span class='ocr_line' id='line_1_119' title="bbox 2215 5756 2332 5804; baseline 0.017 -11"><span class='ocrx_word' id='word_1_946' title='bbox 2215 5756 2332 5804; x_wconf 72' lang='lat' dir='ltr'><strong>agis.</strong></span> 
     </span>
    </p>
   </div>
  </div>
