4074 6432
589 369 692 425 ειη

583 493 642 538 ιιι
671 483 842 552 quam
878 495 1056 536 rerum
1103 480 1482 550 spectaculum.
1516 478 1591 535 Ne
1635 479 1854 547 dixeris,
1877 481 2162 552 Colloquar

585 591 704 628 tutu
728 588 910 638 uxore,
940 583 993 628 et
1020 587 1108 628 res
1133 573 1404 627 absolvam
1436 571 2048 642 primunt.Ncgligenti:e
2073 572 2164 627 iul-

584 668 717 720 tium
744 672 826 719 est
851 664 964 718 lucc
987 663 1416 733 procrastinatio.
1439 662 1576 716 Audi
1601 663 1902 733 quempiam
1929 663 2162 719 voluisse

583 757 809 827 primum
838 755 903 809 iis
927 755 1014 824 qui
1039 753 1182 808 domi
1212 764 1365 809 erant
1385 753 1698 817 valedicere,
1724 762 1778 808 et
1801 753 2115 825 prophetam
2139 754 2157 787 ⁸

582 862 687 902 non
732 845 1040 916 permisisse
1075 844 1150 916 (3.
1182 845 1306 914 Reg.
1341 844 1428 900 l9.
1458 844 1528 898 20
1549 843 1592 914 ).
1634 843 1834 914 Ecquid
1864 846 1986 901 dico
2020 847 2162 900 vale-

581 936 798 990 dicere?
838 935 1050 990 Patrem
1101 936 1330 1004 sepelire
1371 933 1536 987 voluit
1564 933 1878 1004 discipulus,
1909 951 2082 1006 neque
2107 935 2157 990 id

575 1026 842 1080 concessit
864 1024 1283 1093 Christns(.Luc.
1311 1025 1361 1079 9.
1393 1024 1509 1093 60).
1565 1025 1724 1096 Atqui
1773 1026 1900 1096 quid
1950 1028 2160 1082 videtur

577 1119 670 1173 tibi
703 1119 772 1173 ita
803 1118 1159 1173 necessarium
1189 1132 1310 1172 esse
1340 1127 1398 1171 ιιι
1423 1115 1695 1186 sepultura
1726 1119 1929 1188 patris?
1958 1120 2026 1173 At
2052 1133 2156 1174 non

578 1209 628 1263 id
659 1209 917 1278 permisit.
941 1207 1156 1275 Quare?
1182 1208 1314 1274 Quia
1341 1209 1685 1263 vehementer
1714 1208 1872 1263 instat
1891 1209 2153 1276 diabolus,

578 1313 632 1354 ut
661 1314 780 1356 sese
810 1301 1044 1355 insinuet
1075 1316 1096 1371 ε.
1118 1309 1171 1354 et
1200 1301 1258 1355 si
1290 1299 1548 1354 tantillum
1578 1300 1838 1354 socordiae
1863 1311 1915 1355 et
1937 1300 2158 1356 tardita-

579 1394 649 1447 tis
672 1393 1056 1464 deprehendat,
1087 1392 1414 1462 in-magnam
1461 1392 1716 1446 desidiam
1745 1393 1978 1461 c0njicit.
2033 1393 2156 1448 Ideo

577 1492 760 1540 monet
782 1483 1060 1554 quispiam,
1089 1481 1170 1536 Ne
1190 1481 1356 1536 tas-des
1376 1482 1438 1535 de
1456 1483 1538 1535 die
1553 1485 1604 1536 in
1621 1483 1754 1536 diem
1776 1481 1968 1553 (Eccle.
1993 1483 2045 1538 5.
2060 1483 2114 1555 8)
2137 1500 2152 1549 ;

575 1576 654 1629 sic
696 1574 838 1631 enim
893 1574 1122 1643 plurima
1165 1573 1363 1643 poteris
1415 1573 1731 1637 emendare,
1764 1574 1842 1628 sic
1869 1589 1986 1643 qua:
2011 1572 2154 1629 domi

639 1747 655 1778 ‘
682 1745 738 1796 In
763 1743 1148 1814 .\t_orél._‘legltur,
1185 1745 1448 1814 dominica.
1473 1747 1565 1814 Sed
1587 1747 1991 1814 vogtpropltetam
2028 1751 2156 1814 opti-

573 1821 656 1875 tne
679 1808 907 1870 quadrat“,
932 1808 1018 1875 b_i_c_
1049 1810 1178 1856 enim
1214 1808 1376 1875 agitur
1406 1807 1471 1875 de
1495 1807 1598 1875 Elia
1621 1807 1849 1860 EliSazuin
1875 1812 1922 1858 in
1945 1807 2156 1875 discipu-

575 1868 924 1935 lttni_i-ot_.-_attte;
950 1869 1079 1918 lilia
1103 1883 1238 1927 vero,
1256 1879 1309 1918 ut
1331 1870 1397 1918 ait
1418 1870 1496 1935 hic
1517 1869 1896 1935 Chrysostomus,
1924 1885 2020 1921 non
2039 1868 2151 1935 per-

575 1931 708 1978 misit
729 1929 921 2005 Elisteo,
949 1937 1002 1978 ut
1042 1940 1229 2005 patrem
1270 1929 1574 2005 mat-remque
1595 1929 1855 2005 salutatum
1878 1929 2153 2005 frenante-

574 2005 718 2052 quam
741 1992 971 2051 magistro
1003 1991 1058 2039 se
1095 1999 1246 2059 totum
1283 1991 1553 2040 addiceret.
1581 1992 1646 2041 At.
1679 2005 1822 2064 secus
1844 1995 1891 2040 in
1914 1995 2152 2064 Scriptura

575 2051 774 2107 legitur,
798 2053 880 2101 uni
903 2052 1019 2102 dicit
1041 2051 1189 2107 Bhas,
1210 2052 1342 2101 Vade
1362 2059 1409 2102 et
1432 2060 1687 2107 revertere.
1723 2063 1776 2103 ut
1800 2067 1848 2102 ιιι
1870 2054 2033 2105 Bibltis
2053 2065 2150 2107 ue-

575 2069 774 2114 teguur,
798 2069 880 2101 um
903 2069 1019 2102 utut
1041 2069 1189 2110 uuas,
1210 2069 1342 2101 raae
1362 2069 1409 2102 et
1432 2069 1687 2114 revertere,

569 2114 775 2175 braittis,
801 2114 976 2164 ὅπως
1001 2121 1052 2164 ει
1073 2114 1248 2164 Latinis
1271 2114 1495 2163 habetur.

1313 368 1368 423 S.
1407 365 1682 422 JOANNES
1718 362 2192 422 οιιιιῑεοοδιόιιι
2232 364 2547 421 ARCIIIEP.
2588 365 3120 423 CONSTANTINOP.

3757 363 3862 417 618

2264 489 2390 538 sunt
2419 483 2584 552 probe
2632 482 3002 553 disponentur.
3056 484 3145 538 Ait
3170 482 3309 537 enim
3341 497 3353 535 :
3391 481 3614 549 Quaerite
3641 481 3861 549 primum

2266 589 2476 643 regnum
2508 571 2620 638 Dei,
2653 584 2698 628 et
2711 576 2970 647 justitiam
2993 576 3124 645 ejus,
3161 584 3208 628 et
3237 578 3345 628 lucc
3366 574 3537 628 omnia
3554 573 3864 641 adjicientur

2266 664 2400 719 vobis
2443 663 2658 737 (Matth.
2703 669 2756 721 6.
2792 666 2907 735 53).
2940 664 3000 721 Si
3039 679 3140 719 nos
3165 663 3307 719 enim
3331 705 3347 731 ,
3375 678 3494 718 eum
3522 661 3740 733 quidam
3763 677 3858 717 sua

2266 755 2614 826 negligentes,
2645 757 2845 815 nostris
2872 755 3042 826 magls
3067 748 3379 825 advigilant,
3413 755 3557 808 omni
3591 752 3858 806 sollicitu-

2264 846 2390 902 dine
2431 863 2629 903 vacuos
2682 863 2804 904 esse
2855 862 3107 903 curamus
3141 866 3153 902 :
3186 846 3354 901 ntulto
3384 848 3551 916 magis
3576 847 3734 910 Deus,
3769 847 3853 914 qui

2266 952 2372 990 non
2405 937 2502 992 hac
2539 937 2716 992 habita
2744 939 2952 993 ratione
2994 946 3174 992 nostra
3200 946 3370 1002 curat,
3395 937 3563 1003 iisque
3589 934 3853 1005 providet.

2267 1025 2346 1080 Ne
2398 1028 2572 1098 itaque
2619 1028 2688 1084 de
2733 1029 2838 1084 tuis
2887 1028 3146 1084 sollicitus
3177 1028 3288 1090 sis.
3317 1030 3408 1083 sed
3457 1028 3546 1081 illa
3576 1027 3854 1082 committe

2265 1115 2398 1171 Deo.
2448 1116 2581 1171 Nam
2611 1119 2655 1173 si
2696 1128 2750 1172 tu
2793 1118 3055 1174 sollicitus
3085 1133 3164 1184 es,
3211 1127 3271 1172 ut
3299 1117 3460 1171 homo
3489 1130 3680 1179 curas;
3717 1118 3860 1171 Dens

2263 1224 2390 1263 vero
2421 1219 2479 1264 ut
2527 1211 2671 1267 Deus
2700 1211 2964 1281 providet.
3012 1210 3090 1265 Ne
3116 1225 3243 1280 ergo
3270 1210 3337 1264 de
3367 1211 3430 1263 iis
3469 1210 3732 1263 sollicitus
3757 1208 3855 1273 sis,

2267 1301 2636 1369 pratstantiora
2682 1302 3008 1371 relinquens,
3056 1301 3290 1372 alioquin
3344 1301 3485 1355 Deus
3537 1300 3622 1353 illa
3675 1301 3862 1356 minus

2262 1390 2501 1456 curabit;
2533 1399 2592 1446 ut
2622 1392 2708 1446 illa
2734 1407 2862 1462 ergo
2890 1392 3178 1464 diligenter
3205 1401 3379 1456 curet,
3409 1391 3508 1462 ipsi
3543 1392 3642 1446 soli
3674 1395 3859 1447 omnia

2261 1482 2552 1537 committe.
2603 1481 2657 1538 Si
2689 1485 2831 1539 enim
2858 1484 3057 1539 relictis
3079 1484 3464 1553 spiritualibus.
3498 1484 3584 1537 illa
3621 1496 3848 1549 tractes,

2264 1589 2366 1628 non
2392 1589 2636 1645 magnam
2665 1591 2852 1630 eorum
2881 1577 3018 1630 Deus
3047 1587 3197 1646 geret
3227 1576 3630 1645 providentiam.
3655 1573 3719 1629 Ut
3752 1577 3857 1644 igi-

2265 1671 2350 1716 tur
2379 1673 2432 1718 ιιι
2455 1665 2546 1719 tibi
2571 1651 2707 1721 [tunc
2737 1675 2879 1720 recte
2918 1666 3210 1736 composita
3242 1665 3369 1730 sint,
3400 1674 3455 1719 et
3495 1666 3860 1720 sollicitudine

2260 1756 2404 1808 omni
2437 1755 2698 1819 libereris,
2723 1757 2867 1811 hmre
2909 1757 3580 1826 spiritualibus,szi-cularia
3596 1755 3855 1824 despice:

2261 1847 2338 1900 sic
2367 1849 2508 1902 enim
2538 1859 2587 1902 et
2621 1857 2813 1903 terram
2843 1865 2961 1904 cum
2994 1849 3126 1904 cst-lo
3155 1850 3437 1911 obtinebis,
3469 1859 3520 1904 ct
3549 1849 3717 1902 l‘tuura
3754 1851 3854 1902 bo-

2261 1951 2326 1989 na
2351 1939 2714 2007 consequeris,
2761 1941 2929 2009 gratia
2978 1949 3033 1993 et
3077 1939 3400 2007 benignitate
3445 1939 3648 1992 Domini
3683 1940 3855 1992 nostri

2257 2026 2380 2081 Jesu
2411 2027 2605 2083 Christi
2631 2072 2644 2092 ,
2675 2031 2758 2085 cui
2781 2031 2947 2101 gloria
2975 2038 3029 2084 et
3063 2030 3343 2100 imperium
3373 2029 3424 2084 in
3456 2030 3649 2084 sarcula
3681 2044 3859 2084 stncn.

2259 2117 2452 2172 lorum.
2480 2121 2672 2175 Amen.

1697 2331 2054 2396 HOMILIA
2094 2335 2322 2404 LXIX.
2350 2345 2435 2406 al.
2483 2345 2686 2407 LXX.

565 2467 690 2532 Car.
735 2469 827 2525 ‘22.
869 2487 921 2524 v.
973 2471 1022 2526 l.
1079 2469 1144 2524 Et
1189 2471 1494 2539 respondens
1519 2469 1672 2527 Iesus
1716 2471 1845 2526 dixit
1877 2474 2062 2529 iterum
2095 2474 2151 2530 in

635 2561 890 2631 parabolis
919 2561 1013 2616 τε.
1059 2559 1241 2616 Simile
1287 2570 1358 2615 est
1405 2577 1616 2632 regnum
1667 2562 1908 2616 caelorum
1959 2562 2152 2617 homini

635 2653 761 2723 regi,
791 2652 876 2722 qui
906 2652 1020 2722 fecit
1061 2652 1267 2721 nuptias
1315 2652 1424 2722 ﬁlio
1450 2668 1563 2706 suo.
1593 2653 1647 2708 3.
1685 2652 1758 2706 Et
1803 2655 1938 2708 misit
1984 2672 2150 2711 servos

633 2759 753 2797 suos
783 2743 1218 2798 uocare‘invitatos
1246 2741 1314 2797 ad
1340 2743 1542 2812 nuptias
1571 2758 1591 2798 :
1611 2753 1657 2798 et
1679 2745 2142 2803 nolueruntvenire.

635 2836 690 2888 4.
723 2833 918 2889 Rursus
943 2833 1077 2888 misit
1105 2833 1234 2888 alios
1260 2849 1445 2898 servos,
1477 2833 1648 2887 dicens
1674 2850 1694 2888 :
1717 2833 1881 2890 Dicite
1903 2836 2142 2904 inuitatis,

632 2925 766 2979 Ecce
792 2926 1061 2996 prandium
1089 2940 1258 2980 meum
1286 2924 1482 2996 paravi,
1507 2925 1640 2978 tauri
1656 2926 1756 2979 mei
1781 2937 1829 2982 et
1843 2927 2016 2982 altilia
2037 2945 2146 2982 mea

629 3017 794 3071 occisa
818 3025 964 3082 sunt,
993 3025 1038 3071 et
1063 3017 1231 3070 omnia
1273 3025 1488 3088 parata;
1538 3017 1698 3071 uenite
1735 3018 1804 3071 ad
1831 3020 2048 3089 nuptias.
2083 3021 2141 3077 5.

628 3105 724 3159 Illi
747 3115 916 3159 autent
953 3121 1067 3159 cum
1091 3105 1419 3177 negligerent,
1447 3105 1696 3168 abierunt,
1726 3108 1860 3162 alius
1882 3109 1934 3164 in
1965 3127 2144 3181 agrum

631 3211 800 3260 suum,
826 3195 959 3249 alius
979 3195 1048 3249 ad
1070 3194 1456 3266 negotiationem
1481 3211 1647 3251 suam.
1667 3195 1721 3252 6.
1751 3197 1951 3271 Reliqui
1979 3211 2144 3255 autem

631 3296 898 3342 tenuerunt
922 3303 1088 3343 servos
1124 3288 1255 3356 eius,
1283 3298 1330 3342 et
1369 3292 1675 3343 contumelia
1699 3289 1909 3358 affectos
1935 3293 2140 3365 interfe-

632 3389 826 3439 cerunt.
853 3389 959 3435 etc.
1569 3445 1576 3451 ,

642 3473 694 3525 1.
722 3469 890 3536 Hujus
910 3479 955 3523 et
983 3471 1309 3539 prandentis
1324 3470 1549 3525 Itontilite
1565 3477 1898 3542 comparatio.
1946 3470 2145 3538 Ejeetio

560 3563 590 3617 Ι
600 3563 878 3617 udteorum.
895 3561 1130 3616 Gentium
1156 3565 1370 3618 uacatio.
1389 3562 1592 3617 Excidii
1605 3563 1936 3636 Jerosolgntte
1952 3569 2142 3634 prtedi-

563 3656 684 3709 ctio.
715 3683 787 3695 —
811 3653 1054 3709 Vidistin’
1078 3666 1134 3708 et
1176 3656 1228 3708 in
1271 3655 1591 3723 precedenti
1620 3664 1675 3710 et
1702 3657 1752 3709 in
1779 3655 1877 3711 hac
1893 3657 2139 3726 parabola

565 3752 822 3812 quautam
863 3743 1085 3798 interest
1131 3741 1302 3797 ﬁlium
1355 3744 1493 3798 inter
1543 3755 1596 3800 et
1640 3747 1864 3800 servos?
1912 3745 2140 3802 vidistin’

567 3847 810 3904 magnam
839 3833 980 3888 inter
1017 3822 1298 3904 utramque
1323 3835 1631 3905 parabolam
1661 3835 1992 3902 afﬁnitatem,
2027 3853 2135 3893 ma-

555 3940 821 3997 gnamque
857 3923 1253 3980 differentiam?
1303 3926 1433 3981 Nam
1474 3928 1586 3983 lucc
1626 3928 1738 3998 ipsa
1765 3929 1999 3984 ostendit
2045 3930 2134 3984 Dei

558 4017 888 4071 tolerantiam
935 4015 1429 4087 providentiamque
1471 4032 1736 4087 magnam,
1772 4019 2138 4088 ingratamque

557 4105 832 4162 Judaicam
864 4106 1280 4176 improbitatem.
1339 4105 1535 4160 Verum
1590 4109 1704 4161 tunc
1747 4108 1875 4176 quid
1914 4109 2139 4178 amplius

559 4213 718 4268 quam
759 4197 850 4252 illa
877 4197 1056 4251 habet.
1085 4195 1412 4251 Prtenuntiat
1431 4199 1573 4252 enim
1601 4207 1652 4252 et
1686 4197 1992 4253 Judaeorum
2022 4200 2136 4268 eje-

559 4292 816 4355 ctionem,
845 4298 902 4343 et
952 4289 1188 4358 gentium
1238 4287 1570 4343 vocationem
1617 4306 1632 4342 :
1677 4297 1796 4357 post
1837 4291 1965 4345 haec
2011 4306 2139 4345 vero

557 4381 790 4436 ostendit
813 4391 867 4434 et
895 4380 1108 4436 vivendi
1129 4379 1459 4449 disciplinam
1480 4422 1494 4448 ,
1525 4391 1579 4436 et
1603 4394 1796 4451 quanta
1826 4385 2139 4453 negligenti-

556 4475 653 4528 bus
684 4487 839 4541 ptena
879 4472 949 4526 sit
979 4483 1179 4540 parata.
1219 4471 1452 4543 Jureque
1501 4473 1615 4528 bare
1647 4484 1764 4543 post
1791 4476 1936 4529 illam
1965 4478 2136 4545 posita

562 4571 662 4618 est.
708 4562 841 4630 Quia
870 4563 1010 4617 enim
1035 4561 1187 4624 dixit,
1222 4561 1442 4616 Dabitur
1482 4564 1619 4634 genti
1666 4565 1869 4633 facienti
1917 4561 2160 4634 fructum

561 4653 721 4719 ipsius
753 4652 962 4721 (Matth.
991 4651 1054 4705 2|
1109 4651 1222 4722 ιδ),
1247 4652 1334 4707 hie
1357 4653 1614 4721 declarat,
1646 4660 1730 4726 cui
1757 4657 1933 4725 genti;
1967 4673 2138 4727 neque

562 4742 663 4797 hoc
711 4751 937 4805 tantum,
966 4743 1058 4797 sed
1087 4751 1141 4797 et
1171 4758 1230 4797 se
1259 4759 1442 4798 rursus
1472 4745 1719 4800 inell'abili
1759 4763 1884 4816 erga
1924 4747 2136 4805 Judteos

562 4835 886 4905 providentia
909 4835 1002 4889 uti.
1022 4834 1096 4892 lbi
1122 4837 1264 4892 enim
1286 4847 1410 4891 ante
1436 4853 1646 4892 crucem
1674 4851 1844 4904 vocat,
1872 4842 1956 4894 hic
1977 4843 2136 4897 etiam

561 4938 678 4998 post
707 4940 892 4983 necem
939 4930 1118 4991 instat,
1167 4938 1220 4983 et
1257 4931 1426 5001 pergit
1483 4931 1600 4986 illos
1657 4948 1866 4989 vocare.
1903 4934 1972 4988 Et
2017 4949 2133 4990 cum

562 5019 874 5090 gravissima
920 5018 1039 5073 illos
1090 5033 1241 5087 poena
1297 5021 1528 5090 plectere
1569 5037 1663 5092 par
1689 5024 1895 5092 fuisset,
1925 5035 2049 5082 tunc
2069 5030 2133 5083 ad

559 5111 780 5180 nuptias
835 5111 986 5180 ipsos
1033 5111 1234 5176 trahit,
1276 5117 1643 5185 supremoque
1701 5114 1863 5170 aﬂicit
1903 5117 2130 5173 honore.

563 5201 627 5257 Et
663 5205 1035 5260 animadverte
1085 5208 1355 5274 quomodo
1401 5217 1456 5264 et
1505 5209 1616 5265 illic
1661 5225 1769 5265 non
1809 5211 1963 5281 prius
2003 5227 2127 5281 gen-

562 5305 647 5351 tes
679 5309 836 5351 vocet
864 5298 956 5350 sed
986 5295 1204 5352 Iudaeos
1226 5339 1240 5359 ,
1270 5309 1320 5353 et
1352 5301 1439 5354 hic
1472 5303 1727 5360 similiter
1755 5321 1768 5356 :
1801 5304 1896 5359 sed
1935 5321 2126 5370 quem-

556 5385 852 5442 admodum
892 5384 964 5440 ibi
991 5426 1006 5450 ,
1033 5399 1153 5440 cum
1186 5385 1330 5440 illum
1371 5389 1644 5458 suscipere
1696 5391 2002 5458 noluerunt,
2030 5395 2136 5450 imo

555 5488 607 5530 et
637 5477 940 5532 venientem
984 5478 1318 5547 occiderunt,
1355 5489 1480 5537 tunc
1509 5483 1718 5539 vineam
1761 5485 1910 5541 dedit
1943 5505 1955 5541 :
1985 5490 2052 5545 ita
2083 5503 2135 5547 ct

555 5569 659 5634 hie,
687 5583 808 5625 eum
842 5569 1121 5625 noluerunt
1147 5570 1212 5625 ad
1252 5573 1464 5642 nuptias
1496 5575 1709 5640 venire,
1743 5577 1878 5632 alios
1906 5582 2128 5636 vocavit.

553 5662 687 5729 Quid
734 5677 861 5734 ergo
907 5662 1010 5718 illis
1063 5665 1320 5735 ingratius
1369 5663 1550 5730 fuerit,
1578 5669 1793 5738 quando
1829 5672 1892 5724 ad
1927 5674 2133 5744 nuptias

554 5755 749 5816 vocati,
787 5755 1069 5810 resiliunt?
1113 5758 1230 5826 quis
1269 5759 1412 5814 enim
1454 5758 1520 5814 ad
1564 5761 1772 5832 nuptias
1800 5767 1980 5820 venire
2031 5787 2132 5827 non

2257 2491 2466 2554 optaret
2486 2527 2500 2550 ,
2521 2493 2576 2542 et
2612 2486 2677 2541 ad
2705 2487 2916 2556 nuptias
2943 2487 3102 2558 regis.
3131 2488 3218 2558 qui
3243 2487 3353 2542 lilio
3379 2488 3612 2559 nuptiale
3653 2491 3850 2544 com-io

2259 2575 2401 2628 vium
2447 2577 2636 2645 parat?
2683 2578 2750 2632 Et
2776 2593 2902 2641 cur,
2935 2579 3139 2648 inquies
3163 2620 3180 2644 ,
3221 2581 3416 2652 nuptias
3459 2579 3745 2637 vocantur?
3779 2581 3849 2637 Ut

2258 2662 2765 2735 DeiprOt'identiam
2809 2682 3099 2737 agnoscas,
3134 2668 3359 2739 ejusque
3395 2685 3519 2740 erga
3565 2687 3662 2727 nos
3692 2687 3850 2725 amo-

2252 2771 2389 2824 rem,
2417 2773 2594 2812 rerum
2631 2759 2990 2830 splendorem,
3016 2769 3075 2814 ut
3109 2761 3241 2814 nihil
3291 2761 3361 2816 ibi
3403 2763 3552 2817 triste
3596 2765 3684 2827 sit,
3711 2765 3845 2818 nihil

2256 2847 2581 2914 luctuosum,
2609 2851 2703 2904 sed
2749 2852 2927 2906 omnia
2968 2853 3166 2922 gaudio
3192 2853 3451 2923 spirituali
3481 2855 3656 2924 plena.
3693 2855 3847 2911 lden-

2252 2953 2356 3007 que
2379 2954 2633 3007 sponsum
2657 2941 2804 2994 illum
2835 2951 2988 2996 vocat
3012 2943 3246 2998 Joannes
3276 2942 3425 3015 (Cap.
3459 2946 3514 3000 5.
3546 2945 3675 3016 29);
3720 2949 3844 3001 ideo

2252 3026 2446 3083 Paulus
2476 3030 2624 3096 dicit,
2655 3029 2917 3102 Despondi
2945 3049 3028 3086 vos
3057 3034 3147 3086 uni
3174 3034 3280 3087 viro
3303 3033 3378 3104 (2.
3411 3033 3528 3089 Cor.
3559 3036 3635 3090 ll.
3661 3034 3755 3108 2);
3789 3051 3840 3090 et

2251 3133 2483 3184 rursum,
2538 3119 2837 3192 Mysteriunt
2881 3123 2976 3177 hoc
3006 3141 3244 3196 magnum
3270 3135 3362 3186 est.
3388 3143 3484 3196 ego
3510 3138 3680 3182 autem
3722 3129 3842 3184 dico

2248 3209 2301 3263 in
2328 3207 2528 3264 Christo
2548 3221 2593 3266 et
2620 3212 2670 3265 in
2701 3210 2928 3268 Ecclesia
2959 3215 2977 3286 (
2999 3213 3184 3286 Epltes.
3214 3217 3268 3273 5.
3294 3217 3363 3273 52
3386 3218 3430 3287 ).
3449 3217 3556 3274 Cur
3584 3235 3711 3291 ergo
3733 3237 3842 3276 non

2250 3299 2391 3355 Patri
2419 3315 2611 3372 Sponsa
2643 3304 2960 3374 desponderi
2992 3307 3204 3373 dicitur,
3234 3311 3327 3364 sed
3358 3310 3534 3366 Filio?
3560 3312 3694 3381 Quia
3717 3330 3843 3385 qua:

2259 3389 2394 3445 Filio
2418 3393 2800 3462 despondetur,
2835 3397 2973 3452 Patri
3005 3397 3385 3468 despondetur.
3438 3403 3567 3458 Nam
3598 3405 3650 3460 in
3693 3406 3842 3462 Scri-

2252 3491 2402 3550 ptura
2433 3483 2534 3539 hoc
2562 3486 2643 3541 vel
2688 3486 2816 3541 illud
2842 3487 3206 3545 indill‘erenter
3231 3493 3424 3548 dicitttr
3444 3536 3457 3556 ,
3485 3496 3555 3548 ob
3583 3497 3842 3551 substan.

2251 3573 2335 3626 tiae
2358 3573 2709 3632 identitatem.
2743 3579 2823 3633 Ab
2847 3577 2972 3634 hinc
3000 3595 3128 3636 vero
3169 3587 3611 3640 resurrectionem
3643 3589 3840 3658 pra-di-

2247 3675 2352 3718 cat.
2382 3664 2514 3732 Quia
2535 3669 2680 3722 enim
2707 3669 2756 3722 in
2785 3670 3209 3739 pr:ccedentibus
3239 3686 3464 3732 mortem
3495 3677 3645 3746 dixit,
3675 3677 3835 3733 mou;

2245 3765 2378 3811 strat
2437 3757 2520 3813 hic
2573 3770 2691 3830 ροςι
2732 3773 2954 3820 mortem
3007 3768 3218 3836 nuptias
3264 3783 3624 3841 sponsumque
3678 3772 3823 3829 fore.

2251 3846 2443 3902 Verum
2495 3849 2548 3904 hi
2599 3867 2666 3906 ne
2693 3853 2763 3910 ita
2787 3855 2999 3924 quidem
3037 3858 3286 3913 meliores
3334 3871 3456 3916 sunt
3505 3861 3701 3930 eﬂ‘ecti,
3735 3881 3838 3920 nec

2246 3939 2517 4005 mitiores;
2551 3959 2655 4010 quo
2676 3945 2799 4013 quid
2831 3945 3068 4004 deterius
3097 3950 3205 4004 sit?
3253 3952 3460 4007 Etenim
3518 3953 3632 4009 hcce
3673 3959 3834 4012 tertia

2250 4041 2334 4083 est
2388 4035 2675 4088 accusatio.
2725 4035 2936 4102 Prima,
2972 4040 3113 4108 quod
3168 4043 3459 4112 prophetas
3508 4034 3830 4111 occiderint;

2246 4122 2460 4187 deinde,
2494 4127 2635 4195 quod
2666 4129 2824 4183 etiam
2854 4130 3080 4197 Filium;
3112 4133 3346 4200 demum,
3374 4137 3514 4207 quod
3544 4153 3664 4193 cum
3691 4142 3836 4195 occi—

2245 4215 2465 4280 dissent,
2500 4227 2554 4272 et
2603 4218 2670 4273 ad
2724 4223 2932 4290 nuptias
2976 4225 3042 4277 ab
3081 4227 3257 4279 occiso
3305 4228 3691 4294 invitarentur,
3723 4247 3831 4286 non

2247 4309 2494 4374 veniant,
2552 4311 2644 4365 sed
2697 4327 2886 4367 causas
2941 4317 3436 4383 comminiscantur,
3471 4319 3597 4390 juga
3644 4323 3829 4385 boum.

2246 4413 2459 4462 urna-es,
2505 4415 2698 4468 agros:
2730 4418 3051 4472 quamquam
3096 4405 3209 4460 luec
3246 4408 3523 4463 videantur
3568 4411 3831 4468 rationem

2246 4489 2462 4569 habere.
2491 4489 2594 4544 Sed
2625 4492 2748 4546 inde
2774 4493 3050 4561 discimus,
3087 4496 3188 4550 etsi
3221 4500 3516 4552 necessaria
3549 4500 3834 4556 videantur

2244 4597 2362 4636 esse
2413 4582 2497 4636 illa
2525 4599 2642 4652 qua:
2673 4600 2770 4637 n0s
2809 4588 3041 4641 retinent
3067 4631 3082 4651 ,
3115 4589 3406 4658 spiritantia
3448 4604 3663 4662 semper
3713 4610 3833 4650 esse

2245 4675 2643 4741 antepOneuda.
2701 4675 2862 4730 Vocat
2909 4687 3107 4743 autem,
3164 4694 3269 4733 non
3319 4697 3506 4751 nuper,
3555 4683 3651 4738 sed
3707 4698 3833 4742 ante

2243 4766 2467 4819 multum
2499 4770 2772 4836 temporis.
2799 4768 2929 4824 Nam
2955 4771 3044 4836 ait,
3073 4771 3237 4826 Dicite
3259 4774 3504 4839 incitatis;
3527 4785 3582 4831 et
3615 4775 3832 4847 iterum,

2255 4851 2435 4911 Vat-ate
2460 4859 2712 4923 invitatos,
2740 4861 2881 4930 quod
2903 4872 3048 4918 certe
3074 4866 3274 4921 crimen
3295 4877 3473 4937 auget.
3504 4867 3567 4923 Et
3584 4873 3831 4938 quando-

2243 4962 2364 5001 nam
2397 4949 2564 5002 vocati
2587 4955 2748 5005 sunt?
2779 4952 2879 5007 Per
2903 4954 3195 5022 prOphetas
3219 4971 3428 5026 omnes,
3452 4973 3546 5028 per
3571 4958 3832 5016 Joannem

2244 5053 2481 5104 rursum,
2512 5041 2602 5110 qui
2656 5057 2846 5098 omnes
2893 5045 2960 5099 ad
3013 5045 3282 5101 Christum
3336 5049 3580 5103 mittebat
3625 5051 3833 5118 dicens,

2246 5127 2405 5184 Illum
2434 5142 2626 5202 Oportet
2655 5150 2897 5198 crescere,
2926 5153 3005 5190 me
3033 5148 3201 5191 autem
3228 5139 3391 5193 minui
3421 5139 3602 5209 (Joan.
3631 5142 3688 5198 3.
3719 5144 3830 5209 50).

2245 5224 2347 5278 Per
2404 5226 2572 5294 ipsum
2605 5229 2838 5298 denique
2886 5229 3099 5295 Filium,
3145 5233 3234 5302 qui
3289 5235 3383 5306 ait,
3450 5235 3626 5291 Venite
3663 5239 3731 5292 ad
3760 5255 3840 5293 me

2243 5333 2414 5370 omnes
2433 5319 2518 5385 qui
2547 5318 2787 5374 laboratis
2822 5330 2870 5374 et
2899 5325 3094 5376 onerati
3145 5326 3280 5391 estis,
3308 5335 3353 5380 et
3380 5343 3471 5399 ego
3495 5330 3725 5396 reﬁciant
3752 5349 3835 5385 vus

2244 5406 2457 5480 (Matth.
2491 5410 2545 5463 lt
2595 5409 2689 5478 28)
2711 5428 2724 5474 ;
2749 5421 2803 5466 et
2829 5427 3035 5479 rursus,
3067 5413 3128 5470 Si
3153 5417 3264 5487 quis
3288 5417 3414 5481 sitit,
3443 5421 3610 5472 veniat
3639 5421 3709 5473 ad
3735 5438 3833 5480 mc.

2243 5512 2288 5554 et
2316 5499 2448 5555 bibat
2479 5499 2656 5570 (Joan.
2687 5503 2740 5558 7.
2770 5505 2886 5576 57).
2937 5505 3119 5577 Neque
3170 5509 3346 5563 verbis
3391 5519 3596 5566 tantum
3619 5552 3632 5573 .
3664 5512 3756 5566 sed
3786 5523 3836 5566 ct

2243 5593 2493 5661 operibus
2522 5595 2650 5664 ipsis
2677 5598 2917 5663 vocabat,
2938 5609 3126 5670 etpost
3147 5605 3568 5674 aSStunptionem
3592 5605 3710 5676 ejus
3742 5621 3838 5674 per

2247 5683 2459 5738 Petrum
2487 5694 2540 5740 et
2564 5686 2772 5751 socios;
2799 5704 2920 5743 nam
2955 5689 3056 5756 Qui“
3077 5703 3312 5762 operatus
3335 5703 3412 5748 est
3438 5694 3612 5759 Petro,
3643 5696 3835 5765 inquit,

2243 5780 2294 5830 iu
2341 5778 2679 5846 apostolatum
2709 5782 3130 5850 circumcisiouis,
3169 5797 3406 5840 oneratus
3435 5797 3510 5841 est
3533 5798 3578 5838 et
3608 5790 3730 5840 milii
3758 5789 3839 5841 in-
