4074 6450
213 426 319 485 639

206 549 482 616 tergente:
528 539 671 615 (Gal.
714 539 769 593 ‘2.
801 538 884 603 8).
941 535 1075 616 Quia
1131 534 1273 591 enim
1329 530 1526 588 Filium
1559 526 1803 581 videntes

207 610 471 708 indignati
497 610 642 695 sunt,
673 632 956 703 ipsumque
984 610 1293 681 occiderunt
1312 664 1327 686 ,
1357 638 1452 693 per
1480 632 1666 675 servos
1687 631 1804 671 rur-

205 743 325 783 sum
343 736 527 782 vocat.
559 725 627 780 Et
645 723 709 777 ad
737 721 865 792 quid
890 718 1082 774 vocat?
1112 717 1192 772 Ad
1222 716 1435 771 labores
1454 754 1469 775 ,
1500 723 1768 765 :rrumnas
1789 748 1803 767 .

205 820 476 876 sudores’
522 816 893 886 Nequaquam,
950 809 1044 866 sed
1093 810 1161 864 ad
1211 809 1433 864 delicias
1466 824 1479 859 :
1510 804 1579 857 ait
1612 803 1756 857 enim
1789 818 1801 850 ε

206 912 370 967 Tauri
416 910 516 964 mei
556 918 604 963 et
655 908 819 961 altilia
874 912 1096 957 mactata
1142 910 1281 955 sunt.
1334 898 1559 966 Quanta:
1598 892 1803 961 dapes!

206 1014 406 1076 quanta
427 998 819 1072 magniﬁcentia
848 997 863 1050 ι
887 994 1071 1065 Neque
1101 992 1205 1047 hoc
1232 992 1350 1053 illos
1379 986 1672 1043 convertit;
1712 981 1804 1036 sed

205 1106 413 1165 quanto
453 1092 714 1161 majorem
756 1088 1065 1160 patientiam
1108 1082 1417 1146 exhibebat,
1447 1087 1597 1134 tanto
1639 1076 1809 1144 magis

208 1186 286 1241 illi
313 1182 774 1240 indurabantur'.
830 1178 1015 1248 Neque
1066 1176 1209 1232 enim
1259 1171 1501 1242 impediti
1556 1166 1806 1239 negotiis,

205 1275 303 1333 sed
321 1274 654 1346 negligentes
674 1288 777 1325 non
803 1276 1083 1324 venerunt.
1101 1266 1211 1322 Cur
1234 1272 1411 1317 autem
1430 1260 1518 1315 alii
1547 1256 1807 1327 nuptias’,

206 1367 297 1422 alii
349 1366 480 1435 jnga
527 1363 685 1417 boum
741 1355 1097 1412 obtendunt?
1145 1354 1382 1409 ba-ccine
1429 1348 1810 1418 occupationes

208 1459 377 1514 sunt?
425 1457 664 1513 Minime.
720 1455 852 1508 (lum
898 1452 1043 1507 enim
1096 1446 1387 1516 Spiritualia
1442 1458 1543 1499 nos
1596 1445 1808 1502 vocant,

209 1551 351 1607 nulla
393 1558 478 1611 est
505 1545 915 1616 occupationum
944 1541 1257 1619 necessitas.
1320 1536 1581 1590 Videntur
1628 1540 1809 1586 autem

208 1641 337 1696 mihi
367 1637 778 1693 hisnlucntibus
809 1634 912 1699 usi,
937 1642 995 1686 ιιι
1026 1630 1140 1685 lucc
1175 1628 1325 1701 quasi
1359 1622 1694 1696 negligentia:
1722 1634 1813 1674 ve-

210 1732 406 1784 lamina
434 1736 788 1803 opponerent.
818 1723 999 1794 Neque
1035 1722 1086 1775 id
1119 1706 1293 1775 solum
1330 1730 1494 1788 grave
1540 1722 1642 1775 est,
1667 1707 1810 1779 quod

210 1837 314 1875 non
341 1802 625 1886 venerint;
655 1816 750 1873 sed
782 1816 978 1879 etiam,
1009 1812 1150 1884 quod
1173 1808 1549 1880 gravissimum
1578 1802 1811 1857 atrocis-

210 1916 517 1983 simumque
563 1919 665 1976 est,
695 1908 837 1981 quod
889 1908 1084 1961 missos
1114 1903 1181 1958 ad
1229 1917 1289 1958 se
1319 1900 1457 1955 male
1510 1893 1808 1955 adiecerint,

208 2004 555 2062 contumeliis
610 2001 906 2063 onerariut,
954 1994 1281 2058 occiderint,
1318 1992 1367 2047 id
1396 1989 1535 2059 quod
1568 1984 1815 2055 superio-

211 2097 371 2150 ribus-
413 2094 629 2164 gravius
675 2104 778 2147 est.
814 2090 889 2149 Illi
936 2103 1167 2158 namque
1191 2090 1455 2143 venerunt
1506 2086 1813 2149 repetentes

211 2196 531 2255 proventum
555 2193 609 2237 et
636 2182 857 2247 fructus,
881 2189 1041 2248 atque
1066 2177 1230 2239 occisi
1258 2183 1415 2237 sunt;
1448 2172 1499 2225 bi
1532 2185 1661 2223 vero
1689 2183 1810 2219 etttu

210 2280 273 2331 ad
324 2278 543 2343 nuptias
582 2275 742 2328 oet-isi
778 2274 1149 2327 interfectores
1177 2269 1293 2337 ejus
1315 2274 1528 2330 vocant,
1560 2262 1811 2317 similiter

211 2370 625 2426 interﬁciuntur.
656 2368 751 2422 Cui
786 2365 949 2419 furori
971 2362 1097 2434 quid
1130 2377 1226 2431 par
1275 2358 1469 2415 fuerit?
1497 2356 1587 2412 Sic
1616 2352 1811 2409 Paulus

209 2462 529 2515 criminatur
580 2458 739 2513 illus:
778 2456 877 2523 Qui
922 2465 970 2508 et
1013 2453 1289 2512 Dominam
1316 2460 1362 2505 et
1390 2446 1663 2520 prapltctas
1693 2459 1812 2496 suos

210 2554 525 2619 occiderunt,
558 2562 605 2605 et
650 2568 739 2604 nos
768 2549 1055 2621 persequuti
1082 2557 1200 2602 sunt
1229 2545 1249 2576 ³
1277 2546 1354 2611 (1.
1402 2542 1580 2597 Thess.
1613 2540 1667 2593 2.
1694 2540 1808 2609 15).

213 2648 417 2701 Deinde
464 2661 533 2700 ne
585 2646 849 2707 dicereut,
904 2642 1015 2697 Deo
1055 2640 1392 2695 adversarius
1447 2644 1549 2701 est,
1584 2632 1810 2700 ideoque

210 2753 315 2792 non
344 2736 676 2800 accedimus,
706 2734 828 2787 audi
853 2732 978 2804 quid
1000 2732 1185 2785 dicunt
1209 2730 1242 2783 ii
1263 2728 1351 2798 qui
1377 2728 1620 2781 invitant.
1654 2722 1811 2778 Pater

210 2842 292 2886 est
320 2832 364 2885 is
391 2830 484 2900 qui
529 2829 743 2897 nuptias
770 2826 895 2881 facit
916 2835 969 2880 et
999 2826 1206 2878 invitat.
1263 2820 1400 2888 Quid
1429 2832 1559 2888 ergo
1591 2826 1771 2889 postea
1788 2819 1810 2867 ’ἐ

208 2922 344 2990 Quia
392 2921 684 2976 noluerunt
738 2916 945 2983 venire,
994 2914 1089 2971 sed
1131 2922 1186 2968 et
1233 2910 1448 2965 nuntios
1473 2906 1807 2967 occiderunt,

212 3017 371 3071 nrbes
428 3028 615 3069 eorum
655 3010 912 3076 incendit,
952 3018 1008 3064 et
1060 3007 1239 3062 missis
1264 3002 1590 3059 exercitibus
1616 2998 1811 3055 occidit

210 3124 323 3164 eos.
357 3106 454 3162 liis
480 3119 640 3175 porro
670 3101 994 3174 prmuuntiat
1021 3115 1084 3155 ca
1112 3113 1233 3168 quae
1266 3095 1369 3150 sub
1404 3093 1729 3163 Vespasiano
1759 3098 1812 3143 et

210 3201 331 3255 Tito
389 3201 526 3253 facta
582 3208 727 3251 sunt.
777 3195 843 3250 Et
890 3195 1013 3266 quia
1070 3192 1281 3249 Patrem
1328 3187 1808 3245 exacerbaveruut,

210 3290 350 3362 quod
376 3291 477 3362 ipsi
524 3304 630 3342 non
656 3286 1002 3345 crediderint,
1028 3286 1143 3354 ipse
1186 3283 1303 3337 illos
1333 3280 1629 3334 ulciscitur.
1682 3275 1817 3331 Ideo

212 3398 317 3437 non
340 3382 522 3435 statim
556 3389 676 3449 post
706 3389 931 3433 mortem
960 3376 1158 3430 Christi
1186 3374 1453 3427 excidium
1482 3370 1682 3431 evenit,
1715 3369 1811 3421 sed

212 3483 333 3541 post
369 3487 543 3528 annos
578 3470 954 3542 quadraginta,
986 3479 1042 3521 ιιι
1071 3466 1381 3537 patientiam
1410 3478 1559 3517 suam
1591 3460 1813 3516 exhibe-

212 3576 289 3619 ret
310 3582 328 3630 ;
352 3580 474 3618 eum
500 3562 831 3633 Stephanum
860 3560 1172 3615 occiderunt
1190 3600 1205 3622 ,
1233 3556 1490 3611 Jacobunt
1531 3551 1813 3608 interfece-

213 3669 357 3720 runt,
388 3657 667 3726 apostolos
713 3654 941 3711 all'ecero
994 3652 1358 3707 contumeliis.
1416 3646 1600 3703 Viden‘
1632 3662 1810 3701 rerum

214 3752 495 3805 veritatem
520 3757 576 3802 et
614 3745 984 3801 celeritatem?
1017 3743 1203 3798 Adhuc
1236 3742 1379 3797 enim
1408 3739 1617 3794 Joanne
1645 3750 1813 3793 evan-

210 3844 399 3911 gelista
437 3841 667 3902 vivente,
690 3838 911 3907 aliisque
939 3836 1305 3905 compluribus
1336 3834 1425 3903 qui
1456 3847 1578 3887 cum
1601 3828 1816 3884 Christo

214 3938 481 3996 \ixerunt,
517 3930 633 3985 han:
683 3932 1025 4000 contigerunt
1060 3946 1072 3980 :
1102 3928 1301 3981 etenim
1335 3933 1606 3995 gestorum
1651 3930 1815 3975 testes

214 4036 390 4092 c.ant,
422 4024 513 4095 qui
549 4024 663 4079 hanc
708 4024 1013 4077 audierunt.
1072 4019 1205 4074 Vide
1254 4032 1382 4087 ριῖο
1428 4013 1814 4085 providentiam

218 4117 563 4173 inetl'abilem.
600 4115 863 4169 l’lantavit
904 4116 1140 4175 vineam,
1174 4111 1353 4168 omnia
1399 4106 1525 4163 fecit
1567 4116 1622 4161 et
1661 4122 1816 4160 com-

216 4208 377 4280 plevit
404 4224 420 4271 ;
450 4207 622 4262 servis
639 4206 831 4260 occisis
858 4205 993 4258 alios
1020 4216 1205 4258 servos
1233 4201 1375 4257 misit
1409 4215 1425 4253 :
1454 4198 1535 4252 his
1563 4199 1816 4253 interem-

220 4303 352 4370 ptis,
387 4299 585 4355 Filiuut
626 4298 799 4362 misit,
830 4312 938 4367 quo
985 4284 1289 4357 interfecto,
1326 4300 1480 4345 vocat
1500 4305 1595 4346 eos
1625 4289 1691 4342 ad
1721 4306 1817 4344 nu-

220 4397 377 4463 ptias,
402 4403 459 4447 et
481 4392 663 4447 venire
690 4392 996 4446 uoluerunt.
1020 4389 1211 4444 Postea
1234 4388 1395 4442 mittit
1422 4386 1559 4443 alios
1583 4399 1769 4439 servos
1800 4399 1813 4433 :

221 4486 291 4539 illi
325 4501 458 4539 vero
487 4484 587 4537 hos
616 4483 776 4539 etiam
806 4482 1136 4538 occiderunt.
1166 4480 1422 4549 Tuncque
1451 4476 1667 4533 demum
1698 4474 1819 4527 illas

226 4578 475 4634 interﬁcit
517 4596 530 4633 :
566 4586 750 4647 utpote
793 4577 881 4647 qui
926 4574 1205 4629 ineurabili
1258 4572 1447 4627 morbo
1491 4571 1815 4625 laborarent.

225 4670 375 4737 Quod
433 4669 576 4723 enim
622 4668 948 4723 incttrabiles
989 4676 1207 4730 essent,
1264 4681 1369 4718 nou
1416 4664 1592 4732 priora
1646 4661 1817 4716 solum

223 4777 367 4835 gesta
421 4764 759 4833 probabant;
790 4762 884 4816 SCII
915 4761 1055 4830 quod
1097 4762 1259 4815 etiam
1307 4755 1676 4813 meretricibus
1721 4771 1818 4824 pu-

232 4857 564 4926 lilii-anisque
586 4856 953 4915 credentibus,
983 4854 1055 4906 illi
1086 4853 1208 4906 talia
1243 4848 1619 4920 porpetrarint.
1644 4846 1822 4917 itaque

226 4970 254 5002 ιι
281 4967 330 5006 ιιι
373 4950 443 5004 ob
482 4964 577 5003 sua
622 4960 770 5019 gesta
815 4956 870 5001 ct
919 4947 1122 5001 scelera
1157 4954 1365 4998 tantum
1396 4984 1409 5005 ,
1443 4939 1536 4995 sed
1561 4942 1723 4994 etiam
1752 4938 1823 4990 ob

226 5046 451 5097 aliorum
476 5042 615 5095 bona
637 5056 798 5110 opera
830 5038 1171 5093 damnantur.
1228 5036 1283 5091 Si
1316 5033 1579 5103 quispiam
1602 5029 1819 5092 dixerit,

229 5155 329 5191 non
359 5145 489 5190 tunc
517 5144 734 5189 vocatos
759 5149 823 5187 ex
853 5132 1102 5203 gentibus
1124 5130 1312 5192 fuisse,
1336 5143 1456 5182 cum
1480 5124 1709 5195 apostoli
1738 5122 1826 5177 ila-

227 5227 403 5292 gellati
452 5234 506 5280 et
562 5224 841 5278 innumera
901 5222 1143 5290 perpessi
1202 5228 1349 5281 sunt,
1382 5216 1476 5272 sed
1501 5216 1681 5269 statim
1707 5220 1820 5281 post

232 5317 677 5373 resurrectionem
733 5322 883 5385 (tunc
922 5313 1066 5367 enim
1117 5309 1396 5379 discipulis
1437 5307 1592 5371 dixit,
1624 5304 1819 5359 Euntcs

231 5409 400 5463 docete
421 5424 595 5461 omnes
619 5417 789 5478 genta
814 5402 1032 5475 [Mattio
1062 5402 1152 5457 28.
1184 5402 1299 5475 l9],
1338 5398 1786 5469 respondebimus
1810 5434 1825 5459 ,

236 5499 522 5572 discipulos
539 5507 593 5551 et
621 5506 745 5551 ante
774 5510 989 5549 crucem
1020 5504 1075 5550 ct
1105 5504 1223 5564 post
1244 5507 1461 5547 crucem
1493 5489 1696 5544 .ludaris
1720 5486 1831 5558 pri-

303 5694 315 5717 '
345 5692 401 5741 ιιι
414 5692 571 5745 ttorel.
601 5692 705 5742 inec
728 5692 801 5739 sic
825 5691 1018 5739 inversa
1040 5697 1167 5747 sunt,
1183 5691 1268 5739 sed
1287 5696 1462 5752 quanto
1481 5686 1641 5752 magis
1664 5685 1739 5738 illi
1760 5686 1812 5739 in

246 5754 562 5809 tlurutuunur.
586 5762 714 5803 (utth
740 5754 972 5812 majorem
998 5752 1077 5801 ille
1102 5750 1381 5815 patimliam
1404 5750 1674 5801 eahibebut.

308 5822 322 5847 ¹
351 5819 402 5864 lu
428 5818 586 5863 umet.
617 5815 818 5874 legitur,
843 5826 1004 5871 σίνος,
1034 5828 1138 5873 pro.
1165 5814 1375 5873 nuptias.

306 5880 323 5912 ³
350 5880 509 5941 Aliqui
541 5886 591 5926 et
615 5877 777 5924 Morel.
806 5877 1005 5935 addunt,
1032 5884 1075 5923 rt
1107 5884 1202 5924 nco
1226 5888 1315 5924 nou
1342 5876 1645 5937 placuerunt.

1186 418 1251 473 IN
1290 413 1701 472 MATTIULDM
1742 412 1987 466 tlUlllll..
2020 409 2207 465 LXIX.
2248 413 2319 464 al.
2364 409 2524 465 LXX.

3407 399 3513 457 65)

1924 538 2067 587 mum
2100 524 2347 594 loqnutos
2392 524 2575 581 fuisse.
2627 522 2760 579 Nam
2807 531 2931 576 ante
2956 533 3172 575 crucem
3198 519 3269 571 ait
3300 515 3407 571 illis
3435 514 3519 570 1r-

1920 627 2014 668 sus
2046 631 2060 667 :
2092 612 2177 669 Ite
2199 615 2269 667 ad
2296 632 2411 669 ores
2436 630 2551 685 qua:
2574 614 2831 685 perierunt
2856 612 3042 667 domus
3074 608 3241 665 Israel
3264 624 3284 663 .'
3315 620 3368 665 et
3401 618 3521 681 pth!

1914 720 2131 759 crucem
2167 722 2271 761 nou
2305 707 2493 774 vetuit,
2531 708 2641 762 itno
2684 706 2849 766 etiam
2893 703 3154 781 praecepit
3180 712 3239 757 ιιι
3270 701 3392 757 illos
3418 699 3519 755 du-

1913 811 2101 860 cerent
2146 800 2409 870 Quamvis
2435 799 2582 857 enim
2609 799 2866 865 dixisset,
2890 797 3081 851 Docele
3104 815 3283 853 omnes
3317 806 3518 869 gentes:

1914 901 2099 948 tamen
2134 904 2468 947 ascensurus
2491 890 2545 945 in
2575 889 2827 961 emlum',
2853 888 3159 944 declaravit
3179 889 3358 957 primo
3379 904 3523 959 pra»

1914 984 2209 1041 dicandum
2232 982 2439 1038 Iudaeis
2471 997 2628 1045 esse;
2658 981 2736 1039 ait
2761 980 2934 1052 enim,
2959 979 3246 1050 Accipietis
3269 981 3524 1037 uirtutem

1914 1077 2326 1147 superuenientis
2351 1074 2587 1145 Spiritus
2608 1075 2784 1137 sancti
2814 1075 2868 1128 in
2894 1091 3003 1141 eos,
3028 1086 3077 1129 et
3114 1073 3262 1131 eritis
3285 1075 3415 1128 uti/ti
3438 1084 3520 1128 tc-

1914 1181 2017 1228 stes
2042 1173 2095 1229 in
2120 1169 2426 1226 Jerusalem
2457 1182 2507 1230 et
2535 1173 2591 1227 in
2612 1172 2759 1225 omni
2781 1169 2996 1227 Iudaea.
3022 1180 3077 1225 et
3111 1186 3275 1239 usque
3295 1169 3364 1225 ad
3389 1169 3520 1223 ulti-

1914 1273 2230 1320 munitet-rw
2243 1263 2383 1321 (Act.
2404 1263 2455 1319 Ι.
2474 1260 2844 1333 8);etPaulus
2867 1276 3115 1316 rursum:
3140 1260 3248 1326 Qui
3271 1270 3520 1328 operatus

1916 1358 1991 1404 est
2024 1348 2181 1405 Petro
2209 1351 2264 1405 in
2291 1350 2635 1423 apostolatnm
2659 1348 3084 1416 circumcisionis,
3112 1355 3355 1419 operatus
3374 1356 3448 1403 est
3474 1357 3524 1400 et

1919 1441 2045 1497 mihi
2065 1441 2197 1496 inter
2218 1452 2390 1511 gentes
2417 1440 2562 1513 (Gal.
2604 1440 2661 1500 2.
2694 1438 2771 1513 8).
2797 1440 2874 1513 (tt)
2892 1439 3184 1511 Propterea
3212 1448 3269 1497 et
3293 1441 3521 1511 apostoli

1917 1531 2119 1588 Judteis
2138 1533 2312 1602 primo
2339 1534 2785 1603 pnedicaverunt,
2803 1542 2857 1588 et
2879 1542 3161 1603 postquam
3190 1532 3362 1602 multo
3388 1541 3524 1597 tctu-

1920 1638 2049 1692 pore
2065 1623 2421 1697 Jerosolyma:
2449 1624 2795 1693 mansissent,
2820 1622 3017 1685 deinde
3040 1622 3109 1687 ab
3134 1624 3239 1685 illis
3263 1622 3527 1706 pulsi,sic

1920 1715 2153 1785 dispersi
2180 1724 2308 1772 sunt
2336 1716 2476 1787 apud
2506 1725 2718 1788 gentes.

1989 1826 2044 1883 Ξ.
2077 1825 2156 1882 Tu
2186 1841 2319 1883 vero
2362 1826 2450 1883 hic
2489 1826 2775 1884 considera
2822 1826 3253 1887 muniﬁcentiam
3290 1827 3525 1885 Domini.

1922 1917 2179 1989 Quotquot
2222 1919 2483 1978 invenietis
2506 1958 2523 1983 ,
2571 1919 2779 1990 inquit,
2828 1928 3002 1975 vocate
3035 1918 3105 1972 ad
3134 1919 3359 1989 nuptias.
3392 1918 3527 1975 Nam

1918 2018 2097 2075 antea,
2128 2019 2186 2064 ut
2211 2009 2319 2065 dixi
2338 2052 2352 2076 ,
2384 2018 2440 2065 et
2466 2010 2669 2066 Judwis
2694 2019 2750 2067 et
2773 2010 3024 2083 gentibus
3049 2010 3435 2082 praedicabant,
3471 2021 3528 2067 ιιι

1918 2102 2207 2174 plurimum
2239 2104 2292 2159 itt
2330 2104 2513 2160 .lnd.ea
2539 2106 2996 2176 versanteszquia
3026 2120 3157 2165 vero
3179 2103 3351 2162 Judaei
3400 2107 3528 2174 ipsis

1922 2196 2236 2251 insidiantes
2284 2198 2730 2267 perseverabant,
2772 2198 2896 2253 audi
2945 2198 3205 2261 Paulum,
3249 2200 3338 2267 qui
3391 2197 3527 2251 bam:

1923 2289 2225 2357 parabolam
2256 2292 2487 2361 explicat
2507 2300 2563 2347 et
2584 2290 2748 2345 dicit:
2773 2289 2924 2350 Vobis
2948 2301 3057 2345 erat
3082 2307 3283 2345 necesse
3309 2291 3528 2358 primum

1920 2381 2058 2451 loqui
2079 2382 2283 2441 verbum
2307 2382 2435 2448 Dei;
2465 2384 2554 2437 sed
2580 2383 2700 2455 quia
2726 2398 2813 2437 eos
2835 2381 3381 2454 indignosjudicastis,
3415 2398 3531 2435 crte

1919 2478 2259 2530 conrcrtt'mttr
2286 2487 2354 2530 ad
2395 2487 2567 2549 gentes
2608 2478 2744 2546 (Act.
2790 2478 2876 2534 15.
2909 2476 3024 2549 ιϐ).
3059 2477 3351 2547 Pmpteren
3382 2478 3526 2531 cuitu

1922 2566 2035 2635 ipse
2064 2568 2253 2623 ait:8.
2285 2566 2502 2639 Nuptiis
2542 2568 2745 2640 quidem
2785 2578 2982 2639 parum
3027 2576 3174 2635 sunt,
3218 2568 3383 2624 vocati
3414 2582 3550 2623 vero

1920 2656 2064 2728 digni
2107 2675 2210 2712 non
2256 2670 2417 2714 erant.
2470 2660 2526 2715 ld
2569 2675 2699 2716 vero
2730 2661 2823 2717 ille
2850 2670 3009 2716 antea
3039 2661 3297 2729 sciebat,
3336 2660 3432 2716 sed
3474 2670 3533 2716 ut

1922 2748 2121 2819 nullam
2152 2750 2284 2819 ipsis
2324 2750 2654 2821 relinqueret
2686 2751 3013 2821 impudentis
3040 2751 3529 2827 excusationisau-

1922 2851 2059 2906 sam,
2089 2840 2213 2897 licet
2239 2840 2290 2895 ld
2319 2842 2503 2909 sciret,
2531 2842 2598 2897 ad
2632 2842 2752 2898 illos
2778 2842 2995 2915 primos
3011 2852 3066 2898 et
3096 2842 3244 2900 venit
3268 2852 3326 2899 et
3349 2843 3529 2912 misit,

1922 2931 2027 2986 illis
2053 2947 2146 2986 ora
2177 2933 2466 2989 obstructis
2491 2977 2507 3002 ,
2538 2950 2745 3006 nosque
2773 2936 3062 2992 instituens
3080 2977 3095 3001 ,
3127 2947 3185 2991 ut
3213 2951 3334 3009 qua:
3361 2951 3533 3007 penes

1922 3038 2019 3077 nos
2044 3034 2167 3079 sunt
2191 3027 2370 3079 omnia
2412 3026 2751 3097 impleamus,
2782 3027 2884 3083 etsi
2914 3043 3074 3083 nemo
3103 3028 3375 3101 quidpiam
3406 3028 3531 3085 inde

1921 3112 2051 3169 lucri
2084 3126 2401 3187 accepturus
2441 3129 2606 3177 esset.
2653 3120 2789 3187 Quia
2835 3135 2965 3191 ergo
3011 3119 3172 3193 Digni
3212 3138 3313 3174 non
3362 3134 3527 3184 erant,

1921 3208 2135 3280 inquit:
2165 3210 2221 3266 9.
2274 3208 2354 3265 Ite
2389 3212 2463 3265 ad
2502 3212 2686 3279 triuia,
2730 3220 2779 3267 et
2816 3228 3158 3284 quoscumque
3198 3215 3488 3269 inveneritis
3512 3256 3528 3280 ,

1921 3302 2305 3356 εοεαιεξειίιιιιι
2339 3302 2471 3358 viles
2497 3313 2550 3358 et
2579 3303 2842 3374 abjectos.
2866 3306 2999 3371 Quia
3026 3304 3174 3362 enim
3206 3320 3349 3374 saepe
3378 3306 3527 3360 dice-

1922 3394 2044 3459 bat,
2105 3393 2413 3451 Meretriees
2463 3404 2520 3451 et
2574 3396 2845 3466 publicani
2901 3398 3092 3451 cxclum
3153 3396 3535 3455 hereditabunt

1926 3485 2139 3553 (Matth.
2168 3485 2261 3542 21.
2298 3487 2425 3559 51);
2468 3498 2554 3554 et,
2585 3488 2757 3544 Erunt
2785 3489 3046 3545 novissimi
3084 3490 3265 3560 primi,
3303 3501 3349 3546 et
3380 3491 3534 3561 primi

1923 3582 2177 3665 novissimi
2204 3581 2420 3653 (Matth.
2468 3583 2559 3639 19.
2588 3583 2683 3657 50)
2703 3601 2717 3638 :
2737 3582 2978 3639 ostendit
3002 3584 3122 3640 hmc
3146 3584 3228 3639 sic
3247 3583 3391 3655 justo
3417 3584 3531 3640 dis-

1925 3678 2161 3743 pensari:
2178 3676 2320 3745 quod
2349 3675 2685 3745 potissimum
2710 3675 2927 3732 Judteos
2950 3676 3255 3743 mordebat,
3279 3685 3337 3733 et
3359 3678 3531 3732 multo

1924 3772 2092 3841 magis
2119 3785 2279 3839 quam
2309 3769 2457 3825 urbis
2483 3770 2755 3826 excidium
2785 3769 3092 3840 affligebat,
3120 3770 3265 3842 quod
3302 3770 3537 3826 viderint

1918 3866 2148 3934 gentiles
2173 3864 2228 3920 in
2269 3852 2392 3928 sua,
2427 3862 2543 3919 imo
2574 3860 2628 3916 in
2658 3861 2774 3917 suis
2812 3859 3410 3915 multo'nxcellentiora
3438 3859 3529 3913 in-

1915 3958 2152 4016 trodtzci.
2215 3956 2423 4013 Deinde
2476 3971 2543 4011 ne
2596 3955 2653 4009 bi
2706 3955 2760 4009 in
2818 3955 2938 4010 sola
2985 3954 3093 4010 ille
3138 3968 3292 4024 spem
3354 3954 3527 4009 babe-

1916 4058 2078 4113 rent,
2115 4048 2183 4102 de
2209 4048 2422 4116 judicio
2451 4055 2509 4102 et
2548 4060 2710 4114 poena
2758 4060 3059 4116 pravorum
3100 4059 3330 4114 operum
3374 4044 3525 4101 edis—

1920 4145 2093 4204 serit,
2143 4142 2513 4211 hortaturque
2560 4138 2806 4194 nondum
2866 4137 3158 4194 credentes
3201 4137 3269 4193 ad
3316 4139 3529 4209 ample-

1913 4233 2161 4289 ctendam
2194 4232 2355 4287 ﬁdem
2380 4274 2397 4297 ,
2436 4230 2723 4286 credentes
2748 4241 2878 4284 vero
2902 4227 2969 4281 ad
2998 4227 3163 4280 vitam
3191 4231 3339 4279 recte
3365 4224 3523 4277 inSti-

1916 4326 2188 4381 tuendam.
2216 4323 2587 4378 lntluntcutum
2615 4320 2759 4377 enim
2786 4328 2913 4374 sunt
2938 4318 3045 4371 vita
3074 4325 3129 4371 et
3152 4330 3336 4386 opera.
3362 4314 3543 4383 Atqui.

1918 4418 2125 4472 iocatio
2155 4416 2342 4485 gratiae
2370 4423 2521 4479 erat;
2570 4428 2669 4467 cur
2712 4426 2843 4482 ergo
2873 4418 2980 4464 tam
3010 4417 3263 4463 accurate
3294 4406 3529 4476 loquitur

1919 4522 1972 4567 et
1995 4512 2240 4564 hortatur
2256 4508 2280 4561 τ
2296 4507 2429 4573 Quia
2454 4505 2664 4560 vocatio
2684 4503 2900 4573 quidem
2920 4512 2972 4556 et
2997 4500 3244 4571 purgatio
3263 4514 3332 4553 ex
3355 4500 3526 4567 gratia

1920 4614 2075 4665 sunt;
2103 4612 2355 4656 vocatum
2385 4609 2564 4653 autem
2593 4606 2649 4654 et
2679 4596 2826 4667 puris
2857 4593 3106 4649 indutum
3137 4590 3379 4646 vestibus
3407 4606 3527 4643 ma-

1922 4710 2070 4755 ttet'c,
2096 4704 2152 4747 ct
2179 4692 2296 4746 lucc
2324 4706 2563 4756 servare,
2595 4688 2645 4743 id
2673 4704 2741 4744 ex
2776 4699 3089 4741 vocatorum
3117 4697 3245 4737 cura
3268 4692 3325 4739 et
3350 4682 3547 4737 studio.-

1922 4786 2298 4858 proﬁciscitur.
2336 4784 2599 4837 \‘ocamur
2628 4789 2810 4835 autem
2852 4793 2959 4833 non
2987 4793 3053 4832 ex
3084 4776 3314 4841 merito,
3341 4774 3437 4830 sed
3465 4792 3532 4830 ex

1924 4880 2108 4950 gratia.
2140 4877 2436 4948 Oportebat
2477 4878 2637 4947 igitur
2664 4874 2852 4947 gratiae
2881 4873 3054 4927 vicem
3094 4869 3395 4941 rependere
3438 4884 3537 4939 per

1927 4974 2309 5035 obedientiam,
2336 4986 2441 5025 non
2470 4985 2564 5039 per
2590 4976 2790 5021 tantam
2816 4978 2935 5036 post
2960 4964 3223 5019 honorem
3252 4971 3537 5033 acceptum

1931 5064 2240 5134 nequitiam.
2272 5062 2375 5116 Sed
2406 5077 2510 5115 non
2558 5068 2635 5114 tot
2676 5057 2860 5127 accepi
2898 5056 3039 5111 bona
3062 5098 3079 5123 ,
3122 5054 3367 5127 inquies,
3407 5063 3542 5125 quot

1932 5158 2119 5211 .lida-i.
2172 5155 2283 5209 lnto
2315 5154 2482 5207 multo
2512 5153 2716 5220 majora
2762 5149 3017 5221 accepisti
3058 5149 3220 5205 bona.
3257 5146 3390 5204 Nam
3418 5163 3540 5217 qu:e

1935 5260 2080 5304 tanto
2112 5246 2354 5318 tempore
2403 5245 2535 5316 ipsis
2565 5244 2966 5317 apparabantur
2988 5284 3005 5310 ,
3052 5252 3106 5296 ιιι
3137 5240 3425 5297 confertim
3454 5257 3541 5292 ae-

1935 5344 2145 5413 cepisti,
2176 5343 2299 5397 licet
2324 5340 2517 5412 dignus
2544 5354 2651 5395 non
2676 5352 2847 5394 esses.
2873 5337 2997 5392 Ideo
3013 5336 3213 5391 Paulus
3235 5337 3341 5390 ait:
3361 5334 3546 5388 Gentes

1935 5446 2100 5489 autem
2131 5450 2223 5505 pro
2249 5432 2596 5488 misericordia
2621 5429 2913 5503 gloriﬁcare
2941 5428 3107 5483 Deum
3134 5426 3312 5501 (Rom.
3341 5428 3429 5483 i5.
3461 5426 3541 5494 tl).

1940 5530 2069 5583 Nam
2100 5542 2221 5597 qua:
2261 5525 2368 5581 illis
2396 5524 2731 5580 debebantur
2751 5564 2765 5590 ,
2812 5531 2870 5578 tu
2898 5521 3176 5591 accepisti.
3209 5521 3549 5591 Quapropter

2008 5686 2019 5716 ι
2048 5680 2149 5731 Alii
2178 5694 2189 5726 :
2217 5678 2543 5748 Nequetunc
2566 5674 2767 5748 dixit,_t
2806 5678 2974 5727 Docele
2988 5688 3161 5748 omnes
3198 5680 3382 5748 gentes,
3412 5688 3428 5719 ι
3457 5674 3543 5721 scrt

1940 5756 2233 5797 ascensurus
2257 5739 2527 5800 in'ctzlum,
2552 5745 2675 5799 etc.;
2701 5739 2869 5789 minus
2892 5744 3056 5796 recte,
3082 5746 3136 5787 ut
3162 5739 3385 5788 videtur.

2006 5807 2077 5865 (α)
2091 5797 2819 5870 Quapsequunturnumeruml
2838 5800 3142 5870 claudentia2
3156 5801 3361 5870 deerant
3383 5802 3431 5845 in
3444 5797 3547 5870 Mq-

1945 5862 2068 5929 rcl.,‘
2085 5862 2176 5931 per
2196 5862 2790 5926 honitroteleuton,etex
2813 5862 3172 5926 manuscriptis
3196 5862 3387 5923 adjecta
3410 5864 3529 5910 sunt
