4074 6428
603 397 670 446 tL';
682 397 696 448 l

602 526 785 578 magna
816 504 1193 577 negligentibus
1236 504 1473 571 innuiuet
1502 517 1672 572 poma.
1701 499 2152 569 Quemadmodum

602 600 743 652 enim
772 598 866 662 illi,
894 594 1032 664 quod
1061 610 1164 647 non
1189 595 1457 658 venerim,
1487 593 1801 647 contumelia
1831 591 2115 645 aﬂ'ecerunt
2139 606 2155 644 :

601 690 680 745 sic
704 697 758 742 ct
776 696 849 749 ιιι,
872 687 993 758 quia
1013 685 1080 740 ad
1100 694 1402 754 corruptam
1423 684 1580 739 vitam
1605 684 1681 738 sic
1702 682 1995 737 deelinasti.
2024 680 2154 734 Nam

600 778 826 834 sordidis
868 776 1105 831 vestibus
1149 776 1377 837 intrare,
1420 774 1471 829 id
1514 783 1614 838 est,
1656 787 1777 828 cum
1822 772 2022 840 impura
2053 770 2155 823 vita

600 872 720 927 inde
760 870 1064 932 discedere;
1113 868 1334 937 ideoque
1368 866 1695 921 obmutuisse
1731 865 1941 919 dicitur.
1979 862 2141 917 Viden

599 961 861 1033 quomodo
889 961 1010 1015 licet
1041 975 1126 1014 res
1153 960 1231 1015 sic
1271 956 1547 1012 manifesta
1573 957 1680 1020 sit,
1727 970 1831 1009 non
1862 956 2005 1023 prius
2028 969 2153 1022 sup-

601 1052 750 1117 plicia
778 1050 985 1112 inferat,
1014 1064 1168 1118 quam
1198 1048 1309 1117 ipse
1338 1056 1580 1124 peccator
1602 1045 1916 1101 sententiam
1946 1042 2159 1097 tulerit?

581 1141 729 1208 'Quia
750 1143 889 1196 enim
912 1140 1043 1193 nihil
1065 1138 1384 1207 respondere
1403 1146 1626 1206 poterat,
1649 1134 1988 1203 semetipsum
2009 1133 2157 1186 dam-

603 1232 779 1292 nabat,
807 1240 858 1286 et
881 1230 947 1283 ad
972 1230 1208 1297 ingentes
1228 1228 1426 1296 rapitur
1447 1242 1647 1295 pmnas.
1678 1224 1754 1279 Ne
1778 1234 1931 1293 putes
1957 1232 2152 1285 autem,

599 1337 717 1375 eum
749 1318 992 1374 tenebras
1018 1320 1189 1383 audis,
1217 1318 1315 1371 hoc
1341 1317 1483 1370 illum
1513 1316 1769 1385 supplicio
1793 1314 1987 1384 puniri,
2014 1311 2155 1380 quod

602 1420 649 1467 in
680 1415 962 1469 obscurum
990 1412 1160 1465 locum
1178 1409 1421 1464 trudatur
1442 1407 1803 1468 solummodo;
1830 1404 1922 1459 sed
1952 1403 2037 1457 ubi
2068 1404 2153 1458 l3.

605 1505 805 1567 Fletus,
848 1512 895 1557 et
918 1501 1104 1556 stridor
1128 1500 1376 1563 dentiant,
1406 1497 1548 1568 quod
1574 1495 1930 1551 intolerabiles
1952 1494 2156 1562 signiti-

598 1606 681 1649 rat
709 1593 943 1649 dolores.
970 1591 1165 1646 'Audite
1204 1600 1456 1660 qumquot
1486 1587 1853 1659 mysteriorum
1883 1592 2157 1639 consortes

599 1686 748 1750 estis,
789 1693 843 1738 et
869 1682 935 1735 ad
961 1682 1167 1750 nuptias
1190 1678 1485 1735 advetttatis
1509 1718 1523 1739 ,
1554 1673 2157 1744 sordidisqueoperibus

598 1774 825 1826 animam
857 1770 1089 1825 induitis.
1133 1768 1321 1823 Audite
1356 1766 1492 1820 unde
1521 1766 1687 1819 vocati
1719 1765 1852 1818 sitis.
1879 1761 1953 1816 Ex
1982 1760 2151 1815 trivio.

599 1864 821 1928 Quinam
849 1861 1053 1917 eratis?
1095 1858 1277 1913 Claudi
1318 1867 1372 1911 et
1414 1856 1539 1911 ett-ei
1581 1856 1783 1918 animo,
1833 1851 1970 1921 quod
2000 1851 2157 1919 longe

597 1953 805 2017 gravius
831 1960 913 2005 est
954 1950 1193 2018 corporis
1237 1948 1490 2002 caecitate.
1534 1942 1892 1999 llevereamiui
1924 1939 2157 1993 vocantis

600 2041 994 2110 benignitatem,
1026 2052 1287 2107 nemoque
1311 2037 1380 2090 sit
1407 2034 1633 2089 sordidis
1660 2032 1870 2086 indutus
1902 2029 2153 2093 vestibus,

598 2132 689 2184 sed
716 2132 937 2201 quisque
963 2139 1201 2183 nostrum
1228 2127 1415 2181 animae
1444 2126 1691 2179 amictum
1719 2130 2019 2191 componat.
2047 2120 2157 2174 Au-

598 2224 740 2288 dite,
784 2222 1063 2285 mulieres,
1104 2220 1313 2282 audite,
1360 2218 1477 2270 viri.
1520 2216 1631 2269 Non
1664 2214 1745 2267 his
1767 2213 2001 2267 vestibus
2024 2224 2158 2279 opus

599 2314 805 2367 habetis
828 2328 961 2367 auro
991 2312 1237 2375 intextis,
1263 2324 1379 2378 qua:
1406 2308 1664 2363 exteriora
1695 2315 1902 2370 nostra,
1933 2302 2026 2357 sed
2055 2302 2158 2356 illis

594 2416 713 2471 quae
743 2401 993 2455 interiora
1021 2407 1231 2453 ornant.
1264 2398 1440 2450 Donec
1470 2394 1585 2449 illas
1612 2394 1918 2456 retinemus,
1948 2392 2046 2446 bas
2076 2392 2157 2443 itt-

593 2496 758 2548 duere
785 2492 999 2548 difficile
1033 2500 1132 2545 est.
1182 2489 1295 2542 Non
1341 2499 1619 2556 possumus
1660 2484 1887 2539 animam
1919 2484 2078 2537 simul
2105 2490 2161 2539 et

594 2600 786 2653 corpus
812 2597 1021 2638 ornare.
1053 2581 1166 2635 Non
1210 2593 1488 2648 possumus
1514 2586 1685 2642 certe,
1735 2591 1837 2629 nou
1881 2590 2159 2643 possumus

598 2690 857 2729 mamonae
878 2673 1081 2728 servire
1104 2682 1158 2726 et
1180 2668 1391 2724 Christo
1419 2668 1634 2722 obedire
1662 2676 1717 2719 ut
1747 2681 1839 2735 par
1864 2674 2024 2720 esset.
2056 2665 2157 2717 De-

599 2779 852 2833 pouamus
878 2778 1007 2832 ergo
1034 2760 1170 2815 battc
1198 2772 1407 2829 gravem
1438 2756 1784 2829 tyrannidem.
1814 2754 1993 2824 Neque
2016 2754 2156 2807 enim

595 2857 635 2907 si
660 2856 776 2924 quis
800 2846 1014 2908 dtintum
1042 2851 1300 2921 tapetibus
1324 2848 1501 2901 aureis
1523 2855 1755 2907 ornaret,
1783 2855 1937 2913 teque
1958 2845 2155 2897 nudum

594 2960 715 2997 eum
760 2943 948 3012 pannis
994 2940 1179 2994 laceris
1224 2938 1410 2993 sedere
1449 2936 1685 3005 juberet,
1724 2932 1775 2988 id
1802 2948 1955 3003 atquo
1978 2933 2156 2986 animo

596 3036 781 3088 ferres.
830 3036 898 3086 At
940 3046 1079 3085 nunc
1118 3031 1230 3098 ipse
1270 3028 1362 3082 tibi
1406 3027 1543 3081 banc
1570 3026 1809 3094 injuriam
1841 3024 2001 3087 facis,
2033 3038 2153 3078 cum

594 3128 810 3179 dotnum
835 3124 1025 3178 anima:
1052 3131 1151 3176 tua-
1170 3161 1183 3183 .
1214 3134 1405 3189 corpus
1430 3120 1648 3181 scilicet,
1679 3116 1970 3171 innumeris
1996 3128 2155 3168 ornas

595 3215 804 3276 aulzeis,
841 3214 983 3267 illam
1011 3226 1138 3266 vero
1174 3224 1460 3279 pannosam
1495 3209 1682 3263 sedere
1708 3205 1858 3259 sinis.
1891 3207 1971 3259 An
2003 3204 2154 3273 igno-

597 3323 702 3371 nis,
742 3320 917 3374 regem
959 3305 1123 3373 magis
1151 3318 1307 3371 quam
1350 3301 1614 3355 civitatem
1654 3297 1827 3351 ornari
1860 3295 2156 3380 ‘oporterc‘l

596 3398 822 3465 Ideoque
869 3396 1065 3448 civitati
1109 3396 1222 3449 vela
1264 3409 1328 3447 ex
1371 3393 1481 3447 lino
1512 3400 1794 3460 parantur,
1828 3389 1935 3459 regi
1979 3397 2153 3441 autem

596 3503 821 3557 purpura
864 3497 933 3541 et;
955 3486 1193 3540 diadema
1220 3484 1430 3537 dantur.
1475 3482 1561 3537 Sic
1599 3492 1655 3536 et
1682 3490 1735 3533 tu
1772 3493 1965 3547 corpus
2002 3479 2155 3547 longe

594 3580 775 3632 viliore
802 3576 956 3630 indue
981 3578 1174 3628 amictu
1206 3576 1301 3643 (τι),
1329 3575 1518 3626 animae
1551 3586 1675 3625 vero
1700 3584 1929 3640 purpura
1956 3567 2152 3622 indutas

589 3683 838 3723 coronam
870 3668 1113 3733 impone,
1158 3674 1212 3718 et
1252 3664 1304 3718 in
1349 3663 1556 3717 sublimi
1587 3660 1720 3715 solio
1744 3660 2027 3714 constitue.
2071 3656 2151 3712 Τιι

595 3774 722 3813 vero
763 3758 1084 3810 contrarium
1116 3755 1242 3808 facis
1261 3795 1275 3817 ,
1303 3754 1427 3807 dum
1460 3754 1640 3805 urbem
1672 3750 1811 3803 varie
1842 3764 2029 3812 ornas,
2060 3765 2149 3802 rc-

590 3865 705 3911 tzem
736 3863 861 3900 vero
884 3887 899 3907 ,
941 3848 1053 3900 sive
1082 3854 1312 3899 mentem
1337 3885 1349 3907 ,
1382 3844 1511 3897 sinis
1537 3844 1727 3896 victum
1756 3840 1891 3895 trahi
1916 3856 1944 3893 a
1977 3841 2151 3909 pravis

587 3941 879 3994 affectibus.
908 3938 1021 3992 Non
1049 3939 1269 4007 cogitas,
1317 3926 1368 3991 te
1404 3936 1468 3988 atl
1513 3936 1717 4003 nuptias
1742 3945 1796 3988 et
1823 3934 1911 3987 Dei
1940 3933 2151 4001 nuptias

591 4042 831 4083 vocattun
862 4032 1017 4082 esse?
1068 4046 1171 4081 non
1201 4026 1401 4096 cogitas
1429 4042 1535 4093 quo
1565 4034 1714 4093 pacto
1756 4024 1805 4077 in
1838 4023 1935 4076 hos
1977 4022 2148 4075 thala-

590 4136 703 4172 mos
728 4130 970 4173 vocatam
998 4119 1226 4171 animam
1254 4118 1450 4169 intrare
1478 4122 1738 4182 oporteat,
1770 4114 1960 4167 vestitu
1982 4112 2148 4167 deau-

591 4218 705 4262 rato
732 4208 1133 4266 circumdatam,
1162 4209 1410 4259 varietate
1430 4204 1702 4257 ornatam?

660 4300 713 4352 5.
749 4298 837 4352 Vis
866 4296 1140 4351 ostendam
1172 4295 1262 4348 tibi
1297 4294 1384 4362 qui
1413 4294 1518 4347 sint
1558 4309 1682 4345 vere
1718 4293 1787 4345 ita
1816 4292 2031 4346 amicti?
2058 4292 2145 4359 qui

586 4388 731 4441 veste
758 4388 977 4455 nuptiali
1008 4385 1324 4439 induantur?
1362 4384 1662 4438 Recordare
1699 4394 1999 4438 sanctorum
2026 4384 2145 4437 illo-

586 4493 699 4528 rnm
720 4515 736 4541 ,
766 4476 833 4529 de
858 4474 1048 4543 quibus
1079 4490 1243 4540 nuper
1269 4473 1373 4526 dixi
1401 4513 1414 4536 ,
1441 4474 1528 4541 qui
1555 4473 1727 4526 cilicio
1755 4472 2061 4533 induuntur,
2094 4481 2147 4525 et

582 4570 791 4622 deserta
836 4567 1089 4621 incolunt.
1139 4566 1197 4618 lli
1246 4566 1478 4617 maxime
1516 4576 1711 4616 vestem
1741 4562 2027 4629 nuptialem
2053 4561 2148 4613 ha-

584 4662 817 4713 bent:et
847 4657 971 4711 hinc
1009 4656 1260 4725 liquidum
1308 4664 1406 4716 est,
1447 4654 1585 4721 quod
1630 4654 1672 4706 si
1715 4652 1817 4705 illis
1858 4667 2143 4721 purpuram

585 4748 776 4802 olleras
797 4788 812 4811 ,
854 4748 1091 4815 accipere
1116 4746 1319 4798 nolint:
1344 4745 1438 4797 sed
1468 4744 1907 4813 quemadmodum
1938 4761 2028 4798 rex
2058 4745 2142 4798 in-

586 4839 833 4891 dumenta
865 4838 1106 4906 pauperis
1147 4836 1320 4889 oblata
1346 4875 1359 4899 ,
1406 4836 1483 4889 sic
1513 4836 1585 4888 illi
1614 4836 1809 4904 regiam
1856 4852 2140 4905 purpuram

583 4937 910 4998 respuerent.
942 4928 1048 4982 Nec
1080 4928 1176 4980 alia
1208 4927 1273 4979 de
1300 4943 1452 4979 causa
1482 4926 1571 4979 illo
1600 4938 1717 4978 sunt
1747 4926 1952 4986 all'ecttt,
1983 4944 2139 4995 quam

580 5022 720 5090 quod
754 5020 1192 5088 pulclu‘itudiueut
1224 5020 1381 5070 vestis
1411 5033 1519 5070 sua:
1564 5018 1823 5069 noverint.
1860 5018 1981 5071 Ideo
2011 5035 2137 5085 pur-

581 5126 794 5179 puream
824 5111 962 5163 illam
993 5120 1189 5162 vestem
1220 5116 1273 5159 ut
1298 5121 1504 5159 aranea:
1531 5107 1683 5157 telam
1714 5118 1986 5174 respuunt.
2018 5108 2139 5160 Haec

579 5202 719 5253 enim
752 5202 866 5253 illos
894 5200 1121 5253 cilicium
1149 5198 1327 5250 docuit
1353 5214 1365 5249 :
1390 5210 1509 5248 nam
1537 5207 1657 5248 sunt
1685 5196 1797 5264 ipso
1826 5213 1946 5264 rege
1973 5198 2136 5249 subli-

578 5294 773 5345 miorcs
813 5303 868 5347 et
908 5290 1310 5359 Splendidiores.
1343 5290 1419 5341 Ac
1443 5288 1485 5340 si
1516 5287 1907 5355 posscsjanuas
1947 5291 2138 5342 mentis

577 5382 802 5435 eorutn‘
834 5382 1060 5448 aperire,
1109 5381 1446 5447 ipsorumque
1484 5378 1708 5431 animam
1760 5378 1958 5439 videre,
2008 5379 2138 5430 intc-

578 5478 873 5541 t‘iorcmquc
916 5482 1156 5525 ornatum
1202 5488 1449 5535 omnem,
1497 5471 1546 5523 in
1601 5480 1787 5523 terram
1830 5470 2132 5530 dccideres,

637 5635 651 5663 ²
682 5630 862 5689 δια-81η
886 5628 1048 5691 templi
1070 5642 1249 5685 eorum,
1276 5628 1415 5674 male.

634 5716 704 5769 (ut
729 5716 826 5821 ubi,
851 5721 971 5760 Sicut
994 5715 1036 5759 in
1059 5710 1218 5759 multis
1244 5710 1343 5755 aliis
1369 5710 1507 5768 hujus
1530 5708 1735 5757 liottttli'r
1762 5707 1893 5765 locis,
1920 5706 2043 5755 male
2061 5706 2131 5755 le-

634 5785 642 5821 ι
668 5783 791 5821 Mure
817 5809 827 5819 .

573 5790 601 5834 κ
627 5784 642 5824 ι
668 5783 827 5823 Morel.

1322 391 1379 444 S.
1418 388 1689 446 JUANNIS
1710 386 2177 444 CllllYSOSTODII
2220 384 2528 442 ARClllEl’.
2567 384 3092 443 CUNSTANTINOP.

3722 390 3828 448 632

2260 513 2380 553 cum
2413 514 2515 554 non
2564 498 2731 553 ferres
2763 509 2919 553 tantm
2956 498 3357 568 pulchritudinis
3384 502 3745 572 splendorem,
3770 515 3826 561 et

2262 595 2481 645 testium
2501 591 2776 660 fulgorem.
2798 606 3001 645 necnon
3020 590 3193 661 fulgur
3206 594 3545 648 conscientia:
3564 595 3824 666 ipsorum.

2259 678 2543 735 Possemus
2566 680 2805 749 exempla
2822 680 3063 751 proferre
3080 692 3315 736 veterum
3338 698 3648 752 magnorum
3669 695 3828 754 atque

2260 769 2576 824 mirabilium
2603 770 2901 836 hominum;
2924 770 3017 824 sed
3037 771 3157 841 quia
3182 771 3419 826 rudiores
3439 773 3679 841 exempla
3709 790 3830 843 quze

2258 860 2356 913 sub
2386 860 2570 915 Oculos
2592 860 2785 915 cadunt
2804 860 2970 929 magis
2989 860 3277 925 concitant,
3300 860 3419 916 ideo
3441 876 3535 916 vos
3555 863 3621 916 ad
3646 863 3831 918 taber-

2260 950 2445 1004 nacula
2488 961 2789 1005 sanctorum
2835 950 3055 1005 istorum
3098 952 3269 1006 mitto.
3313 951 3454 1006 Nihil
3494 954 3640 1007 enim
3678 955 3831 1008 triste

2261 1044 2487 1108 habent;
2514 1044 2608 1100 sed
2636 1054 2814 1113 utpote
2843 1045 2933 1114 qui
2961 1046 3011 1098 in
3038 1045 3186 1099 caelis
3212 1046 3415 1117 tuguria
3440 1061 3535 1101 sua
3564 1046 3831 1103 fundave-

2259 1136 2384 1200 rint,
2415 1136 2491 1189 sic
2516 1136 2696 1203 procul
2725 1152 2791 1190 ex
2818 1134 2974 1205 hujus
2998 1136 3120 1190 vitae
3149 1137 3375 1191 miseriis
3402 1136 3660 1201 habitant,
3693 1137 3836 1192 mili-

2262 1237 2430 1280 tantes
2453 1236 2636 1281 contra
2662 1226 2951 1292 diabolum,
2977 1234 3033 1281 et
3059 1226 3208 1294 quasi
3235 1227 3457 1282 choreas
3484 1240 3726 1298 agentes,
3754 1230 3833 1283 sic

2261 1317 2452 1372 bellum
2478 1326 2670 1387 gerunt
2707 1317 2963 1372 adversus
2989 1332 3133 1372 eum.
3169 1316 3292 1373 Ideo
3320 1322 3644 1374 constructis
3678 1330 3833 1389 tugu-

2259 1410 2351 1463 riis
2374 1449 2389 1472 ,
2418 1409 2575 1464 urbes
2594 1449 2610 1473 ,
2644 1406 2816 1463 forum
2840 1450 2857 1475 ,
2882 1409 3071 1463 domos
3100 1408 3323 1478 fugiunt.
3351 1410 3482 1465 Nam
3511 1411 3599 1480 qui
3627 1411 3830 1465 bellum

2259 1500 2416 1567 gerit,
2462 1513 2564 1552 non
2592 1498 2749 1553 debet
2774 1499 2918 1553 domi
2946 1498 3165 1564 sedere;
3197 1499 3289 1554 sed
3316 1512 3557 1569 prompte
3585 1510 3832 1570 paratum

2258 1588 2580 1641 domicilium
2609 1587 2798 1641 habeat
2824 1596 3069 1656 oportet,
3099 1596 3154 1641 ut
3183 1589 3273 1657 qui
3301 1589 3409 1644 cito
3440 1589 3700 1659 prolicisci
3731 1591 3832 1644 de-

2262 1677 2400 1731 beat.
2430 1676 2587 1731 Tales
2615 1686 2739 1731 sunt
2764 1676 2839 1730 illi
2864 1691 3071 1741 omnes,
3104 1686 3288 1732 contra
3310 1694 3465 1749 quam
3495 1694 3593 1735 nos
3618 1693 3829 1734 sumus.

2258 1768 2364 1823 Nos
2390 1769 2583 1837 quippe
2626 1783 2729 1822 non
2769 1776 2827 1821 ut
2867 1768 2918 1823 in
2966 1768 3240 1834 exercitu,
3290 1769 3383 1823 sed
3422 1770 3574 1839 quasi
3616 1771 3669 1824 in
3700 1786 3834 1838 pace

2260 1860 2463 1913 fruente
2488 1858 2620 1913 urbe
2639 1858 2882 1911 vivimus.
2915 1858 3044 1923 Quis
3067 1859 3207 1913 enim
3235 1873 3483 1927 umquam
3511 1859 3563 1913 in
3589 1861 3830 1914 exercitu

2259 1946 2598 2003 fundamenta
2643 1948 2769 2017 jacit
2792 1988 2808 2013 ,
2842 1957 2895 2001 et
2920 1947 3134 2001 donnun
3163 1948 3417 2002 construit
3436 1988 3453 2016 ,
3484 1964 3642 2017 quam
3669 1951 3833 2017 paulo

2258 2047 2378 2107 post
2417 2038 2700 2094 relicturus
2744 2039 2864 2093 est?
2906 2038 3073 2094 Nemo
3118 2038 3398 2093 sane:scd
3442 2050 3494 2094 et
3537 2040 3582 2094 si
3626 2040 3830 2111 quisid

2260 2129 2576 2191 tentaverit,
2623 2141 2679 2184 ut
2726 2129 2962 2199 proditor
2999 2128 3275 2185 occiditur.
3317 2129 3445 2198 Quis
3486 2130 3539 2185 in
3589 2134 3830 2185 exercitu

2260 2229 2417 2275 terra:
2444 2220 2624 2290 jugera
2656 2220 2820 2286 emit,
2868 2231 2917 2275 et
2970 2220 3351 2290 negotiationes
3377 2221 3632 2290 apparat?
3656 2221 3831 2275 Nemo

2258 2321 2403 2366 certe
2422 2352 2437 2377 ,
2481 2323 2534 2365 et
2565 2311 2686 2380 jure
2725 2311 2960 2381 quidem.
3006 2309 3137 2364 Nam
3164 2308 3232 2366 ad
3258 2309 3560 2365 bellandum
3590 2311 3785 2365 venisti

2262 2417 2363 2454 non
2393 2401 2458 2456 ad
2486 2402 2878 2471 negotiandum.
2900 2400 3035 2469 Quid
3061 2401 3223 2471 igitur
3241 2399 3449 2455 laboras
3467 2401 3605 2456 circa
3627 2402 3827 2468 locum,

2260 2506 2414 2560 quem
2444 2492 2601 2561 paulo
2632 2500 2749 2560 post
2790 2491 3069 2545 relicturus
3110 2490 3208 2545 es?
3244 2490 3373 2545 Cutn
3405 2492 3456 2544 in
3485 2492 3707 2561 patriam
3737 2507 3827 2546 ve-

2261 2582 2494 2636 nerimus
2523 2582 2572 2635 id
2600 2582 2789 2645 facito;
2818 2597 2936 2637 cum
2979 2583 3029 2635 in
3057 2597 3337 2651 supernam
3368 2583 3635 2637 civitatem
3663 2583 3829 2639 adve-

2260 2671 2514 2736 nerimus,
2543 2671 2624 2725 his
2650 2671 2843 2727 fruere.
2873 2672 2997 2726 Haec
3029 2672 3119 2726 tibi
3148 2687 3287 2726 nunc
3310 2672 3461 2733 dico;
3493 2689 3613 2728 eum
3638 2690 3828 2742 super-

2260 2775 2379 2814 nam
2421 2760 2808 2827 possessionem
2856 2761 2994 2815 nacti
3040 2761 3327 2825 fuerimus,
3372 2772 3498 2817 tunc
3538 2762 3589 2817 id
3632 2762 3827 2825 facito;

2260 2850 2365 2902 imo
2392 2849 2517 2903 nihil
2548 2850 2638 2904 tibi
2670 2852 2775 2905 illic
2802 2850 2980 2907 labore
3008 2867 3139 2922 Opus
3166 2854 3269 2907 erit
3292 2871 3304 2906 :
3336 2854 3445 2909 Ile:
3478 2856 3619 2909 enim
3647 2858 3829 2911 omnia

2259 2941 2364 2994 illic
2404 2950 2675 3011 cperatur.
2731 2941 2825 2995 llic
2874 2942 3027 2996 nobis
3070 2943 3198 2997 satis
3248 2955 3327 2997 est
3378 2944 3570 2999 fossam
3615 2963 3828 3015 parare,

2257 3030 2450 3082 vallum
2478 3031 2668 3099 figere:
2694 3030 2895 3085 :edilicii
2930 3032 3067 3085 nulla
3099 3032 3385 3087 necessitas
3414 3045 3516 3088 est.

2333 3119 2761 3175 Hamaxobiorum
2780 3132 2828 3175 et
2851 3120 3142 3175 Nomadum
3169 3123 3286 3175 vita.
3326 3122 3439 3176 Vita
3468 3127 3831 3180 monac/torum

2256 3229 2406 3281 quam
2432 3221 2623 3267 sancta.
2651 3242 2721 3252 —
2744 3212 2880 3267 Audi
2910 3228 3151 3280 quamam
3179 3214 3249 3267 sit
3278 3213 3721 3271 llamaxobiorum
3751 3221 3831 3288 (η)

2255 3300 2569 3371 Scytharum
2608 3300 2733 3364 vita,
2758 3302 2897 3369 quod
2924 3301 3216 3355 Nomadum
3247 3303 3541 3358 institutum
3567 3305 3708 3359 vine.
3738 3309 3831 3362 Sic

2256 3402 2523 3462 oporteret
2552 3392 2878 3445 Christianos
2904 3392 3079 3447 vivere
3102 3434 3118 3459 ,
3148 3408 3241 3462 per
3278 3394 3463 3449 orbem
3504 3397 3785 3451 circumire
3812 3442 3826 3463 ,

2256 3492 2437 3535 contra
2464 3481 2733 3535 diabolum
2768 3491 3079 3552 pugnantes,
3114 3484 3349 3552 captivos
3376 3484 3441 3538 ab
3469 3485 3558 3539 illo
3581 3487 3831 3545 dett-mos

2256 3576 2560 3636 liberantes,
2606 3574 2801 3627 relictis
2840 3574 3085 3629 omnibus
3129 3575 3468 3630 saecularibus
3510 3577 3686 3632 rebus.
3722 3582 3831 3634 Cur

2254 3669 2466 3721 domum
2496 3681 2719 3734 apparas
2743 3708 2758 3731 ,
2799 3682 2831 3716 o
2860 3666 3058 3720 homo?
3082 3682 3148 3721 an
3175 3676 3231 3721 ut
3262 3667 3484 3737 teipsum
3516 3670 3681 3738 magis
3708 3672 3828 3725 vin-

2252 3759 2395 3811 eias?
2421 3757 2527 3810 Cur
2554 3758 2859 3811 thesaurum
2889 3757 3093 3811 defodis
3116 3800 3132 3822 ,
3177 3768 3231 3812 et
3258 3758 3529 3814 inimicum
3563 3776 3742 3816 contra
3773 3774 3827 3819 te

2253 3847 2478 3901 incitas?
2504 3862 2598 3900 cur
2624 3862 2751 3900 muri
2775 3862 2801 3900 s
2832 3846 3061 3901 nidificas
3084 3890 3097 3910 ,
3126 3856 3180 3901 et
3206 3848 3295 3902 tibi
3329 3865 3595 3905 carcerem
3627 3868 3779 3919 paras
3802 3854 3826 3907 ?

2252 3936 2401 4003 Quod
2432 3938 2474 3991 si
2504 3936 2616 3989 lucc
2648 3937 2735 3989 tibi
2764 3936 2998 3989 difficilia
3028 3952 3147 3991 esse
3175 3939 3468 4006 vidcantur,
3515 3941 3579 3995 ad
3612 3944 3823 3998 illorum

2256 4029 2596 4083 tabernacula
2627 4043 2905 4097 pergamus
2929 4070 2943 4095 ,
2988 4039 3043 4082 ut
3085 4046 3148 4083 ex
3180 4046 3342 4099 opere
3364 4073 3376 4094 ,
3413 4032 3822 4091 reiéfacilitatem

2251 4120 2567 4173 ediscamus.
2591 4117 2720 4172 Nam
2749 4133 2867 4171 cum
2898 4119 3100 4187 tuguria
3130 4120 3200 4173 illi
3224 4122 3587 4188 excitaverint,
3616 4126 3661 4180 si
3686 4141 3823 4195 opus

2248 4209 2317 4261 sit
2334 4208 2473 4261 illinc
2491 4207 2781 4270 discedere,
2797 4207 2873 4261 sic
2887 4208 3173 4267 abscedunt
3194 4220 3241 4263 ut
3263 4212 3455 4267 milites
3471 4214 3558 4283 qui
3579 4222 3822 4285 tempore

2253 4298 2393 4365 pacis
2418 4298 2711 4351 exercitum
2739 4299 3057 4367 relinquunt.
3091 4299 3218 4353 Nam
3248 4300 3299 4353 hi
3324 4303 3567 4358 similiter
3593 4308 3818 4361 tentoria

2252 4389 2446 4455 liguut.
2475 4386 2566 4440 sed
2596 4386 2750 4456 longe
2778 4390 3009 4442 suavius.
3042 4389 3171 4443 Nam
3205 4391 3356 4460 longe
3380 4395 3594 4448 suavius
3616 4408 3700 4457 est
3727 4413 3820 4451 sn-

2250 4476 2524 4530 litudinem
2571 4478 2750 4532 videre
2800 4477 3097 4546 frequentes
3143 4482 3439 4535 monachos
3489 4462 3769 4540 habentem
3796 4528 3815 4555 ,

2224 4581 2404 4635 quam
2445 4567 2638 4620 milites
2686 4566 2736 4619 itt
2781 4568 3013 4620 exercitu
3060 4570 3170 4622 vela
3214 4572 3514 4637 tendentes,
3553 4584 3604 4627 et
3637 4575 3817 4630 hastas

2250 4653 2501 4724 ligentes,
2530 4667 2584 4709 et
2606 4671 2635 4708 τι
2666 4656 2884 4723 cuspide
2929 4656 3191 4711 hastarum
3220 4674 3406 4715 crocea
3436 4664 3586 4729 pallia
3612 4663 3816 4732 depen-

2247 4744 2473 4809 dentes;
2533 4746 2805 4799 hominum
2861 4748 3251 4803 multitudinem
3304 4753 3465 4803 a'neis
3510 4753 3814 4821 capitibus,

2248 4836 2504 4890 uutboncs
2546 4837 2852 4906 clypeorum
2900 4837 3158 4906 fulgorem
3205 4839 3427 4892 multum
3474 4844 3812 4911 emittentt-a,

2249 4928 2421 4981 loricis
2454 4928 2664 4979 imlulos
2692 4927 2883 4981 ferreis
2904 4970 2920 4993 ,
2954 4930 3159 4997 regiam
3197 4941 3437 4999 prompte
3466 4946 3722 5000 paratam.
3754 4937 3808 4989 il-

2249 5019 2430 5086 losque
2457 5034 2642 5071 omnes
2672 5020 2987 5086 prandctttes
3032 5031 3085 5073 et
3127 5021 3248 5073 tibia
3291 5021 3551 5077 ludentes.
3584 5024 3699 5079 Non
3746 5030 3813 5079 ita

2241 5112 2527 5180 jucundum
2559 5111 2656 5164 hoc
2688 5111 2948 5165 theatrum
2996 5122 3077 5165 est
3097 5150 3112 5176 ,
3142 5129 3295 5180 quam
3329 5113 3428 5167 hoc
3450 5114 3517 5168 de
3544 5131 3650 5183 quo
3676 5133 3813 5173 nunc

2246 5204 2447 5270 loquor.
2480 5202 2608 5255 Nam
2634 5203 2675 5255 si
2701 5204 2749 5256 in
2777 5203 3112 5257 solitudinem
3138 5205 3406 5269 abeamus,
3436 5206 3814 5277 videamusque

2245 5294 2469 5345 militum
2495 5293 2690 5346 Christi
2721 5294 3054 5347 tabernacula
3081 5334 3097 5357 ,
3139 5310 3243 5347 non
3272 5295 3383 5347 vela
3418 5306 3639 5350 extensa
3671 5299 3811 5353 vide-

2244 5384 2433 5448 bimus,
2481 5400 2583 5437 non
2632 5384 2899 5437 hastarum
2943 5384 3207 5452 cnspides,
3252 5399 3355 5437 non
3404 5386 3584 5453 peplos
3624 5404 3815 5442 aureos

2243 5473 2439 5524 tholum
2489 5476 2685 5539 regium
2732 5473 3053 5539 allicientes,
3102 5474 3194 5527 sed
3240 5490 3301 5527 ac
3342 5475 3387 5528 si
3429 5478 3547 5543 quis
3588 5477 3637 5527 itt
3673 5486 3811 5531 terra

2304 5586 2372 5643 (τι)
2403 5586 2801 5653 l)e_ll:ttn:i_xobiis‘
2823 5587 3028 5653 Scythis,
3054 5588 3136 5646 qui
3171 5588 3219 5635 in
3243 5587 3469 5649 plaustris
3487 5588 3637 5636 vitam
3658 5589 3811 5653 dege-

2239 5647 2369 5701 bant,
2398 5646 2531 5693 multi
2558 5650 2824 5707 scripsere.
2851 5650 3072 5693 Horatius
3097 5662 3107 5695 :

2455 5720 2655 5761 (murum
2684 5708 2894 5765 plaustra
2919 5722 3058 5763 mons
3082 5707 3171 5756 rite
3196 5707 3386 5755 trahunt
3410 5710 3573 5757 domos

2247 5768 2317 5815 De
2346 5772 2625 5816 .\()lll’.ttllL‘t:S
2648 5774 2751 5817 site
2776 5772 3015 5831 pecuariis
3040 5771 3215 5830 passim
3236 5770 3519 5817 ltet'txlotus.
