4074 6426
268 404 376 456 (-53

268 522 443 574 multo
465 518 564 569 hac
586 512 779 568 latiore
797 521 849 563 et
868 508 1126 562 immensa
1149 501 1346 555 multos
1361 496 1672 551 extenderet
1686 492 1867 551 czelos,

272 622 471 662 norum
500 615 662 673 atque
689 598 931 654 mirabile
958 596 1227 650 theatrum
1257 589 1585 648 ostenderet,
1616 584 1684 637 ita
1712 590 1768 635 et
1797 582 1866 634 ibi

273 699 460 753 viatere.
505 672 588 750 est
613 711 625 745 :
653 688 954 746 habitacula
997 686 1195 755 quippe
1236 681 1447 734 illorum
1491 678 1624 729 οτι-10
1656 689 1761 727 ηιιη
1790 672 1871 722 in-

270 791 467 844 feriora
502 780 811 839 aestimanda
844 784 971 833 sunt
995 795 1008 831 :
1034 790 1153 827 nam
1179 770 1351 841 angeli
1375 768 1439 823 ad
1463 782 1556 823 eos
1576 766 1867 825 divortunt,

272 883 378 933 imo
406 881 524 946 ipse,
549 873 860 943 angelorum
890 868 1165 923 Dominus.
1193 862 1325 918 Nam
1351 861 1394 913 si
1418 859 1481 911 ad
1511 856 1868 912 Ahrahamum

272 978 573 1029 Vt'IICIIllll,
621 965 711 1033 qui
756 974 977 1015 uxorem
1028 954 1257 1009 habebat
1298 962 1354 1007 et
1396 950 1534 1003 filios
1561 946 1868 1007 nutriebat,

272 1065 393 1130 quia
438 1054 757 1126 hospitalem
804 1052 951 1115 illum
981 1047 1230 1101 viderunt
1253 1061 1267 1098 :
1290 1056 1412 1096 cum
1439 1040 1689 1092 virtutem
1716 1036 1871 1103 longe

274 1128 533 1219 majorem
582 1145 894 1206 inveniunt,
939 1151 993 1197 et
1038 1138 1307 1192 hominem
1356 1148 1386 1187 ιι
1428 1145 1655 1198 corpore
1680 1128 1872 1182 libera-

273 1253 384 1298 tum
412 1284 426 1300 .
461 1250 624 1308 atque
653 1239 705 1291 in
736 1250 897 1289 carne
922 1244 1137 1286 carnem
1167 1225 1577 1296 despicientem,
1606 1219 1776 1273 multo
1804 1219 1867 1269 Ιι-

275 1334 496 1389 hentius
527 1331 595 1383 ibi
628 1336 931 1388 versantur,
957 1333 1007 1377 et
1032 1323 1284 1375 cliuream
1308 1324 1470 1386 agunt
1496 1313 1623 1383 ipsis
1644 1325 1869 1365 consen-

275 1437 510 1478 taneam.
541 1422 718 1481 Mensa
747 1418 944 1485 quippe
970 1413 1109 1483 apud
1140 1413 1257 1465 illos
1284 1409 1428 1463 omni
1460 1410 1585 1460 luxu
1613 1404 1870 1458 immunis

273 1528 349 1570 cst
375 1555 391 1579 ,
438 1514 633 1569 munda
665 1522 719 1566 et
759 1509 1093 1579 philosophia
1124 1505 1300 1574 plena.
1330 1501 1446 1556 Non
1473 1497 1745 1568 sanguinis
1770 1496 1869 1549 rivi

273 1606 414 1672 apud
449 1607 592 1668 illus,
627 1619 795 1669 neque.
824 1601 1071 1653 dissecuit
1097 1610 1309 1654 carnes.
1340 1608 1444 1647 non
1469 1589 1657 1658 capitis
1680 1602 1869 1655 grave-

282 1697 450 1759 iines,
475 1709 585 1753 non
605 1691 967 1749 condimenta,
992 1703 1099 1740 non
1118 1685 1273 1739 nidor
1291 1685 1545 1744 insuavis,
1567 1697 1671 1734 non
1695 1679 1871 1734 fumus

272 1792 547 1857 ingratus,
595 1799 700 1838 non
746 1796 972 1841 cursus.
1022 1778 1313 1839 tumultus,
1362 1774 1553 1839 tut-lim,
1605 1772 1869 1825 clamores

272 1879 527 1935 onerosi:
575 1877 669 1933 sed
712 1874 861 1944 panis
888 1884 941 1925 et
968 1885 1136 1940 aqua;
1169 1870 1283 1923 limo
1321 1882 1386 1922 ex
1429 1864 1575 1936 puris
1603 1860 1868 1929 (nutibus,

274 1972 363 2025 ille
409 1986 473 2023 ex
517 1968 677 2037 justis
726 1965 1015 2019 laboribus.
1066 1960 1218 2026 Quod
1269 1958 1313 2012 si
1365 1957 1559 2009 lautius
1603 1951 1871 2008 voluerint

272 2062 483 2131 cpulari
506 2102 522 2124 ,
566 2059 740 2112 baccae
788 2056 1045 2110 lautitiam
1091 2051 1311 2119 implent
1343 2066 1356 2101 :
1385 2056 1438 2100 et
1480 2045 1649 2111 major
1677 2042 1761 2097 hic
1788 2050 1870 2099 est

272 2155 543 2221 \‘ulttplﬂs,
568 2165 728 2219 quam
757 2148 810 2201 in
838 2148 997 2215 regiis
1026 2144 1246 2197 mensis.
1278 2141 1461 2194 Nullus
1493 2138 1579 2191 hic
1602 2138 1760 2191 timur
1780 2143 1870 2187 aut

274 2256 482 2299 tremor
514 2260 527 2293 :
559 2257 661 2293 non
710 2240 1050 2307 magistratus
1081 2246 1327 2295 accusat,
1359 2247 1462 2285 non
1497 2245 1631 2283 uitur
1659 2228 1827 2281 irritat
1852 2268 1869 2301 η

274 2353 380 2389 non
417 2335 556 2388 titius
585 2334 636 2385 in
667 2346 951 2385 llta‘l'tll'elll
978 2328 1210 2394 coniicit.
1244 2343 1347 2379 non
1380 2326 1520 2377 risus
1554 2322 1749 2376 nimius
1778 2334 1869 2372 re-

272 2428 431 2479 solvit
454 2467 468 2485 .
502 2438 606 2477 non
640 2422 972 2476 adulatorum
1024 2432 1278 2472 numerus
1308 2416 1492 2479 inﬂat;
1526 2413 1617 2465 scd
1646 2411 1867 2481 angelu-

274 2534 394 2572 rum
440 2526 526 2571 est
570 2529 750 2567 mensa
775 2554 788 2573 ,
837 2512 983 2564 omni
1016 2510 1176 2566 simili
1210 2508 1439 2561 tumultu
1472 2520 1657 2558 vacua.
1690 2503 1869 2565 Strato

276 2610 424 2663 [cum
449 2609 516 2658 ad
536 2604 952 2660 recumbendnm
972 2610 1212 2659 utuntur,
1234 2598 1372 2660 quod
1392 2610 1442 2651 ct
1462 2596 1702 2651 Christus
1723 2594 1866 2658 t‘ecit,

274 2718 399 2752 cum
448 2698 729 2766 prandium
775 2696 826 2749 itt
868 2694 1086 2748 deserto
1129 2691 1294 2755 dedit.
1345 2688 1490 2741 Multi
1530 2704 1656 2741 vero
1699 2699 1871 2753 neque

273 2805 378 2842 sun
406 2799 549 2843 tecto
578 2787 626 2839 id
661 2787 893 2847 faciunt,
921 2783 1013 2837 sed
1043 2798 1139 2852 pro
1170 2792 1311 2836 tecto
1335 2781 1527 2835 cii-lum
1557 2779 1751 2831 habent
1772 2817 1788 2841 ,
1817 2788 1869 2830 ct

277 2884 459 2937 lunam
489 2896 588 2950 pro
632 2880 863 2932 lucerna:
901 2878 1125 2939 lumine,
1168 2891 1287 2943 quae
1317 2890 1414 2925 nec
1440 2873 1562 2925 oleo
1592 2879 1730 2940 eget,
1771 2884 1872 2926 nec

275 2974 525 3027 ministro
560 2992 570 3021 :
607 2971 711 3024 illis
756 2980 907 3023 certe
950 2967 1081 3021 solis
1128 2965 1392 3035 condigne
1440 2964 1559 3021 lutta
1608 2962 1873 3016 ministrat

276 3067 473 3119 litt-em.

348 3158 402 3211 4.
446 3156 592 3209 lianc
634 3154 806 3227 angeli
838 3168 1076 3208 mensam
1116 3168 1181 3207 ex
1211 3150 1344 3205 cado
1386 3158 1692 3216 speetautcs
1727 3163 1861 3217 gau-

275 3251 403 3305 dent
431 3259 476 3302 ct
512 3249 774 3301 l:rtantur.
807 3245 935 3301 Nam
969 3245 1012 3298 si
1042 3244 1110 3297 de
1141 3259 1246 3296 uno
1288 3252 1567 3310 peccatore
1611 3242 1873 3299 pannicu-

280 3340 407 3393 tiaut
440 3349 632 3408 agente
660 3336 892 3408 gaudent
918 3334 1069 3403 (Luc.
1116 3334 1199 3387 15.
1222 3334 1311 3399 7),
1343 3331 1412 3385 de
1444 3340 1516 3383 tut
1536 3331 1697 3398 justis
1728 3329 1873 3396 ipsos

278 3430 617 3484 imitantibus
636 3427 761 3497 qttid
794 3442 898 3480 non
932 3426 1162 3479 facient?
1192 3422 1307 3477 Non
1339 3431 1421 3476 est
1448 3423 1517 3473 ilti
1543 3420 1793 3474 dontiutts
1821 3426 1874 3471 et

276 3539 467 3577 servus
497 3538 512 3575 :
543 3535 729 3573 omnes
756 3518 893 3570 servi
913 3559 924 3575 .
955 3531 1144 3568 ountes
1178 3514 1349 3568 liberi.
1396 3513 1506 3568 Nec
1545 3521 1699 3583 putes
1744 3512 1872 3565 mni—

276 3632 397 3683 gina
429 3627 550 3667 esse
575 3612 623 3664 id
660 3610 803 3679 quod
820 3610 1016 3663 dicitur
1050 3625 1065 3663 :
1099 3623 1221 3661 nam
1257 3611 1395 3659 set-vi
1423 3614 1607 3658 mutuo
1636 3608 1873 3659 alteral-

279 3707 482 3766 terins,
524 3714 572 3756 et
629 3702 828 3755 domini
873 3710 1060 3754 mutuo
1101 3709 1245 3753 sunt.
1296 3702 1593 3767 Appi-lente
1650 3711 1871 3764 Vespera

280 3810 439 3849 nemo
463 3802 688 3847 ntmstus
716 3801 833 3845 est:
866 3790 1008 3861 quod
1037 3791 1188 3843 multi
1238 3788 1511 3841 lmmiuntn
1562 3787 1833 3855 patiuntur
1855 3826 1869 3845 ,

280 3892 406 3951 dum
439 3887 753 3939 diurnorum
784 3885 1043 3938 malorum
1086 3880 1471 3935 sollicitudines
1504 3877 1877 3931 auitnoreVuI-

282 3988 432 4033 \‘ttlll.
459 3978 585 4031 Post
604 3992 810 4030 cmuam
838 3990 942 4027 non
975 3983 1099 4027 sunt
1132 3974 1271 4025 fures
1298 3970 1516 4048 tiuu'ndi
1535 4013 1550 4037 ,
1582 3986 1684 4023 non
1729 3970 1877 4023 clau-

280 4072 651 4137 dendajanua,
672 4086 779 4120 non
797 4066 1149 4138 imponendus
1169 4066 1364 4128 vectis,
1391 4081 1562 4133 nequc.
1594 4064 1679 4117 alii
1703 4073 1876 4117 metus

280 4164 495 4217 adsunt.
526 4161 614 4230 qui
644 4160 897 4227 plurimus
925 4161 1214 4224 exagitan',
1240 4157 1326 4225 qtti
1357 4166 1604 4209 accurate
1633 4156 1875 4208 lucernas

282 4253 705 4322 nstingutmt‘.
746 4266 811 4303 uc
862 4250 1088 4303 scintilla
1142 4249 1284 4302 a-iles
1337 4246 1605 4301 incendat.
1662 4246 1873 4305 Illorum

282 4346 547 4414 colloquia
575 4344 760 4397 eadem
788 4353 911 4396 Slllll
938 4330 1318 4410 tranquillitate
1347 4341 1498 4407 plena
1527 4357 1538 4391 :
1572 4354 1745 4419 neque
1782 4352 1874 4391 ea-

284 4440 431 4501 dem,
457 4451 579 4505 qum
630 4450 748 4496 nos,
787 4434 1097 4503 loquuntur,
1138 4450 1260 4502 qua:
1303 4432 1429 4485 nihil
1466 4431 1531 4484 ad
1571 4446 1670 4484 nos
1714 4431 1877 4507 perti-

286 4537 441 4581 neant
464 4543 476 4578 :
503 4528 593 4580 Ille
610 4525 893 4596 pra-rectm
914 4524 1081 4577 factus
1096 4536 1197 4591 est,
1222 4524 1310 4577 ille
1331 4523 1641 4593 prmfectnra
1660 4521 1875 4586 excidit;

288 4622 378 4673 ille
424 4628 665 4675 mortuus
698 4626 801 4677 est.
835 4627 882 4668 et
908 4617 1042 4669 alitis
1065 4616 1415 4674 hereditatem
1453 4616 1683 4684 excepit,
1722 4630 1879 4685 atque

287 4711 590 4777 tntjnsmodi
617 4710 752 4772 alia;
784 4709 875 4763 sed
911 4708 983 4762 illi
1027 4723 1241 4778 semper
1264 4708 1331 4759 de
1359 4707 1550 4770 futuris
1594 4708 1881 4790 loquuntur

290 4816 337 4854 ct
394 4802 877 4871 philosophantur;
904 4816 966 4853 ac
993 4801 1035 4853 si
1070 4801 1121 4853 iu
1161 4800 1267 4853 alio
1300 4799 1599 4859 habitarent
1624 4801 1785 4863 orbe,
1818 4815 1881 4853 ac

288 4896 331 4947 si
367 4896 419 4946 in
446 4894 643 4953 cadum
672 4893 914 4947 translati
938 4900 1141 4954 essent,
1170 4907 1232 4945 ac
1259 4893 1302 4945 si
1334 4892 1399 4946 ibi
1432 4894 1592 4945 vitam
1637 4903 1877 4963 agerent,

287 4986 364 5037 sic
390 4985 456 5037 de
479 4971 784 5037 cmlestibus
810 4998 1022 5052 semper
1049 4983 1358 5052 loquuntur.
1387 4984 1454 5037 de
1485 4984 1604 5037 sinu
1629 4985 1879 5045 Abralne,

292 5077 357 5126 de
384 5075 973 5135 coronissauctorum,
1018 5074 1084 5127 de
1110 5073 1306 5129 Christi
1353 5076 1585 5139 chorea;
1632 5076 1699 5129 de
1744 5092 1882 5144 pra:-

292 5169 533 5221 seutibus
555 5167 694 5219 nulla
723 5169 952 5227 mentio;
986 5168 1082 5222 sed
1105 5169 1240 5223 sicut
1264 5169 1331 5222 de
1369 5170 1428 5220 iis
1454 5209 1468 5231 ,
1503 5186 1620 5238 qum
1649 5169 1883 5223 formicae

295 5261 344 5311 iit
391 5258 741 5311 foraminibus
769 5259 881 5311 suis
908 5269 1092 5329 agunt,
1139 5259 1279 5327 loqui
1308 5272 1411 5312 non
1453 5260 1735 5329 dignamur
1769 5280 1780 5311 τ
1810 5262 1885 5313 sie.

296 5370 466 5421 neque,
497 5354 568 5404 i“?
598 5351 664 5404 de
694 5352 851 5405 rebus
869 5354 1389 5421 nostrisluquuntur,
1420 5356 1510 5407 sed
1535 5354 1598 5405 de
1628 5354 1768 5423 Rege,
1800 5371 1888 5407 su-

296 5459 487 5512 perito,
518 5444 583 5496 de.
614 5442 755 5496 bello
783 5443 1053 5510 prmsenti,
1094 5443 1161 5497 de
1190 5443 1385 5497 diaboli
1413 5445 1884 5503 machinamentis,

293 5537 362 5590 de
392 5543 700 5590 sanctorum
735 5534 919 5603 gestis.
951 5535 1005 5587 Si
1035 5550 1154 5588 cum
1202 5535 1305 5589 illis
1333 5552 1728 5603 comparemur,
1762 5538 1887 5605 quid

296 5646 323 5681 a
354 5626 591 5682 formicis
632 5626 964 5680 differimus?
1005 5625 1144 5680 Nihil
1187 5637 1352 5681 certe.
1391 5627 1521 5682 Nam
1564 5635 1619 5681 ut
1656 5627 1891 5681 formica:

365 5851 377 5879 ι
408 5848 523 5907 Atil,
549 5846 639 5905 qui
655 5854 792 5898 caule
816 5844 1037 5897 lucernas
1060 5853 1265 5907 vertunt.

1236 384 1300 439 lN
1342 376 1747 437 llATTllEUM
1792 372 2017 429 ιιυιιιι.
2063 372 2251 430 LXIX.
2292 376 2365 429 al.
2408 368 2575 429 LXX.

1932 2402 1943 2431 ι

3482 367 3588 427 εει

1978 492 2274 559 corporalia
2306 504 2517 557 curant,
2547 493 2616 547 ita
2644 502 2697 546 et
2722 506 2850 551 nos;
2883 499 3043 560 atque
3070 488 3154 543 illa
3182 488 3358 545 solum
3382 488 3587 542 utinam

1977 599 2323 649 curaremus;
2366 595 2422 639 at
2450 594 2598 639 certe
2625 599 2764 638 nunc
2791 581 2961 638 multo
2993 582 3197 651 pejora.
3229 581 3413 652 Neque
3439 586 3585 635 enim

1978 680 2046 731 de
2079 679 2401 732 tiemsSariis
2430 675 2601 730 solum
2631 691 2756 729 cura
2800 685 2883 728 cst
2923 674 3109 735 nobis,
3136 674 3275 728 sicut
3314 673 3585 737 formicis,

1979 770 2072 820 sed
2100 770 2261 821 etiam
2289 769 2355 821 de
2383 767 2692 834 superfluus.
2726 767 2839 821 Ill:e
2885 781 3116 835 namque
3149 781 3370 821 cursum
3400 775 3590 821 tenent

1978 864 2123 914 onmi
2169 862 2393 915 crimine
2441 860 2713 914 liberum:
2761 875 2858 913 nos
2910 870 3090 913 autem
3130 873 3345 914 omnem
3385 857 3589 928 rapina:

1979 954 2219 1009 modum.
2260 952 2445 1023 Neque
2474 952 2726 1007 formicas
2761 951 3054 1014 imitamur,
3091 952 3184 1003 sed
3216 950 3371 1019 lupos
3394 960 3448 1005 et
3475 951 3583 1005 leo-

1982 1045 2177 1114 pardus
2215 1064 2225 1094 :
2259 1046 2366 1098 ituu
2410 1053 2464 1099 ct
2521 1044 2625 1106 illis
2674 1042 2888 1113 pejores
2934 1055 3141 1094 sumus.
3204 1040 3311 1094 Illis
3354 1056 3589 1110 namque

1979 1152 2101 1189 eum
2151 1134 2401 1190 ro-cendi
2432 1133 2650 1189 modum
2699 1143 2885 1187 natura
2929 1132 3110 1185 tribuit
3144 1149 3158 1184 :
3194 1146 3294 1186 nos
3322 1147 3454 1187 vero
3493 1148 3586 1187 ra-

1979 1230 2122 1282 tione.
2148 1236 2203 1284 et
2226 1229 2480 1297 :equitate
2504 1227 2716 1281 ornavit
2746 1226 2884 1279 Deus
2916 1225 2971 1288 ’ς
3003 1235 3051 1277 at
3086 1238 3185 1277 nos
3215 1222 3343 1278 feris
3377 1225 3588 1279 ratione

1977 1321 2244 1386 dedimus
2263 1320 2562 1374 deteriores
2590 1320 2860 1375 evasimus
2888 1317 2994 1371 :illi
3028 1332 3155 1371 vero
3180 1317 3385 1387 angelis
3403 1333 3584 1389 aequa-

1980 1414 2075 1474 ius,
2100 1414 2236 1467 sicut
2261 1412 2524 1483 peregrini
2544 1419 2601 1466 et
2624 1410 2846 1466 advena:
2866 1408 2952 1464 hic
2975 1420 3095 1463 sunt
3117 1426 3131 1469 ;
3155 1410 3207 1461 iu
3229 1410 3586 1480 omnibusque

1977 1514 2104 1559 sunt
2124 1506 2278 1559 nobis
2305 1503 2618 1569 dissimiles,
2636 1503 2688 1557 in
2714 1503 2976 1569 restibus,
2996 1503 3140 1567 cibo,
3161 1502 3342 1565 dumo,
3364 1503 3582 1567 calet-is,

1977 1611 2246 1649 sermane.
2279 1594 2335 1648 Si
2372 1595 2493 1664 quis
2529 1604 2583 1649 et
2629 1592 2750 1647 illos
2785 1601 2840 1647 et
2879 1607 2979 1647 nos
3021 1588 3303 1662 loquentes
3350 1592 3581 1657 audiret,

1978 1697 2105 1742 tunc
2139 1687 2297 1757 plane
2327 1696 2510 1741 nosset
2539 1684 2814 1755 quomodo
2854 1684 2928 1738 illi
2976 1684 3220 1739 cmlcstcs
3259 1684 3440 1747 cives,
3486 1699 3585 1738 nos

1949 1797 2045 1846 ,ne
2078 1791 2217 1835 terra
2246 1779 2463 1849 quidem
2508 1779 2655 1847 digni
2686 1778 2880 1832 simus.
2927 1775 3055 1844 Ideo
3104 1792 3227 1831 cum
3256 1776 3377 1847 quis
3411 1777 3586 1846 digni-

1981 1885 2088 1935 tate
2116 1874 2341 1940 insignis
2364 1874 2491 1927 illos
2520 1874 2651 1937 adit,
2698 1882 2823 1927 tunc
2846 1870 3079 1925 maxime
3100 1871 3268 1925 fastus
3298 1872 3477 1925 omnis
3499 1872 3588 1923 dc.-

1973 1970 2175 2036 jicitur.
2200 1967 2331 2023 Nam
2361 1966 2591 2036 agricola
2626 1966 2744 2029 ille,
2778 1964 3117 2019 saecularium
3147 1963 3386 2018 omnium
3416 1964 3584 2031 impe-

1978 2063 2131 2121 ritus,
2165 2075 2328 2128 prope.
2358 2052 2549 2113 duceni
2577 2057 2646 2111 de
2666 2058 2925 2125 dignitate
2951 2070 3044 2109 sua
3075 2056 3241 2109 altum
3278 2055 3577 2124 sapientem

1976 2157 2129 2206 sedet
2155 2169 2320 2221 super
2342 2160 2568 2205 stratum
2589 2150 2740 2215 fami,
2764 2165 2885 2203 cum
2915 2148 3134 2203 sordido
3157 2148 3438 2217 pulvinari.
3466 2146 3582 2202 Non

1979 2246 2120 2297 enim
2154 2246 2347 2297 adsunt
2379 2244 2446 2297 ibi
2490 2243 2578 2312 qui
2617 2243 2792 2312 ipsum
2820 2242 3081 2295 extollant
3121 2249 3171 2295 et
3220 2240 3441 2304 inflent;
3487 2238 3581 2293 sed

1978 2335 2205 2403 idipsum
2249 2334 2461 2399 accidit,
2512 2350 2574 2385 ae
2606 2334 2647 2386 si
2676 2334 2799 2402 quis
2833 2333 2897 2385 ad
2944 2330 3216 2385 aurificem
3249 2340 3304 2385 et
3343 2339 3582 2385 rosettun

1978 2431 2148 2480 veniat
2174 2444 2187 2489 ;
2220 2444 2341 2481 nam
2370 2436 2425 2481 et
2451 2429 2519 2479 ab
2554 2442 2685 2480 auro
2717 2436 2771 2481 et
2812 2441 2839 2478 a
2868 2425 3007 2479 rosis
3036 2423 3235 2493 aliquid
3279 2423 3585 2492 Splendoris

1976 2518 2169 2584 accipit
2196 2536 2207 2568 :
2250 2518 2320 2571 ita
2353 2527 2404 2570 et
2438 2512 2531 2578 illi,
2563 2534 2626 2569 ex
2660 2516 3045 2569 monachorum
3076 2515 3240 2568 radiis
3264 2513 3463 2584 aliquid
3506 2514 3587 2568 lu-

1975 2615 2054 2667 eri
2081 2611 2397 2675 referentes,
2418 2612 2690 2680 paululum
2714 2611 2839 2681 quid
2866 2628 2928 2665 ex
2949 2610 3253 2679 arrogantia
3286 2610 3584 2681 deponunt.

1978 2706 2054 2761 Ae
2100 2704 2550 2770 quemadmolum
2599 2705 2688 2771 qui
2742 2704 2792 2755 iu
2846 2703 3015 2756 altum
3071 2703 3317 2758 ascendit
3366 2702 3581 2766 locum,

1975 2798 2316 2867 quantumvis
2339 2806 2539 2849 statura
2575 2812 2769 2865 parvus
2788 2797 2877 2857 sit,
2909 2813 3166 2864 procerus
3193 2796 3405 2851 videtur
3430 2812 3582 2852 esse:

1976 2891 2055 2944 sic.
2074 2899 2121 2940 et
2154 2889 2257 2945 ἰκιί,
2284 2904 2403 2942 cum
2432 2888 2688 2941 sublimes
2713 2888 2924 2943 illorum
2947 2888 3157 2943 animos
3182 2887 3404 2952 adeunt,
3436 2888 3588 2943 simi-

1980 2982 2055 3037 lcs
2100 2980 2203 3035 illis
2240 2989 2497 3048 apparent
2541 2981 2796 3048 quannlitt
2831 2980 2899 3033 ilti
2937 2988 3153 3034 manent
3192 2998 3203 3033 :
3236 2996 3358 3034 cum
3404 2989 3584 3033 autem

1976 3072 2375 3137 descenderint,
2410 3087 2597 3125 rursus
2624 3072 2938 3125 humiliores
2973 3071 3245 3135 videntur,
3279 3072 3347 3125 ali
3371 3072 3466 3126 illa
3500 3072 3585 3125 al-

1980 3167 2205 3221 titudine
2228 3166 2443 3232 ilcjccti.
2467 3164 2607 3219 Nihil
2634 3164 2773 3232 apud
2807 3164 2926 3217 illus
2951 3174 3029 3217 est
3065 3180 3154 3217 rex
3178 3164 3356 3242 “nihil
3398 3162 3589 3232 [tme-

1977 3269 2093 3319 ctus
2127 3276 2139 3312 :
2168 3257 2262 3311 Sed
2303 3256 2755 3327 quemadmodum
2801 3272 2899 3309 nos
2926 3255 2994 3309 de.
3022 3256 3205 3326 pueris
3231 3255 3353 3309 illos
3378 3270 3583 3326 repraz-

1981 3348 2315 3404 sentantihus
2344 3348 2580 3401 ridemus
2612 3363 2625 3401 :
2658 3347 2736 3401 sic
2760 3356 2815 3401 et
2844 3348 2917 3400 illi
2952 3357 3217 3407 tumorem
3246 3362 3457 3410 eorum,
3496 3346 3587 3417 qui

1982 3444 2107 3495 furis
2137 3448 2337 3493 metunt
2362 3442 2441 3493 sui
2469 3442 2705 3493 incutere
2725 3448 2932 3502 curant,
2961 3448 3240 3507 respuunt.
3260 3438 3315 3494 Id
3355 3437 3478 3495 inde
3505 3454 3588 3508 pa-

1983 3535 2084 3587 lnut
2104 3544 2204 3597 est,
2236 3535 2377 3602 quod
2409 3535 2458 3587 si
2480 3535 2599 3601 quis
2623 3533 2750 3603 ipsis
2776 3548 3000 3603 regnum
3022 3542 3135 3585 ιιιιο
3159 3533 3486 3587 servandum
3502 3531 3586 3584 of-

1981 3629 2163 3692 ferret,
2189 3644 2480 3695 numquam
2510 3627 2584 3681 illi
2614 3628 2921 3695 acciperent
2940 3643 2954 3687 :
2975 3628 3280 3697 accipercnt
3304 3626 3461 3692 forte,
3485 3627 3586 3681 nisi

1981 3720 2137 3772 altius
2159 3726 2431 3787 saperent,
2466 3719 2565 3771 nisi
2593 3728 2993 3785 temporaneam
3026 3708 3141 3773 rcl'n
3172 3734 3293 3773 esse
3316 3726 3584 3787 putarent.

1980 3814 2086 3866 Cur
2108 3828 2234 3878 ergo
2276 3828 2379 3865 non
2426 3812 2835 3879 properabimus
2864 3812 2929 3865 ad
2978 3813 3121 3867 illaut
3170 3812 3583 3875 beatitudinem,

1982 3920 2086 3956 non
2117 3903 2214 3957 bus
2240 3903 2457 3970 angelus
2487 3902 2753 3955 adibimus
2775 3944 2787 3960 .
2819 3918 2923 3955 nun
2958 3917 3118 3969 puras
3150 3913 3327 3957 restes
3361 3902 3589 3973 accipie-

1983 4014 2100 4050 mtts
2121 4038 2134 4057 ,
2179 4004 2232 4050 ct
2257 4011 2376 4048 cum
2421 4011 2610 4063 pompa
2663 3994 2757 4047 Iris
2788 3995 3000 4063 nuptias
3028 3994 3422 4049 celebrabimus
3442 4035 3457 4059 ,
3491 3992 3585 4048 sed

1982 4089 2211 4144 mendici
2242 4089 2599 4148 manebimus,
2630 4088 2953 4153 pauperibus
2981 4087 3150 4140 nihilo
3175 4086 3366 4141 melius
3387 4087 3581 4147 allecti.

1984 4183 2090 4234 imo
2139 4180 2321 4249 pejore
2363 4194 2425 4231 ac
2475 4178 2866 4234 iniseraliiliore
2906 4193 3067 4246 quam
3117 4177 3189 4231 illi
3240 4176 3589 4231 cenditione?

1983 4273 2113 4327 Nam
2147 4272 2248 4326 illis
2279 4280 2424 4324 certe.
2463 4270 2767 4324 miseriores
2799 4280 2925 4323 sunt
2955 4270 3044 4338 qtti
3078 4270 3217 4324 male
3250 4280 3429 4338 partas
3448 4268 3589 4323 diti-

1985 4365 2085 4423 tias
2117 4363 2389 4433 pessidettt
2417 4379 2430 4414 τ
2480 4362 2672 4415 melus
2713 4363 2912 4431 quippe
2940 4370 3025 4416 est
3065 4360 3393 4423 mendicare,
3427 4374 3588 4430 quam

1983 4458 2153 4511 aliena
2183 4470 2413 4523 rapere:
2448 4470 2575 4513 nam
2612 4453 2742 4507 illud
2784 4455 2936 4507 venia
2962 4494 2974 4511 .
3033 4453 3135 4506 hoc
3187 4452 3454 4521 supplicio
3509 4452 3591 4505 di-

1983 4564 2182 4615 gnum;
2229 4558 2281 4606 et
2315 4547 2403 4602 ille
2452 4547 2667 4617 quidem
2711 4547 2875 4599 Deum
2926 4563 3031 4600 non
3088 4546 3353 4611 offendit,
3400 4545 3485 4600 hic
3538 4557 3591 4599 et

1988 4640 2155 4702 lletim
2182 4639 2404 4701 nlleinlit
2438 4650 2492 4693 et
2549 4638 2794 4701 iteittittes
2822 4656 2837 4691 :
2873 4638 2962 4693 ille.
2993 4638 3192 4707 rapina»
3226 4639 3325 4691 fert
3349 4638 3592 4705 labores,

1988 4729 2215 4789 fructum
2248 4740 2423 4794 autem
2458 4744 2679 4793 omnem
2707 4729 2797 4785 alii
2822 4744 2967 4797 stirpe
3006 4731 3263 4793 tulerunt.
3297 4729 3422 4783 Hinc
3465 4744 3591 4783 cum

1985 4824 2240 4887 .tuiamns,
2283 4822 2507 4882 avaritia
2554 4822 2699 4881 omni
2726 4821 2990 4889 deposita,
3032 4823 3266 4875 caelestia
3298 4831 3459 4891 atque
3483 4838 3590 4875 cm-

1990 4919 2123 4977 tnste
2149 4932 2371 4985 regnum
2398 4931 2522 4969 cum
2553 4914 2735 4971 studio
2764 4916 2908 4968 omni
2944 4914 3236 4982 rapiamus.
3264 4912 3378 4967 Non
3413 4923 3590 4981 potest

1992 5011 2158 5073 enim,
2191 5025 2295 5061 non
2324 5016 2495 5078 petcst
2524 5018 2672 5061 certe
2702 5007 2791 5076 qui
2832 5007 3106 5074 negligens
3146 5017 3226 5060 est
3271 5022 3335 5061 co
3367 5008 3588 5060 intrare.

1996 5103 2209 5158 Utinam
2238 5118 2366 5155 vero
2395 5116 2584 5155 omnes
2606 5145 2621 5174 ,.
2650 5101 2844 5169 vigiles.
2864 5100 2996 5155 facit
3017 5109 3068 5154 cl
3097 5099 3384 5169 diligentes
3405 5141 3419 5163 ,
3463 5100 3590 5153 illud

1991 5210 2418 5265 consequamur,
2469 5196 2639 5265 gratia
2682 5203 2747 5247 'ct
2802 5193 3126 5262 benignitate.
3170 5193 3379 5247 Domini
3430 5196 3595 5246 nostri

1992 5288 2118 5342 Jesn
2150 5286 2370 5349 Christi,
2419 5288 2502 5339 cui
2529 5284 2696 5356 gloria
2723 5295 2778 5338 et
2810 5285 3094 5364 imperium
3115 5285 3167 5338 in
3191 5284 3389 5340 accola
3419 5302 3593 5339 saecu-

1996 5382 2189 5444 lorum.
2221 5384 2391 5433 Autcu
2421 5381 2439 5409 ‘

2062 5482 2077 5507 ι
2100 5472 2187 5523 Hic.
2211 5473 2397 5523 variant
2428 5471 2745 5533 exiunplaria.
2772 5470 2901 5519 Γλιὶίιί
2935 5470 3139 5525 habent.
3160 5483 3249 5520 nos
3280 5484 3394 5523 me
3418 5477 3597 5521 ram":

1996 5544 2041 5585 et
2066 5539 2290 5597 a'quitute
2326 5536 2513 5585 amarit
2546 5534 2783 5584 emistus.
2811 5534 2972 5597 Pauci,
3001 5547 3107 5597 pro,
3135 5536 3381 5591 mquitute,
3403 5534 3596 5597 legunt,

1998 5595 2173 5647 mnum
2200 5597 2420 5646 nominis.
2451 5600 2759 5656 lectionem,
2782 5607 2894 5658 quae
2925 5595 3167 5644 sincerior
3204 5598 3348 5645 nobis
3371 5596 3468 5642 visa
3504 5604 3597 5654 est,

2002 5666 2049 5709 in
2076 5668 2217 5709 textu
2243 5660 2512 5721 posuimus.

2064 5725 2083 5753 ι
2112 5716 2254 5781 Apud
2276 5721 2433 5769 Morel.
2462 5719 2659 5768 Immllia
2692 5718 2875 5768 desinit
2899 5719 2991 5767 hoc
3016 5718 3281 5767 modo......
3310 5716 3500 5767 ισνίεδιε
3526 5730 3595 5765 re-

2000 5798 2148 5848 gnum
2172 5797 2281 5832 cum
2303 5781 2430 5831 nnmi
2455 5782 2614 5831 studio
2636 5782 2886 5845 rapiamus
2922 5791 2968 5829 ut
3011 5782 3176 5847 futura
3196 5784 3319 5835 bum:
3342 5794 3602 5841 consequa—

2005 5860 2134 5905 mur,
2158 5852 2317 5908 gratia
2339 5852 2402 5907 et,
2432 5852 2528 5893 etc.
