4074 6422
481 337 584 393 σςκ

1192 342 1250 401 Β.
1288 346 1566 409 .IOANNIS
1601 353 2073 418 CHRYSOSTOMI
2112 364 2430 423 ARCHIEP.
2471 370 3004 433 CONSTANTINOP.

498 451 2114 494 _____....._...___.________________________

3648 386 3754 444 656

2127 485 3745 518 ————_________________________

1620 577 1979 653 Romus
2025 585 2227 648 Lxx.
2273 590 2359 652 al.
2404 592 2633 659 LXXI.

519 726 655 782 Car.
675 725 763 781 ΞΩ.
803 743 855 783 τ.
895 729 983 786 l5.
1029 730 1174 788 Tunc
1216 736 1456 794 abeuntes
1490 737 1743 797 Μαι-ἕω,ιί
1786 746 2051 803 consilium

763 817 999 887 inierunt,
1025 832 1080 876 ut
1100 840 1211 878 eum
1236 826 1289 879 in
1316 844 1544 884 sermone
1569 845 1824 902 caperent.

571 905 619 959 I.
662 903 825 973 Tune,
854 911 1188 977 quandonam
1210 915 1236 966 ν
1263 916 1485 983 Quando
1514 923 1745 978 maxime
1775 925 1894 981 illos
1928 941 2078 983 com-

502 996 664 1067 pungi
693 1002 931 1069 oportuit
955 1043 970 1069 ,
1000 1005 1217 1073 quando
1257 1008 1634 1083 benignitatem
1662 1015 1779 1085 ejus
1799 1017 2073 1088 admirari,
2144 1016 2145 1019 “

496 1086 708 1152 quando
733 1089 906 1146 futura
936 1094 1223 1153 formidare
1250 1114 1344 1166 par
1364 1110 1499 1168 erat,
1518 1106 1733 1175 quando
1751 1123 1816 1163 ex
1839 1086 2079 1179 praeteri-

498 1176 567 1231 tis
589 1177 656 1233 de
695 1180 884 1236 futuris
924 1185 1249 1243 credendum
1280 1192 1416 1247 erat.
1446 1194 1576 1249 Nam
1610 1211 1731 1251 cum
1758 1176 1909 1255 factis
1936 1201 2077 1256 dicta

499 1267 820 1345 clamabant;
852 1274 1115 1342 publicani
1143 1264 1526 1339 etmeretrices
1551 1288 1908 1359 crediderant,
1949 1308 2079 1362 pro-

500 1342 677 1426 pheta:
705 1371 759 1416 et
780 1362 907 1430 justi
937 1359 1196 1424 interfecti
1231 1370 1439 1430 fuerant
1466 1392 1480 1429 :
1506 1376 1573 1432 ab
1598 1377 1677 1433 Itis
1703 1396 1829 1436 vero
1854 1342 2076 1439 iristrituti

502 1463 608 1505 non
635 1450 903 1510 debebant
931 1458 1159 1514 ruituram
1200 1475 1349 1517 suam
1398 1468 1691 1532 perniciem
1722 1488 1916 1544 negare
1938 1515 1953 1539 ,
1985 1476 2078 1531 sed

500 1549 557 1594 ct
589 1543 807 1601 credere
834 1557 889 1602 et
935 1550 1267 1621 resipiscere.
1300 1559 1545 1613 Attamen
1590 1578 1761 1632 neque
1784 1566 1861 1620 sic
1885 1565 2082 1623 desiuit

502 1632 711 1689 illorum
755 1639 1012 1707 nequitia,
1040 1643 1132 1698 sed
1168 1648 1363 1701 crescit
1388 1657 1443 1704 et
1472 1650 1693 1708 ulterius
1720 1657 2077 1725 progreditur.

504 1720 698 1779 Verum
724 1729 847 1796 quia
877 1730 1059 1788 turbas
1088 1734 1355 1803 timentes,
1384 1740 1531 1796 illum
1552 1746 1955 1813 apprehendere
1975 1767 2080 1807 non

501 1813 789 1884 audebant,
828 1820 986 1875 aliam
1017 1822 1186 1879 iniere
1215 1827 1375 1893 viam,
1404 1842 1460 1885 ut
1500 1832 1552 1886 in
1590 1837 1878 1902 periculum
1909 1841 2081 1911 conji-

500 1916 706 1969 cerent,
734 1918 783 1962 et
806 1909 1129 1978 publicarum
1151 1916 1483 1997 iniquitatum
1506 1938 1654 1979 reum
1676 1929 2079 1988 constituerent.

505 1991 593 2047 ιϐ.
634 1993 845 2051 Mittunt
890 2002 1031 2056 enim
1074 2005 1121 2057 ei
1161 1991 1439 2077 discipulos
1477 2028 1595 2068 suos
1615 2030 1730 2069 cun:
1772 2017 2080 2080 Herodianis

500 2082 715 2140 dicentes
736 2104 756 2142 :
778 2088 1039 2161 Magister,
1062 2096 1248 2152 scimus
1273 2100 1392 2168 quia
1412 2118 1565 2157 verax
1590 2122 1661 2173 es,
1679 2118 1728 2161 et
1756 2111 1886 2165 viam
1904 2111 2002 2169 Dei
2026 2117 2079 2170 in

503 2178 707 2233 ueritate
732 2182 897 2244 doces.
950 2202 1039 2239 nco
1085 2188 1150 2241 de
1169 2190 1340 2262 aliqua
1364 2194 1453 2249 tibi
1496 2214 1616 2252 cura
1662 2212 1737 2255 est
1759 2220 1778 2256 :
1808 2222 1906 2259 non
1947 2213 2080 2265 enim

503 2269 709 2338 respicis
731 2274 801 2326 ad
815 2292 1081 2342 personam
1106 2280 1385 2339 hominum.
1414 2288 1496 2342 I7.
1524 2288 1618 2344 Dic
1637 2309 1755 2363 ergo
1776 2297 1934 2359 nobis,
1958 2300 2081 2367 quid

503 2360 593 2411 tibi
629 2361 823 2418 videtur
842 2368 868 2419 Ρ
908 2368 1019 2423 licet
1048 2387 1248 2429 censum
1277 2376 1401 2432 dare
1441 2380 1649 2451 Curari,
1684 2360 1750 2440 an
1791 2404 1891 2443 non
1912 2392 1939 2445 .’
1962 2391 2004 2445 Τ
2008 2393 2081 2447 ri-

506 2448 687 2505 liutum
714 2454 856 2510 enim
884 2458 992 2526 jam
1021 2462 1299 2521 solvebant
1317 2509 1329 2531 ,
1358 2485 1480 2524 cum
1502 2488 1590 2529 res
1620 2475 1852 2545 ipsorum
1896 2482 1947 2536 in
1976 2482 2084 2539 Ro-

502 2631 774 2691 Tlieudam
804 2649 859 2694 et
883 2639 1070 2699 ludam
1102 2645 1202 2703 ltac
1230 2648 1299 2706 de
1325 2666 1487 2708 causa
1510 2631 1811 2725 paulo'ante
1836 2631 2077 2737 periisse,

503 2734 561 2779 ut
606 2729 693 2798 qui
738 2731 1082 2791 rebellionem
1131 2740 1554 2816 meditarentur,
1585 2729 1869 2822 cupiebant
1908 2729 2077 2829 ipsum

501 2833 713 2888 quoque
738 2825 877 2879 circa
910 2842 996 2883 res
1022 2831 1234 2888 easdem
1256 2840 1544 2907 suspicioni
1571 2844 1859 2905 obnoxium
1891 2854 2081 2911 redde-

500 2923 579 2963 re.
614 2908 843 2983 Ideoque
888 2917 1178 2989 discipulos
1219 2939 1348 2981 suos
1393 2945 1514 2986 cum
1558 2933 1784 2993 Herodis
1822 2942 2078 3002 militibus

498 3000 780 3073 miserunt,
822 3006 1017 3078 duplex
1045 3002 1394 3086 pracdipitium
1422 3037 1688 3095 parandos,
1717 3041 1774 3085 ut
1801 3000 2074 3105 putabant,

495 3100 553 3147 et
584 3095 815 3167 undique
859 3100 1104 3171 laqueum
1136 3108 1415 3167 tendentes
1442 3124 1532 3183 ut,
1559 3095 1817 3193 quidquid
1852 3095 2072 3199 diceret,

497 3197 779 3252 caperetur
806 3190 875 3244 ab
894 3192 973 3246 eis
992 3234 1009 3259 ,
1038 3209 1104 3250 ae
1146 3199 1190 3252 si
1228 3214 1324 3270 pro
1368 3203 1683 3265 Herodianis
1708 3190 2073 3289 responderet,

497 3273 596 3342 ipsi
623 3290 954 3347 accusarent,
984 3286 1065 3339 sin
1091 3302 1189 3357 pro
1214 3289 1359 3359 ipsis,
1409 3296 1497 3349 alii
1519 3300 1948 3362 criminarentur.
1977 3273 2077 3363 At:-

495 3364 584 3432 qtti
610 3366 919 3426 didraelnna
934 3372 1048 3443 jatn
1080 3378 1314 3434 solverat
1344 3401 1356 3435 :
1385 3386 1477 3440 sed
1504 3387 1613 3445 hoc
1644 3391 1716 3445 illi
1741 3394 2072 3469 ignorabant,

496 3465 551 3509 et
572 3462 827 3515 utrumvis
852 3464 1073 3535 dlCt'l'cl,
1105 3484 1164 3525 se
1207 3486 1456 3543 capturos
1480 3496 1600 3535 cum
1626 3462 1929 3553 sperabant.
1962 3492 2074 3547 bia-

495 3545 716 3605 luissent
739 3561 912 3609 t:unen
934 3573 1054 3612 cum
1072 3573 1256 3618 contra
1279 3566 1609 3629 Herodianus
1642 3576 1839 3648 aliquid
1868 3582 2067 3640 dicere.

496 3636 723 3713 Ideoque
750 3647 1039 3719 discipulos
1071 3658 1284 3713 mittunt
1306 3702 1320 3725 ,
1364 3668 1451 3733 qui
1483 3668 1627 3723 illum
1666 3680 1944 3742 praesentia
1976 3695 2069 3735 sua

493 3731 559 3782 ad
588 3734 637 3787 id
668 3735 999 3809 iuduccrent,
1020 3759 1075 3799 ut
1105 3749 1250 3828 illum
1276 3731 1484 3819 prasidi
1514 3731 1780 3819 traderent
1806 3779 1853 3821 ut
1890 3780 2072 3836 tyran-

497 3837 643 3877 num.
674 3826 783 3883 lloc
811 3833 954 3887 enim
983 3845 1036 3889 ct
1063 3826 1233 3897 Lucas
1259 3845 1556 3917 subindicat
1580 3854 1793 3925 dicens,
1834 3876 1927 3915 eos
1956 3873 2067 3918 tur-

494 3912 577 3965 bis
600 3922 948 3983 prtesentibus
980 3926 1353 4001 interrogasse,
1379 3948 1435 3992 ut
1464 3942 1629 4012 majus
1657 3958 1801 4004 esset
1830 3955 2069 4010 testimo-

492 4006 657 4062 nium.
699 4008 1033 4072 Contrarium
1079 4037 1254 4079 autem
1282 4032 1501 4085 omnino
1531 4039 1735 4104 evenit;
1779 4042 1829 4096 in
1880 4047 2068 4114 majori

489 4096 684 4166 quippe
715 4100 925 4159 theatro
960 4109 1195 4166 .~tultiti:e
1220 4130 1330 4171 sua:
1374 4096 1740 4190 argumentum
1785 4096 2064 4191 dedertint.

490 4190 569 4241 Ac
598 4189 718 4244 vide
757 4195 1119 4256 adulationem
1158 4219 1374 4273 eorum,
1430 4202 1802 4289 ot'cultumque
1844 4223 2064 4281 dolum:

492 4276 759 4352 Nouimus,
790 4287 1047 4357 inquiunt,
1075 4296 1195 4359 quia
1223 4314 1375 4354 verna:
1409 4319 1480 4357 es.
1507 4305 1616 4361 Cur
1637 4326 1765 4381 ergo
1788 4313 2061 4384 dicebatis,

486 4370 746 4429 Seductor
769 4388 869 4441 est,
894 4392 967 4447 et,
997 4384 1207 4441 Sedacit
1232 4395 1446 4459 turbam,
1468 4404 1540 4460 et,
1567 4370 1885 4459 Dtenionium
1920 4370 2065 4464 habe;

485 4460 679 4531 (Joan.
704 4467 754 4521 7.
792 4468 856 4522 is
884 4480 931 4524 et
956 4473 1041 4528 l0.
1058 4476 1172 4547 eo),
1199 4488 1273 4546 et,
1297 4481 1409 4537 Non
1429 4496 1593 4543 estex
1619 4489 1760 4547 Deo?
1782 4510 1879 4550 cur
1908 4460 2063 4567 pan.

490 4563 1040 4653 ante-consultabatis
1066 4578 1341 4642 quomodo
1373 4580 1527 4639 illum
1558 4563 1924 4649 oecideretisi
1960 4594 2063 4653 Sed

490 4647 671 4703 omnia
691 4651 766 4704 illi
800 4653 957 4716 fiunt.
985 4674 1146 4727 prout
1176 4666 1389 4726 insidiae
1412 4688 1732 4746 suggerunt.
1757 4681 1894 4749 Quia
1918 4689 2063 4743 enim

487 4739 643 4799 paulo
669 4750 789 4791 ante
819 4757 940 4798 cum
966 4755 1271 4819 arrogantia
1300 4739 1567 4828 dixerant,
1594 4763 1663 4820 In
1683 4739 1799 4837 qua.
1817 4784 2063 4842 potestate

481 4828 589 4881 nire
625 4830 753 4898 [ocis
782 4834 991 4905 (Matth.
1023 4837 1110 4895 2i.
1141 4842 1233 4915 25)
1258 4846 1281 4897 ἲ
1308 4862 1409 4903 nec
1446 4828 1849 4923 responsionem

478 4937 645 4990 quere
676 4938 980 4996 potuerunt,
1030 4948 1249 5005 sperant
1278 4940 1426 4997 illum
1454 4948 1756 5008 adulatione
1781 4958 2059 5015 emollien-

475 5012 601 5067 dum
648 5031 803 5084 esse,
832 5028 887 5075 et
913 5022 1267 5083 inducendum
1307 5042 1362 5087 ut
1399 5037 1664 5109 quidpiam
1694 5045 1836 5100 dicat
1872 5012 2055 5106 contra

480 5108 643 5178 leges,
668 5128 786 5181 qnze
816 5127 938 5170 tunc
962 5120 1226 5188 vigebant,
1254 5138 1307 5181 et
1336 5129 1627 5189 dominanti
1660 5143 1909 5206 potentia:
1928 5160 2056 5199 cou-

476 5204 717 5257 trariuui.
748 5206 1087 5282 Quapropter
1116 5218 1288 5287 ipsum
1314 5238 1552 5280 veraccm
1585 5204 1801 5297 dicunt,
1832 5236 1879 5289 id
1911 5240 2053 5307 quod

472 5302 587 5346 erat
634 5298 978 5369 conﬁtentes;
1026 5322 1213 5363 verum
1263 5328 1367 5366 non
1420 5327 1557 5371 recta
1608 5330 1905 5392 sententia,
1960 5346 2051 5384 ne-

469 5398 574 5451 que
602 5388 844 5447 volentes
870 5394 920 5448 id
948 5395 1151 5465 dicunt,
1180 5412 1233 5457 et
1276 5404 1376 5460 hoc
1398 5409 1655 5476 adjiciunt
1685 5435 1697 5469 :
1726 5410 1843 5469 Non
1865 5431 1936 5473 est
1962 5422 2050 5475 tibi

467 5492 589 5530 cura
623 5477 690 5533 tle
719 5484 910 5554 aliqua.
944 5488 1073 5545 Vide
1099 5511 1255 5564 quam
1288 5498 1543 5569 liquidum
1569 5506 1637 5559 sit
1658 5549 1671 5571 ,
1706 5511 1839 5563 velle
1868 5527 1961 5567 eos
1992 5516 2045 5569 in

465 5569 771 5639 hnjusmodi
815 5594 1114 5641 sermonem
1158 5593 1427 5661 conjicere
1454 5613 1607 5667 eum,
1652 5618 1758 5673 quo
1806 5606 2045 5664 llerodes

464 5663 781 5732 «denudatum
831 5684 884 5727 et
910 5674 963 5727 in
994 5683 1287 5747 tyrannidis
1322 5690 1683 5757 suspicionem
1729 5696 1942 5763 veniat,
1986 5709 2044 5755 ut

464 5770 549 5825 qui
569 5774 749 5820 contra
772 5770 937 5837 legem
975 5782 1339 5847 lIlo‘ltl‘l'CICl‘li,
1366 5800 1468 5851 quo
1487 5784 1632 5840 illum
1655 5799 1707 5841 ut
1727 5790 2039 5850 seditiosum

2178 763 2235 809 et
2262 763 2542 826 tyrannum
2566 762 2826 830 supplicio
2845 765 3134 821 traderent.
3169 766 3300 824 Illud
3328 770 3471 823 enim
3494 810 3512 834 ,
3542 768 3663 824 Non
3693 781 3768 825 est

2180 846 2267 900 tibi
2308 865 2430 903 cura
2458 852 2521 904 de
2544 854 2732 921 aliqua,
2757 864 2831 921 et,
2880 856 3000 913 Non
3046 860 3253 930 respicis
3296 862 3365 914 ad
3398 877 3638 932 personas
3672 863 3763 915 Ito-

2183 939 2397 1004 minum,
2424 941 2490 997 de
2521 943 2730 1000 Herode
2761 957 2815 1000 et
2841 949 3057 1006 Ctesare
3081 953 3181 1006 sub
3206 952 3391 1006 umbra
3419 953 3648 1023 quadam
3680 953 3767 1008 di-

2181 1030 2418 1098 cebatur,
2449 1033 2544 1087 Dic
2568 1036 2723 1107 igitur
2752 1039 2893 1092 nobis
2912 1081 2925 1103 ,
2965 1043 3088 1113 quid
3114 1043 3205 1096 tibi
3229 1044 3466 1098 videtur?
3492 1044 3645 1100 Nunc
3673 1046 3773 1098 lio-

2183 1116 2406 1189 noi‘atis,
2435 1136 2489 1179 et
2514 1126 2787 1183 doctorem
2811 1134 3026 1199 putatis,
3051 1134 3138 1202 qtti
3164 1133 3332 1199 illum,
3356 1151 3476 1191 cum
3497 1136 3565 1191 de
3592 1138 3772 1192 saluto

2183 1220 2355 1266 vestra
2386 1214 2693 1282 dissereret,
2726 1223 3157 1287 contempsistis,
3184 1238 3328 1292 sepe
3353 1233 3407 1280 et
3439 1227 3769 1282 contumelia

2140 1342 2147 1348 ο
2181 1303 2434 1362 alieeistis
2449 1307 2472 1359 ἲ
2490 1306 2819 1366 Undectiam
2838 1312 2924 1367 hic
2939 1316 3191 1375 concordi
3209 1320 3474 1373 sententia
3495 1319 3713 1375 fuerunt
3728 1324 3741 1352 ‘
3754 1362 3768 1375 .

2184 1396 2261 1450 Ac
2290 1396 2408 1452 ride
2438 1398 2646 1454 illorum
2676 1403 2957 1460 vafritiem.
2977 1406 3091 1460 Non
3114 1408 3317 1471 dicunt,
3347 1411 3440 1465 Die
3462 1411 3616 1466 nobis
3641 1413 3770 1481 quid

2187 1486 2402 1551 bonum,
2422 1490 2548 1560 quid
2568 1493 2717 1559 utile,
2738 1496 2864 1565 quid
2891 1498 3099 1568 legale?
3125 1501 3241 1565 sed,
3276 1502 3411 1569 Quid
3435 1503 3525 1557 tibi
3549 1506 3773 1560 videtur!

2188 1575 2259 1631 Ita
2291 1578 2391 1633 hoc
2423 1597 2582 1636 unum
2604 1588 2936 1653 spectabant,
2971 1600 3023 1643 ut
3053 1593 3482 1659 tmdereuteum,
3509 1604 3564 1650 et
3591 1605 3651 1651 ut
3672 1596 3774 1651 im-

2184 1671 2421 1737 pemntis
2450 1673 2657 1730 hostem
2704 1676 3059 1735 declararent.
3091 1681 3148 1737 ld
3188 1683 3491 1754 signiﬁcans
3537 1684 3772 1751 ﬂat-cus,

2184 1763 2651 1835 arrogantiamque
2694 1767 2928 1837 ipsorum
2983 1774 3485 1845 sanguinariumque
3532 1776 3773 1832 anitnnnt

2186 1854 2502 1923 ostendens,
2531 1858 2727 1915 dixisse
2755 1862 2874 1918 illos
2899 1864 3007 1919 ait:
3032 1865 3285 1921 Demusne
3312 1866 3503 1924 ϐατιανὶ
3527 1885 3730 1926 ansam
3754 1913 3772 1939 ,

2186 1958 2253 1997 an
2294 1948 2606 2004 mandemus
2631 1950 2830 2021 (Marc.
2865 1954 2951 2009 12.
2986 1957 3122 2028 14))
3152 1957 3225 2013 Ita
3270 1958 3507 2018 furorem
3556 1962 3775 2032 quidem

2186 2034 2496 2104 spirabant,
2528 2050 2582 2095 et
2612 2040 2833 2099 insidias
2878 2049 3278 2117 parturiebant,
3308 2053 3434 2107 dum
3460 2055 3662 2109 cttltum
3695 2057 3774 2110 si-

2186 2126 2471 2182 mularent.
2499 2128 2636 2199 Quid
2668 2134 2827 2204 igitur
2848 2136 2971 2193 ille?
2997 2140 3080 2193 18.
3112 2140 3248 2208 Quid
3269 2159 3347 2197 me
3366 2144 3589 2210 tentatis,
3611 2146 3777 2217 hypo-

2185 2218 2631 2279 critteIVidistiu‘
2656 2230 2926 2297 quomodo
2952 2231 3155 2301 majore
3183 2251 3303 2290 cum
3349 2238 3643 2293 acrimonia
3686 2255 3776 2294 re-

2185 2312 2484 2380 spondeat?
2522 2317 2655 2383 Quia
2696 2320 2838 2375 enim
2891 2325 3126 2394 nequitia
3152 2337 3203 2381 et
3247 2330 3478 2396 perfecta
3514 2338 3569 2385 et
3597 2344 3775 2385 mam-

2188 2400 2320 2456 festa
2346 2415 2482 2471 erat,
2510 2408 2688 2464 acrius
2718 2413 2902 2484 pungit
2939 2415 3081 2481 illos,
3111 2419 3286 2487 primo
3311 2420 3667 2487 confundens,
3706 2422 3777 2476 il-

2189 2491 2468 2566 lorumque
2491 2512 2583 2552 ora
2610 2500 2915 2571 obstructis,
2947 2514 3004 2560 ut
3050 2520 3255 2563 secreta
3306 2510 3519 2587 illorum
3560 2513 3613 2567 in
3652 2528 3773 2567 me-

2185 2581 2332 2639 dium
2376 2585 2700 2657 adduceret,
2752 2602 2808 2648 et
2846 2596 3017 2665 palam
3047 2598 3297 2654 omnibus
3347 2582 3615 2669 redderet,
3664 2619 3775 2675 quo

2184 2676 2253 2729 ad
2279 2675 2428 2733 illum
2456 2681 2638 2736 animo
2661 2686 3030 2743 accessissent.
3060 2689 3115 2743 Id
3140 2705 3301 2760 porro
3330 2693 3574 2759 faciebat,
3603 2705 3660 2751 ut
3678 2711 3775 2751 eo-

2188 2781 2306 2821 rum
2337 2772 2627 2840 nequitiam
2656 2776 2993 2844 reprimeret,
3026 2795 3095 2836 ne
3137 2782 3261 2835 talia
3293 2784 3486 2839 iterum
3511 2786 3772 2843 auderent

2183 2861 2249 2915 ad
2292 2864 2613 2921 nocendum.
2651 2869 2911 2936 Quamvis
2937 2873 3099 2929 verba
3145 2875 3436 2932 honoriﬁca
3479 2878 3770 2935 admodum

2181 2963 2393 3019 essent;
2424 2971 2546 3010 natu
2576 2966 2632 3012 et
2659 2962 2969 3031 magistrum
2992 2965 3257 3021 vocabant
3276 3008 3290 3032 ,
3322 2975 3377 3021 et
3421 2983 3687 3037 veracem,
3718 2980 3773 3027 et

2184 3057 2467 3112 personam
2500 3064 2604 3103 non
2635 3053 2985 3122 accipientem
3017 3056 3149 3112 :sed
3183 3059 3321 3114 Deus
3346 3076 3467 3115 cum
3492 3070 3656 3128 esset,
3687 3062 3772 3118 his

2181 3135 2355 3207 decipi
2376 3152 2482 3193 non
2508 3151 2735 3212 poterat.
2767 3144 2919 3202 Unde
2940 3156 3180 3217 poterant
3203 3150 3277 3205 illi
3294 3154 3575 3223 suspicari,
3595 3155 3767 3226 ipsum

2182 3245 2287 3285 non
2334 3233 2687 3303 coniectando
2734 3237 3072 3309 increpasse,
3110 3243 3205 3299 sed
3255 3231 3309 3300 id
3361 3260 3483 3303 esse
3534 3248 3766 3319 signum,

2182 3320 2331 3376 illum
2353 3335 2556 3379 secreta
2579 3341 2765 3383 eorum
2797 3345 2975 3385 nosse.

2248 3419 2305 3473 2.
2346 3419 2454 3474 Nec
2480 3423 2609 3475 satis
2637 3424 2711 3478 illi
2740 3424 2836 3480 fuit
2862 3429 3162 3496 increpasse
3192 3448 3205 3484 :
3235 3432 3442 3489 etiamsi
3474 3434 3765 3501 sulliceret.

2181 3508 2326 3563 illum
2354 3526 2475 3564 cum
2496 3513 2730 3567 animum
2761 3531 2944 3571 eorum
2987 3519 3375 3590 redarguisset,
3406 3524 3474 3580 de
3499 3535 3639 3580 tanta
3668 3544 3765 3585 ne-

2178 3602 2341 3670 quitia
2376 3602 2629 3670 pudorem
2660 3606 2761 3660 illis
2791 3608 3049 3675 ingerere.
3100 3613 3205 3668 Sed
3236 3630 3338 3669 non
3371 3615 3457 3672 hic
3487 3621 3651 3685 stetit,
3677 3637 3768 3676 ve-

2178 3707 2293 3743 rum
2323 3693 2429 3746 alio
2454 3695 2612 3750 etiam
2641 3698 2800 3755 modo
2840 3701 3048 3757 illorum
3094 3721 3186 3759 ora
3215 3710 3447 3776 consuit,
3487 3726 3608 3767 cum
3636 3716 3713 3769 ait
3746 3734 3761 3770 :

2182 3784 2268 3837 l9.
2303 3783 2563 3841 Ostendite
2592 3790 2716 3844 mihi
2752 3795 3003 3849 nomisma
3032 3814 3228 3853 census.
3274 3799 3335 3857 Ut
3368 3812 3545 3859 autem
3575 3816 3765 3862 osten-

2175 3873 2386 3942 derunt,
2419 3892 2513 3945 pro
2537 3894 2683 3935 more
2712 3896 2812 3937 suo
2836 3900 3019 3939 eorum
3050 3888 3227 3959 lingua
3246 3894 3563 3949 sententiam
3589 3897 3762 3966 eﬂ‘ert,

2176 3967 2424 4038 ipsosque
2450 3972 2739 4031 decernere
2764 3978 2925 4047 cogit,
2959 3978 3010 4033 id
3054 3980 3214 4038 licere
3238 4002 3251 4037 :
3280 4000 3398 4055 qua:
3424 3996 3539 4041 erat
3580 3990 3764 4057 splen-

2174 4060 2294 4113 dida
2318 4061 2565 4129 claraque
2592 4066 2830 4120 victoria.
2866 4068 3044 4139 Itaque
3072 4088 3194 4128 cum
3246 4076 3618 4149 interrogaret,
3650 4098 3756 4138 non

2174 4149 2423 4219 ignorans
2453 4154 2824 4226 interrogabat,
2858 4162 2949 4215 sed
2983 4173 3039 4223 ut
3068 4180 3134 4219 cx
3161 4166 3373 4223 illorum
3411 4174 3761 4241 responsiOne

2174 4259 2293 4299 reos
2314 4246 2431 4301 illos
2445 4263 2566 4303 esse
2588 4252 2875 4309 evineeret.
2908 4256 3037 4310 Nam
3060 4274 3181 4314 cum
3202 4263 3531 4336 interrogati,
3549 4267 3638 4323 20.
3654 4269 3762 4324 Cn-

2162 4335 2252 4403 jus
2296 4349 2368 4389 est
2412 4338 2622 4410 imago?
2651 4346 3076 4421 respondissent,
3110 4352 3346 4418 (staris,
3392 4358 3467 4410 ait
3513 4358 3757 4417 ille:2l.

2171 4425 2384 4483 Reddite
2397 4447 2509 4500 quae
2533 4444 2648 4488 sunt
2670 4435 2902 4503 caesaris,
2922 4440 3131 4510 Cwsari,
3153 4456 3201 4498 et
3216 4463 3331 4515 qua:
3348 4460 3464 4502 sunt
3489 4450 3600 4518 Dei,
3628 4453 3755 4509 Deo.

2172 4517 2281 4572 Hoc
2307 4522 2449 4576 enim
2490 4539 2596 4579 non
2643 4538 2725 4581 est
2775 4530 2922 4597 dare,
2978 4534 3070 4587 sed
3109 4537 3375 4593 reddere:
3409 4540 3460 4595 id
3500 4544 3641 4612 quod
3688 4561 3757 4601 ex

2169 4609 2395 4680 imagine
2436 4624 2489 4669 et
2515 4631 2579 4670 ex
2619 4618 2964 4689 inscriptione
3008 4628 3407 4684 ostendebatur.
3459 4609 3659 4691 Deinde
3689 4654 3757 4694 ne

2166 4702 2424 4771 dicerent,
2445 4708 2829 4769 Hominibusne
2857 4731 2952 4769 nos
2984 4718 3234 4787 sobjicis?
3254 4724 3545 4792 snbjunxit,
3564 4726 3628 4781 Et
3644 4746 3758 4800 quin

2164 4804 2280 4847 sunt
2310 4796 2420 4866 Dei,
2449 4799 2582 4854 Deo.
2621 4802 2770 4859 Licet
2794 4808 2933 4861 enim
2964 4820 3016 4863 et
3046 4811 3347 4868 hominibus
3377 4800 3474 4871 sua
3504 4819 3751 4891 reddere,

2163 4894 2219 4941 et
2248 4889 2354 4944 Deo
2382 4890 2531 4958 dare,
2577 4910 2697 4965 qua:
2726 4897 2795 4951 ab
2824 4896 3123 4957 hominibus
3153 4904 3249 4973 ipsi
3297 4907 3579 4963 debentur.
3629 4889 3754 4968 Ideo

2163 4981 2291 5036 dicit
2334 4984 2571 5041 Paulus:
2602 4988 2820 5044 Reddite
2861 4995 3090 5048 euntibus
3129 4997 3295 5052 debila
3334 5016 3353 5053 :
3393 5002 3475 5055 cui
3504 5005 3749 5075 vectigal,

2162 5078 2373 5148 uectigal
2400 5099 2417 5129 :
2439 5081 2521 5133 cui
2548 5082 2814 5147 tributum,
2846 5088 3080 5140 tributum
3109 5105 3127 5142 :
3165 5092 3245 5144 cui
3270 5094 3544 5160 honorent,
3589 5097 3751 5152 Itono-

2158 5187 2263 5223 rem
2291 5170 2467 5241 (Rom.
2510 5176 2597 5229 l3.
2645 5175 2717 5248 7).
2748 5177 2826 5232 Tu
2864 5194 2991 5233 vero
3031 5196 3151 5235 cum
3185 5184 3361 5251 audis,
3402 5185 3588 5243 Redde
3628 5205 3749 5259 qnze

2156 5276 2281 5317 sunt
2314 5264 2561 5335 Caesaris,
2588 5268 2802 5334 Ctesari,
2846 5270 2913 5325 de
2940 5272 3004 5325 iis
3032 5272 3080 5326 id
3112 5276 3283 5329 solum
3323 5276 3581 5349 intelligo,
3628 5297 3748 5351 quas

2157 5356 2285 5409 nihil
2320 5359 2567 5425 pietatem
2600 5360 2828 5426 laedunt;
2865 5362 2933 5416 ita
2960 5374 3016 5417 ut
3045 5366 3088 5419 si
3122 5365 3337 5431 Iiedant,
3360 5367 3471 5436 jam
3500 5386 3605 5424 non
3627 5372 3746 5427 Cte-

2153 5452 2310 5516 saris,
2360 5452 2453 5504 sed
2483 5452 2678 5508 diaboli
2711 5455 2963 5510 tribututn
2994 5468 3047 5512 et
3079 5461 3303 5530 vectigal
3333 5462 3459 5517 sint.
3500 5463 3625 5518 liter
3651 5482 3746 5519 an-

2151 5542 2360 5597 dientes
2374 5542 2710 5600 obticuernnt
2736 5546 2907 5611 inriti,
2927 5558 2981 5602 et
3005 5551 3324 5619 sapientiam
3353 5553 3469 5624 ejus
3496 5555 3743 5613 admirati

2213 5745 2227 5771 ³
2252 5748 2378 5799 ttae,
2404 5740 2531 5791 unde
2549 5741 2701 5811 etiam
2729 5742 2807 5811 hic
2831 5744 3058 5793 concordi
3080 5744 3311 5811 sentmitin
3334 5746 3550 5811 (iterant,
3576 5748 3740 5801 omisit

2148 5803 2314 5864 Saiil.,
2343 5818 2435 5853 nec
2459 5804 2583 5867 legit
2606 5806 2847 5868 Georgius
2866 5809 3235 5868 'trapezuutius.
