4074 6422
315 377 423 434 657

313 507 461 551 sunt.
494 495 632 568 Ergo
657 490 909 559 credere,
956 507 1085 562 ergo
1133 500 1350 562 stupere
1379 491 1663 560 oportebat
1696 491 1734 542 ι.
1783 488 1915 543 Nam

313 589 612 643 divinitatis
657 602 768 643 sua:
795 587 1308 640 demonstrationem
1349 585 1656 648 exhibebat,
1686 599 1806 637 cum
1833 598 1919 637 se-

314 692 462 734 creta
509 678 820 738 revelasset.
869 687 923 732 et
973 676 1168 731 leniter
1219 677 1456 742 ipsorum
1487 691 1580 729 ora
1627 675 1914 729 obstruxit.

314 772 454 836 Quid
481 771 685 837 igitur?
715 785 841 822 nttm
872 768 1251 823 crediderunt?
1279 768 1524 831 Minime;
1555 767 1672 832 sed,
1704 767 1796 826 ait.
1826 765 1917 819 22.

316 863 640 917 Dimittentes
673 878 788 915 eum
815 862 1077 924 abierunt,
1107 859 1200 916 25.
1235 869 1281 912 et
1324 870 1436 925 post
1480 877 1564 912 eos
1603 871 1918 912 accessi-runt

315 955 616 1008 Sadducrei.
670 955 713 1007 0
757 953 1074 1006 amentiam!
1149 952 1259 1006 Illis
1306 951 1371 1004 ad
1435 949 1917 1005 olnnutescendum

314 1047 631 1114 Compulsis.
663 1046 711 1098 hi
743 1045 1155 1116 aggrediuntur,
1181 1060 1300 1097 cum
1333 1044 1657 1112 oportuiSset
1684 1044 1803 1096 illos
1857 1043 1920 1096 ti-

315 1137 512 1190 midius
527 1136 805 1190 accedere.
823 1136 925 1190 Sed
954 1135 1256 1204 huiusmodi
1280 1143 1361 1188 est
1383 1135 1621 1198 audacia,
1640 1133 1920 1202 impudens

317 1229 690 1296 petulansqne,
719 1229 786 1281 ita
818 1239 874 1280 ut
899 1228 985 1280 illa
1012 1235 1178 1281 tentet
1209 1243 1328 1296 qua:
1359 1226 1497 1280 efﬁci
1528 1243 1632 1279 non
1674 1233 1917 1296 poSsunt.

313 1319 655 1388 Quapmpter
685 1319 1017 1387 evangelista
1053 1318 1118 1372 de
1146 1319 1355 1371 illorum
1387 1317 1688 1388 arrogantia
1740 1326 1922 1386 stupe-

315 1411 511 1477 factus,
557 1411 782 1480 idipsum
811 1411 1075 1481 significat
1101 1411 1285 1466 dicens
1324 1429 1337 1464 :
1364 1409 1428 1464 In
1459 1411 1551 1464 illa
1581 1411 1663 1464 die
1697 1426 1922 1464 accesse-

322 1515 462 1558 rant.
492 1504 556 1558 In
584 1507 695 1570 illa,
723 1507 772 1559 in
791 1505 931 1574 qua?
953 1505 1008 1558 In
1031 1520 1093 1559 ea
1123 1519 1242 1574 qua:
1268 1505 1482 1558 illorum
1514 1504 1804 1574 nequitiam
1835 1518 1922 1557 re-

313 1599 525 1668 darguit
545 1642 561 1664 ,
596 1601 845 1668 ipsosque
877 1597 1078 1668 pudore
1107 1597 1344 1653 sulTudit.
1379 1599 1605 1663 Quinam
1634 1607 1757 1650 sunt
1789 1596 1922 1651 Sad-

313 1690 483 1744 ductei
509 1690 532 1741 ?
559 1691 790 1744 llzcresis
812 1701 893 1743 est
919 1689 1250 1752 Judccorunt,
1280 1706 1400 1760 quas
1450 1686 1628 1743 dilfert
1657 1705 1684 1740 a
1732 1689 1917 1743 Phari-

313 1781 457 1845 Saeis,
481 1781 688 1849 illisque
712 1783 868 1852 longe
889 1782 1130 1845 inferior,
1152 1784 1305 1846 cujus
1322 1783 1502 1852 opinio
1525 1792 1660 1842 erat,
1683 1800 1784 1834 non
1800 1797 1920 1836 esse

314 1874 784 1934 resurrectionem.
819 1890 991 1943 neque
1014 1876 1285 1943 angelum,
1312 1890 1484 1944 neque
1515 1875 1780 1944 spiritum.
1805 1874 1919 1927 ltu-

313 1965 492 2018 diores
516 1967 658 2018 enim
686 1976 858 2031 erant,
882 1975 936 2018 ct
961 1966 1258 2034 corporalia
1298 1975 1500 2018 tantmn
1531 1966 1917 2035 agnoscebant.

313 2056 444 2110 Nam
471 2058 650 2111 multa:
676 2056 815 2127 apud
835 2056 1051 2112 Juda-os
1073 2067 1233 2112 secta:
1259 2069 1432 2111 erant.
1453 2057 1576 2111 ltlco
1597 2058 1670 2109 ait
1691 2057 1916 2112 Paulus:

317 2145 612 2200 l‘ltaristeus
650 2164 760 2200 sunt
797 2147 936 2216 (Act.
967 2146 1056 2202 25.
1096 2145 1176 2214 6),
1209 2163 1326 2215 quae
1353 2147 1752 2201 accuratissima
1780 2144 1919 2214 apud

317 2255 414 2291 nos
459 2248 608 2293 secta
655 2249 760 2293 est.
795 2238 859 2292 Hi
907 2249 1086 2293 autem
1131 2239 1410 2294 Sadducmi
1457 2239 1664 2293 direClc
1705 2236 1920 2306 qiiidem

317 2329 450 2384 nihil
478 2329 544 2384 de
574 2331 972 2385 resurrectione
1000 2331 1214 2384 dicunt:
1239 2329 1330 2384 sed
1351 2331 1710 2384 ιιιιιϊιιιίοεςθιιι
1736 2345 1917 2398 quani-

319 2423 444 2477 dam
476 2421 810 2492 conlingtmt,
843 2432 898 2477 et
924 2438 1036 2477 rem
1069 2432 1358 2491 numquam
1380 2464 1395 2487 ,
1450 2431 1506 2475 ιιι
1535 2432 1680 2491 puto,
1715 2433 1918 2490 gesunu

313 2514 810 2580 conuniniscuutur,
843 2514 1124 2582 sperantes
1153 2524 1211 2568 se
1239 2515 1384 2566 illum
1416 2512 1466 2566 in
1502 2511 1775 2580 angustias
1792 2526 1921 2565 con-

317 2607 553 2677 ieCturos
581 2622 704 2662 esse
732 2649 747 2673 ,
784 2607 1141 2675 volebautque
1183 2604 1294 2659 haec
1335 2603 1499 2658 ‘ambo
1525 2603 1821 2664 confutare.
1867 2604 1921 2658 et

317 2698 775 2752 resurrectionem
798 2714 938 2761 esse,
971 2707 1026 2753 et
1057 2697 1505 2752 resurrectionem
1550 2696 1922 2765 talengqna'is

329 2788 630 2842 dicebatur.
686 2775 749 2842 iii
793 2803 1007 2843 rursum
1039 2787 1280 2841 modeste
1319 2787 1604 2854 accedunt,
1637 2785 1876 2840 dicentes
1905 2804 1917 2839 :

316 2877 388 2932 24
419 2875 687 2948 Magister,
720 2877 926 2948 Moyses
951 2879 1080 2931 dixit
1099 2895 1118 2930 :
1164 2869 1226 2931 Si
1255 2878 1368 2946 quis
1397 2877 1662 2941 moriatur,
1705 2895 1805 2931 non
1828 2880 1921 2930 Im—

315 2968 434 3022 bens'
459 2960 615 3034 ﬁlios,
649 2970 796 3022 ducet
823 2971 980 3038 frater
997 2969 1106 3040 ejus
1138 2973 1344 3022 uxorem
1377 2970 1534 3029 illius.
1567 2977 1616 3022 et
1659 2969 1922 3023 suscitabit

315 3075 483 3112 semen
514 3060 662 3128 fratri
717 3076 808 3114 suo
834 3061 1014 3130 (Deut.
1055 3060 1148 3114 25.
1192 3061 1273 3129 5).
1320 3061 1410 3114 25.
1454 3058 1616 3113 Erant
1652 3064 1791 3128 apud
1829 3078 1920 3114 nos

315 3161 506 3218 septem
533 3155 716 3219 fratres
751 3168 768 3207 :
797 3163 842 3206 et
889 3155 1082 3225 primus
1127 3154 1272 3207 duxit
1299 3171 1529 3219 uxorem,
1578 3167 1622 3209 et
1651 3157 1921 3223 defunctus

317 3254 390 3298 est
415 3261 515 3298 non
553 3244 739 3300 habens
775 3244 928 3314 ﬁlios.
954 3246 1046 3301 26.
1080 3244 1328 3301 Similiter
1352 3249 1621 3312 secundus,
1654 3259 1697 3300 et
1723 3249 1917 3314 tertius,

317 3351 473 3403 usque
497 3337 566 3388 ad
594 3337 878 3405 septimum.
912 3336 1002 3390 27.
1032 3337 1083 3391 Ν
1087 3339 1320 3392 ovissime
1347 3351 1514 3392 autem
1541 3350 1764 3394 omnium
1795 3359 1921 3393 mor-

318 3438 403 3482 tua
429 3438 504 3482 est
544 3439 592 3482 et
637 3425 835 3483 mulier.
885 3431 976 3486 28.
1009 3420 1075 3484 In
1105 3433 1470 3487 resurrectione
1497 3434 1651 3503 igitur
1667 3435 1812 3504 cujus
1843 3451 1910 3488 es:

316 3533 506 3589 septem
540 3519 636 3574 erit
664 3524 832 3577 uxor?
864 3522 995 3578 Vide
1027 3523 1440 3594 reapondentem
1469 3524 1705 3579 doctoris
1744 3541 1916 3580 more.

319 3613 469 3668 Licet
507 3615 654 3668 enim
708 3625 758 3670 et
814 3615 911 3683 ipsi
966 3615 1200 3683 maligne
1248 3627 1625 3677 accesserant.
1682 3629 1918 3672 attamen

319 3704 666 3774 interrogatio
712 3721 778 3761 cit
826 3706 1122 3777 ignorantia
1182 3708 1351 3777 magis
1408 3708 1751 3778 procedebat.
1796 3710 1920 3763 Ideo

320 3812 428 3851 non
457 3804 617 3850 vocat
644 3797 764 3850 illos
813 3797 1141 3869 hypocritas.
1175 3796 1377 3853 Deinde
1409 3816 1475 3852 ne
1499 3801 1774 3869 objiceret,
1823 3817 1920 3856 cur

319 3900 524 3958 septem
554 3905 714 3943 unam
743 3890 1053 3945 habuissent
1085 3899 1331 3955 uxorem,
1379 3891 1595 3962 Moysen
1642 3893 1874 3948 aﬂ'erunt
1905 3913 1918 3949 :

319 3983 554 4044 etiamsi,
577 3991 636 4036 ut
661 3981 772 4051 jam
805 3982 936 4045 disi,
967 3982 1017 4036 id
1059 3983 1351 4037 secundum
1381 4000 1554 4038 meam
1582 3985 1917 4053 Opinionem,

323 4091 531 4130 merum
553 4085 917 4154 commeptum
945 4084 1109 4129 esset.
1144 4075 1325 4146 Neque
1370 4078 1513 4129 enim
1546 4078 1735 4132 tertius
1764 4095 1918 4132 acre-

326 4171 512 4234 piSsct,
541 4167 679 4222 duos
702 4167 811 4237 jam
838 4176 1065 4237 sponsos
1087 4167 1366 4222 defunctos
1399 4168 1585 4221 riilens
1613 4185 1628 4222 :
1661 4170 1702 4222 si
1743 4179 1918 4224 tamen

322 4262 530 4324 tertius,
577 4271 726 4315 certe
779 4277 884 4313 non
927 4269 1169 4329 quartus,
1206 4275 1303 4314 ncc
1351 4262 1588 4329 quintus,
1645 4262 1920 4331 multoque

322 4353 498 4404 minus
537 4361 722 4406 sextus
765 4361 821 4405 ct
861 4352 1155 4419 septimus;
1208 4351 1300 4404 sed
1348 4367 1567 4406 uxorein
1617 4360 1920 4422 SllsliCC'atll

325 4447 657 4500 habuissent.
701 4444 856 4498 Tales
881 4445 1079 4514 quippe
1117 4455 1241 4497 sunt
1271 4441 1462 4498 Judaei.
1509 4444 1638 4498 Nam
1677 4447 1719 4498 si
1772 4447 1919 4498 mulli

322 4554 464 4592 nunc
496 4538 566 4592 ita
611 4549 738 4591 sunt
767 4538 964 4599 alii-eti,
1017 4537 1184 4590 multo
1233 4537 1401 4605 magis
1449 4546 1573 4590 tunc
1623 4539 1918 4606 temporis:

321 4628 894 4699 quandoquidetn,hoc
922 4629 1084 4683 etiam
1114 4638 1294 4681 amoto
1321 4625 1494 4692 obice,
1519 4628 1632 4682 lucc
1655 4629 1919 4681 i-nnnnbia

324 4731 448 4777 tunc
477 4720 770 4791 fugiebant,
800 4703 1011 4774 etiamsi
1065 4715 1114 4774 id
1162 4720 1243 4776 les
1280 4722 1612 4790 proiciperet.
1658 4721 1745 4777 Sic
1779 4722 1918 4776 Ruth

322 4813 566 4867 Moabitis
593 4813 645 4868 in
672 4814 1014 4867 remotiorem
1037 4812 1374 4882 cognationis
1391 4830 1499 4865 sua:
1527 4812 1697 4866 «ιω-οι
1729 4819 1776 4868 ta
1808 4827 1919 4879 est;

321 4919 369 4960 ct
401 4896 636 4960 Thamar
662 4920 690 4958 a
713 4919 906 4959 socero
927 4919 1110 4959 semen
1152 4905 1314 4958 furari
1344 4918 1525 4958 coacta
1553 4913 1654 4959 est.
1689 4906 1797 4960 Cur
1822 4923 1913 4960 au-

323 5009 428 5052 tem
461 5014 567 5053 non
619 4997 755 5052 duos
809 4990 898 5051 aut
936 5007 1067 5063 tres,
1112 4998 1205 5051 sed
1258 4998 1464 5068 septeni
1517 4997 1680 5054 fuisse
1730 4999 1923 5055 fratres

322 5089 616 5144 commenti
643 5097 765 5143 sunt
790 5088 813 5142 ?
848 5088 912 5144 Ut
946 5090 1114 5160 magis
1143 5091 1233 5156 (ita
1261 5089 1540 5160 putabant)
1565 5093 1917 5146 reSurrectio-

325 5200 445 5238 nem
475 5183 832 5238 traducerent.
864 5181 986 5236 Ideo
1007 5183 1210 5246 dicunt,
1239 5182 1422 5235 Omnes
1450 5179 1729 5236 habuerunt
1755 5183 1910 5247 illam,

327 5287 382 5330 ιιι
407 5278 581 5346 ipsum
599 5276 650 5328 iit
672 5277 944 5346 angustias
960 5275 1285 5344 conjicercut
1337 5273 1472 5343 Quid
1491 5277 1617 5345 ergo
1645 5277 1923 5332 Christus?

325 5372 406 5426 Ad
435 5381 720 5440 utrumque
749 5369 1059 5438 respondet,
1092 5365 1290 5421 nonad
1321 5369 1499 5433 verba,
1539 5369 1632 5423 sed
1659 5369 1725 5423 ad
1769 5387 1918 5424 men-

327 5475 430 5518 tem
452 5480 638 5518 eorunt
663 5463 1047 5531 reSpiciens,et
1067 5463 1262 5530 ubique
1284 5472 1546 5515 secretam
1574 5462 1783 5516 illorum
1814 5465 1922 5531 opi-

326 5559 538 5612 nionem
569 5554 929 5626 patcl'aeieas;
958 5553 1239 5623 aliquando
1269 5552 1411 5606 illam
1447 5553 1728 5607 manifeste
1758 5554 1918 5608 refel-

328 5650 460 5713 lens,
477 5649 767 5722 aliquando
789 5646 1226 5717 interrogandum
1244 5646 1584 5700 conscictitize
1601 5647 1920 5702 ciuil'tttatio-

330 5802 408 5914 ωε
434 5809 561 5910 qzcc,
589 5809 714 5866 Ergo
748 5800 968 5859 medere,
993 5811 1107 5862 ergo
1130 5805 1323 5860 stupere
1368 5797 1637 5861 oportebat,
1663 5799 1834 5847 desunt
1876 5801 1920 5848 in

400 5876 450 5914 re
475 5900 488 5913 .

400 5876 488 5916 τει.

1305 371 1368 426 l.\'
1409 370 1816 428 MATTILEUM
1859 369 2088 424 llOMIL.
2133 368 2297 424 LXX.
2340 370 2412 425 al.
2453 368 2642 424 LXXI.

3539 373 3645 428 653

2033 503 2153 540 nctn
2175 487 2504 554 relinquens.
2526 485 2622 540 llic
2641 500 2783 540 nunc
2799 486 2918 539 vide
2935 486 3209 555 quomodo
3229 498 3282 542 et
3302 493 3653 543 resurrectio-

2028 595 2150 632 nem
2169 593 2288 632 esse
2319 578 2527 646 probet,
2547 588 2602 632 et
2631 595 2736 632 non
2762 579 2919 631 talem
2941 578 3154 648 qualem
3185 580 3282 649 ipsi
3306 583 3645 650 suspicaban-

2031 683 2134 728 tur.
2161 673 2298 735 Ouid
2327 674 2470 727 enim
2492 674 2605 726 ait?
2643 673 2735 728 29.
2772 671 2977 727 Erratis
3021 677 3297 728 nescientes
3323 674 3640 747 Scripturus,

2028 783 2185 834 neque
2202 766 2477 834 potentiam
2494 765 2604 819 Dei.
2623 766 2755 832 Quia
2784 766 2947 830 enim,
2969 775 3022 820 ut
3045 766 3132 836 qui
3156 765 3372 837 Moysen
3397 781 3637 833 nossent,

2030 859 2199 928 legem
2241 859 2494 929 allegant.
2526 859 2765 914 ostendit
2796 859 3157 928 ignorantium
3186 859 3495 928 Scripturas
3522 879 3645 917 esse

2031 951 2191 1002 talem
2218 951 2718 1018 interrogationem.
2763 949 2900 1004 Hinc
2920 951 3066 1004 enim
3097 950 3164 1004 ad
3197 950 3510 1004 tentandum
3549 969 3642 1004 τιιι-

2027 1051 2330 1107 cesserunt,
2373 1042 2517 1112 quod
2540 1043 2848 1111 Scripturas
2876 1059 2981 1097 non
3028 1052 3208 1112 utpar
3244 1055 3360 1098 erat
3382 1044 3644 1114 intellige-

2030 1145 2168 1195 rent.
2201 1144 2254 1188 et
2285 1134 2376 1188 Dei
2409 1135 2702 1204 potentiam
2735 1135 3064 1203 ignorarent.
3098 1134 3238 1204 Quid
3261 1149 3391 1206 ergo
3421 1136 3640 1199 mirum,
3694 1138 3703 1144 “
3770 1129 3771 1140 “

2031 1227 2222 1297 inquit,
2255 1229 2299 1280 si
2332 1242 2419 1280 me
2469 1225 2711 1292 tentatis,
2744 1242 2907 1296 quem
2953 1227 3131 1281 adhuc
3158 1243 3266 1282 non
3293 1227 3641 1297 cognoscitis,

2027 1318 2244 1389 quando
2267 1334 2335 1374 ne
2360 1319 2453 1373 Dei
2481 1318 2699 1389 quidem
2730 1321 3025 1387 potentiam
3049 1321 3240 1385 nostis,
3265 1318 3421 1390 cujus
3439 1328 3643 1373 tantam

2027 1409 2414 1478 experientiam
2447 1409 2682 1475 habetis,
2706 1424 2771 1465 ac
2797 1425 2972 1480 neque
2987 1427 3053 1465 es
3082 1411 3464 1466 communibus
3493 1412 3643 1477 cogi-

2030 1501 2341 1566 tationibus,
2372 1517 2547 1572 neque
2570 1516 2634 1556 es
2669 1502 2966 1573 Scripturis
2997 1505 3142 1558 illam
3175 1506 3365 1568 nostis,
3393 1505 3437 1560 si
3461 1514 3644 1561 tanien

2029 1607 2344 1649 communes
2370 1594 2725 1664 cogitationes
2747 1611 2868 1650 eam
2899 1597 3143 1652 notitiam
3190 1598 3499 1669 praebcant,
3534 1597 3646 1652 Deo

2029 1685 2207 1738 omnia
2239 1699 2360 1740 esse
2389 1686 2711 1754 possibilia?

2103 1778 2154 1832 3.
2202 1777 2268 1831 Et
2298 1781 2472 1847 primo
2503 1779 2719 1848 quidem
2751 1779 2819 1832 ad
2851 1780 3139 1848 qutcsitum
3169 1781 3481 1849 respondet.
3507 1780 3644 1846 Quia

2029 1870 2173 1923 enim
2205 1869 2256 1923 in
2279 1885 2437 1925 causa
2469 1870 2573 1924 illis
2601 1880 2712 1924 erat
2745 1885 2844 1924 cur
2873 1862 3327 1926 resurrectionem
3373 1887 3498 1926 esse
3537 1890 3641 1927 non

2032 1970 2298 2029 putarent,
2332 1961 2472 2029 quod
2502 1961 2786 2016 crederent
2813 1963 2976 2017 talem
3000 1972 3125 2016 tunc
3156 1978 3278 2017 esse
3305 1978 3484 2017 rerum
3517 1981 3639 2018 coti-

2030 2052 2311 2116 ditionem,
2345 2065 2561 2106 causam
2600 2063 2865 2114 removet,
2895 2063 2949 2107 ct
2967 2055 3110 2123 quod
3142 2071 3207 2109 ex
3238 2054 3325 2108 illa
3357 2071 3518 2110 eausa
3549 2075 3641 2108 ar-

2029 2143 2243 2197 cidebat
2269 2145 2420 2212 (inde
2449 2147 2592 2197 enim
2619 2145 2844 2199 morbus
2870 2155 3024 2199 ortus
3068 2149 3234 2211 erat),
3281 2161 3344 2201 ac
3393 2163 3640 2201 re-urre-

2028 2235 2222 2288 ctionis
2271 2235 2489 2289 modum
2521 2237 2761 2291 ostendit
2789 2254 2804 2290 :
2837 2237 2913 2290 ait
2949 2238 3092 2290 enim
3125 2255 3138 2291 :
3171 2237 3260 2292 50.
3317 2237 3381 2291 In
3411 2255 3640 2292 resurre-

2028 2328 2195 2381 ctione
2247 2343 2405 2397 neque
2435 2327 2666 2395 nubent,
2715 2346 2877 2392 itaque
2929 2330 3204 2397 notentur,
3255 2333 3344 2385 sed
3395 2343 3543 2384 erunt
3589 2345 3642 2385 ut

2028 2420 2198 2489 angeli
2227 2418 2323 2473 Dei
2345 2420 2556 2473 incwlo.
2585 2420 2755 2475 Lucas
2781 2437 2910 2474 vero
2939 2422 3035 2485 ait,
3068 2423 3214 2475 Sicut
3240 2424 3336 2489 ﬁlii
3358 2421 3457 2476 Dei
3489 2423 3639 2495 (an.

2027 2509 2119 2562 20.
2148 2510 2259 2577 56).
2290 2509 2344 2566 Si
2377 2528 2506 2581 ergo
2539 2528 2644 2566 non
2677 2514 2903 2578 nubunt,
2929 2514 3197 2584 superﬂua
3221 2527 3302 2569 est
3336 2515 3639 2586 interroga-

2031 2604 2123 2656 tio.
2153 2603 2336 2674 quue
2369 2605 2490 2666 ideo
2533 2607 2707 2677 angeli
2741 2618 2889 2673 smit,
2935 2610 3078 2678 quod
3121 2625 3228 2663 non
3269 2610 3502 2668 nubant:
3545 2611 3640 2664 sed

2029 2698 2151 2764 quia
2182 2708 2238 2751 ut
2263 2700 2436 2768 angeli
2464 2709 2610 2765 sunt,
2637 2700 2759 2756 ideo
2787 2708 2893 2755 non
2919 2703 3147 2757 nubunt.
3166 2703 3302 2758 lliuc
3321 2705 3484 2758 multa
3507 2721 3642 2773 quo-

2029 2803 2133 2855 que
2153 2788 2256 2842 alia
2285 2791 2519 2852 sustulit,
2550 2808 2668 2858 qua:
2695 2792 2873 2845 omnia
2900 2809 3005 2846 una
3037 2805 3171 2848 Voce
3205 2795 3404 2848 l’anltts
3451 2796 3642 2848 subiti-

2028 2877 2227 2932 dicavit
2263 2880 2452 2935 dicens
2502 2899 2516 2936 :
2563 2881 2802 2937 Pra'terit
2850 2885 2984 2938 enim
3041 2887 3207 2956 ﬁgura
3255 2886 3410 2956 hujus
3465 2888 3642 2940 mundi

2031 2972 2109 3040 (l.
2144 2972 2262 3028 (ἔον.
2296 2975 2348 3028 7.
2378 2974 2470 3048 3i)
2511 2977 2714 3046 Hisque
2730 2979 2966 3033 ostendit
2996 2980 3171 3045 qualis
3188 2980 3258 3033 sit
3288 2979 3637 3040 resurrectio,

2030 3075 2086 3120 et
2113 3068 2254 3136 quod
2299 3081 2423 3124 vere
2466 3073 2792 3125 resurrectio
2820 3072 2889 3124 sit
2935 3071 3110 3125 futura
3142 3090 3154 3124 :
3185 3073 3288 3126 etsi
3334 3088 3463 3126 Vero
3504 3073 3636 3127 illud

2031 3173 2132 3211 una
2165 3162 2445 3225 probatum
2481 3160 2660 3224 fuerit,
2685 3173 2918 3217 attamen
2944 3179 3008 3218 ex
3032 3165 3327 3219 abundanti
3359 3165 3488 3220 illttd
3517 3183 3640 3219 rur-

2030 3265 2148 3304 sum
2181 3251 2383 3319 adjicu.
2417 3253 2601 3321 Neque
2626 3254 2771 3308 etiitn
2830 3255 3239 3325 interrogationi
3285 3257 3447 3310 ttiodo
3477 3258 3634 3312 satis-

2030 3343 2172 3406 fecit,
2207 3343 2300 3398 sed
2324 3346 2485 3399 etiam
2521 3347 2732 3401 illorum
2761 3348 3097 3418 cogitationi.
3150 3347 3243 3404 Sic
3276 3350 3492 3418 quando
3535 3368 3640 3405 non

2028 3449 2092 3487 ex
2150 3443 2296 3487 tanta
2347 3437 2582 3500 malitia,
2640 3437 2736 3493 sed
2792 3453 2858 3492 ex
2915 3439 3212 3507 ignorantia
3268 3439 3641 3508 interrogant,

2029 3528 2261 3594 amplius
2311 3530 2466 3583 docet
2509 3530 2767 3598 :quando
2797 3540 2979 3584 autem
3028 3547 3092 3584 ex
3147 3533 3383 3600 nequitia
3434 3541 3586 3588 tantu
3610 3552 3640 3586 ιι

2031 3620 2379 3687 interrogatio
2424 3624 2655 3690 Ill'OlltflSt
2681 3622 2819 3686 itur,
2873 3640 3048 3692 neque
3104 3623 3509 3690 interrogationi
3553 3641 3641 3678 re-

2029 3712 2280 3778 Spondet.
2306 3712 2539 3766 ltursum
2569 3729 2748 3767 autem
2773 3731 2837 3767 ex
2864 3715 3046 3786 Moy~e
3070 3715 3190 3770 illos
3216 3716 3480 3783 conl'utat,
3518 3719 3642 3786 quia

2030 3801 2127 3871 ipsi
2175 3802 2392 3874 Moysen
2423 3805 2805 3867 obtendebant,
2831 3818 2883 3861 et
2912 3808 3022 3862 ait:
3048 3809 3136 3863 3|.
3170 3808 3248 3863 De
3273 3811 3642 3865 resurrectione

2031 3912 2146 3948 vero
2193 3908 2510 3951 mortuorum
2552 3914 2652 3950 non
2695 3898 2911 3968 legistis,
2950 3898 3042 3954 3‘2.
3098 3899 3358 3966 Quoniam
3405 3918 3497 3974 ego
3528 3919 3644 3955 sum

2031 3990 2169 4043 Deus
2210 3991 2488 4052 Abraham,
2519 4003 2564 4044 et
2591 3989 2732 4043 Deus
2762 3989 2914 4044 Isaae
2938 4033 2954 4057 ,
2999 4003 3045 4045 et
3075 3991 3212 4046 Deus
3241 3992 3405 4047 Iacob
3441 3993 3640 4066 (Exod.

2029 4083 2081 4133 6.
2115 4082 2168 4149 3)
2187 4085 2210 4131 Ὺ
2241 4080 2361 4134 Non
2391 4092 2465 4134 est
2495 4081 2632 4135 Deus
2654 4093 2989 4146 mortuorum,
3018 4085 3106 4136 sed
3132 4086 3380 4139 vivorum.
3412 4085 3528 4140 Non
3561 4101 3643 4140 est

2033 4172 2218 4240 inquit,
2257 4188 2362 4225 non
2403 4173 2803 4238 exsislrnliunt,
2837 4184 2890 4226 et
2939 4189 3126 4226 enrtttn
3173 4175 3260 4244 qui
3315 4192 3535 4242 prorsus
3570 4195 3636 4231 ex

2033 4264 2209 4317 medio
2251 4264 2446 4318 sublati
2495 4275 2656 4329 sunt,
2692 4282 2793 4318 nec
2834 4281 3083 4334 umquam
3118 4269 3496 4321 resurrecturi.
3524 4268 3640 4322 Non

2031 4359 2173 4410 enim
2201 4355 2354 4416 dixit,
2389 4357 2570 4422 Erant,
2600 4357 2718 4419 sed.
2754 4358 2909 4422 Sunt,
2938 4362 3317 4414 exsistetitiunt
3366 4379 3560 4428 ticnipe
3590 4373 3642 4416 γι

2034 4450 2344 4501 viventium.
2380 4450 2532 4503 Sicut
2571 4449 2715 4503 enim
2752 4451 2952 4512 Adam,
2989 4452 3111 4505 licet
3163 4452 3365 4506 viveret
3410 4469 3513 4522 qua
3555 4456 3645 4509 die

2034 4543 2372 4596 mmdncavit
2396 4543 2464 4597 de
2494 4542 2660 4613 ligno,
2695 4545 2966 4598 sententia
2997 4545 3201 4612 prolata
3237 4557 3483 4599 mortuus
3514 4559 3593 4599 est
3628 4567 3640 4601 :

2030 4651 2106 4687 δερ
2136 4646 2184 4687 et
2218 4635 2322 4695 isti,
2354 4634 2477 4689 licet
2507 4637 2702 4688 mortui
2735 4647 2938 4698 essmit,
2974 4653 3038 4690 ex
3074 4639 3431 4702 promissione
3465 4656 3642 4693 resur-

2031 4727 2288 4780 rectionis
2336 4728 2607 4780 viri-bant.
2654 4727 2938 4793 Quomodo
2979 4727 3137 4793 igitur
3169 4709 3236 4779 :iit
3293 4730 3444 4794 alibi,
3485 4728 3552 4784 Ut
3596 4743 3644 4784 et

2032 4819 2244 4872 mortuis
2272 4832 2316 4871 et
2346 4820 2466 4871 rivis
2514 4820 2801 4872 dominetur
2849 4819 3023 4890 (liora.-
3072 4822 3157 4874 Η.
3182 4821 3278 4888 9)?
3311 4821 3505 4899 Verum
3537 4842 3643 4877 non

2029 4923 2109 4967 cst
2141 4913 2242 4965 hoc
2269 4913 2340 4964 illi
2371 4912 2726 4965 coi.trarium.
2758 4911 2888 4965 Nam
2921 4911 3006 4965 hic
3031 4912 3098 4965 de
3127 4913 3352 4967 mortuis
3385 4914 3644 4985 loquitur,

2029 5008 2117 5073 qui
2153 5016 2337 5075 postea
2387 5005 2576 5060 victuri
2612 5015 2758 5060 sunt.
2802 5006 3052 5075 Alioquin
3102 5017 3282 5060 autem
3332 5007 3480 5062 aliud
3532 5020 3640 5074 est,

2031 5099 2143 5167 Ego
2175 5096 2314 5152 Deus
2344 5099 2621 5162 Abraham,
2641 5107 2694 5151 et
2721 5098 2888 5162 aliud,
2909 5097 2975 5152 Ut
3007 5109 3318 5152 mortuorum
3342 5110 3390 5154 et
3415 5102 3641 5154 vivorum

2029 5192 2337 5244 dontinetur.
2368 5189 2527 5244 Novit
2550 5201 2602 5243 et
2621 5189 2780 5244 aliam
2805 5201 3056 5258 mortem,-
3079 5190 3147 5246 de
3169 5207 3271 5260 qua
3292 5189 3420 5248 dicit
3444 5213 3454 5246 :
3477 5194 3642 5248 Sinite

2030 5294 2255 5336 mortuos
2287 5283 2502 5353 sepelire
2527 5295 2754 5336 mortuos
2776 5299 2894 5335 suos
2912 5283 3064 5352 (Luc.
3095 5282 3150 5337 9.
3180 5283 3294 5352 60).
3319 5285 3409 5338 35.
3445 5284 3511 5339 Et
3538 5304 3639 5338 au-

2029 5377 2220 5431 dientes
2256 5377 2416 5430 turbte
2455 5377 2774 5430 mirabantur
2813 5378 2877 5430 tle
2911 5377 3143 5431 doctrina
3169 5379 3302 5449 ejus.
3337 5378 3522 5450 Neque
3553 5382 3639 5435 hic

2029 5470 2340 5535 Sadduca-i;
2397 5472 2491 5525 sed
2525 5471 2648 5525 victi
2703 5482 3081 5526 recesserunt:
3135 5472 3426 5526 nmltitudo
3456 5484 3637 5530 autem

2032 5581 2136 5619 non
2190 5566 2400 5620 addicta
2461 5566 2704 5635 partibus
2748 5567 2871 5621 hinc
2927 5568 3208 5621 utilitatem
3255 5569 3447 5637 carpit.
3503 5568 3638 5635 Quia

2031 5660 2190 5728 igitur
2221 5658 2342 5712 talis
2370 5665 2453 5712 est
2477 5659 2827 5722 resurrectio,
2861 5674 2983 5729 age,
3014 5659 3143 5714 nihil
3175 5674 3285 5714 nou
3313 5675 3554 5731 agamus,
3583 5671 3637 5716 ιιι

2032 5759 2242 5829 primas
2273 5757 2386 5813 illic
2408 5757 2740 5812 referamus.
2774 5756 2905 5812 Etsi
2933 5759 3134 5828 placet,
3161 5757 3522 5812 ostendamus
3546 5771 3644 5810 vo-

2035 5849 2119 5906 bis
2147 5850 2417 5921 quosdam
2445 5850 2536 5921 qui
2571 5850 2736 5904 etiam
2773 5860 2896 5904 ante
2922 5850 3418 5915 resurrectionem,
3451 5863 3643 5904 resus-
