  <div class='ocr_page' id='page_1' title='image "/cluster/home/n/w/nwhite01/storage/ocr_20150623/58/ien.35556001660851/203.png"; bbox 0 0 4074 6442; ppageno 0'>
   <div class='ocr_carea' id='block_1_1' title="bbox 495 358 605 416">
    <p class='ocr_par' dir='ltr' id='par_1_1' title="bbox 495 358 605 416">
     <span class='ocr_line' id='line_1_1' title="bbox 495 358 605 416; baseline 0.036 -4"><span class='ocrx_word' id='word_1_1' title='bbox 495 358 605 416; x_wconf 78' lang='lat'><strong>659</strong></span> 
     </span>
    </p>
   </div>
   <div class='ocr_carea' id='block_1_2' title="bbox 497 475 2066 546">
    <p class='ocr_par' dir='ltr' id='par_1_2' title="bbox 497 475 2066 546">
     <span class='ocr_line' id='line_1_2' title="bbox 497 475 2066 546; baseline -0.001 -17"><span class='ocrx_word' id='word_1_2' title='bbox 497 481 781 531; x_wconf 77' lang='lat' dir='ltr'><strong>citatorum</strong></span> <span class='ocrx_word' id='word_1_3' title='bbox 835 478 997 529; x_wconf 87' lang='lat' dir='ltr'><strong>vitam</strong></span> <span class='ocrx_word' id='word_1_4' title='bbox 1040 488 1092 530; x_wconf 75' lang='lat' dir='ltr'><strong>et</strong></span> <span class='ocrx_word' id='word_1_5' title='bbox 1130 477 1519 533; x_wconf 79' lang='lat' dir='ltr'><strong>beatitudinem</strong></span> <span class='ocrx_word' id='word_1_6' title='bbox 1563 476 1894 546; x_wconf 84' lang='lat' dir='ltr'><strong>anticipant:</strong></span> <span class='ocrx_word' id='word_1_7' title='bbox 1935 475 2066 530; x_wconf 85' lang='lat' dir='ltr'><strong>soli-</strong></span> 
     </span>
    </p>
   </div>
   <div class='ocr_carea' id='block_1_3' title="bbox 500 569 2066 636">
    <p class='ocr_par' dir='ltr' id='par_1_3' title="bbox 500 569 2066 636">
     <span class='ocr_line' id='line_1_3' title="bbox 500 569 2066 636; baseline -0.002 -15"><span class='ocrx_word' id='word_1_8' title='bbox 500 569 740 622; x_wconf 86' lang='lat' dir='ltr'><strong>tudinem</strong></span> <span class='ocrx_word' id='word_1_9' title='bbox 770 583 985 622; x_wconf 78' lang='lat' dir='ltr'><strong>rursum</strong></span> <span class='ocrx_word' id='word_1_10' title='bbox 1017 578 1300 633; x_wconf 66' lang='lat' dir='ltr'><strong>petamus;</strong></span> <span class='ocrx_word' id='word_1_11' title='bbox 1341 585 1463 622; x_wconf 85' lang='lat' dir='ltr'><strong>nam</strong></span> <span class='ocrx_word' id='word_1_12' title='bbox 1497 570 1638 624; x_wconf 87' lang='lat' dir='ltr'><strong>idem</strong></span> <span class='ocrx_word' id='word_1_13' title='bbox 1677 584 1872 622; x_wconf 85' lang='lat' dir='ltr'><strong>rursus</strong></span> <span class='ocrx_word' id='word_1_14' title='bbox 1903 583 2066 636; x_wconf 71' lang='lat' dir='ltr'><strong>argu-</strong></span> 
     </span>
    </p>
   </div>
   <div class='ocr_carea' id='block_1_4' title="bbox 496 660 2064 730">
    <p class='ocr_par' dir='ltr' id='par_1_4' title="bbox 496 660 2064 730">
     <span class='ocr_line' id='line_1_4' title="bbox 496 660 2064 730; baseline 0.001 -18"><span class='ocrx_word' id='word_1_15' title='bbox 496 669 737 713; x_wconf 91' lang='lat' dir='ltr'><strong>mentum</strong></span> <span class='ocrx_word' id='word_1_16' title='bbox 760 660 1025 723; x_wconf 79' lang='lat' dir='ltr'><strong>tractabo,</strong></span> <span class='ocrx_word' id='word_1_17' title='bbox 1043 676 1169 729; x_wconf 82' lang='lat' dir='ltr'><strong>quia</strong></span> <span class='ocrx_word' id='word_1_18' title='bbox 1191 677 1286 713; x_wconf 69' lang='lat' dir='ltr'><strong>ws</strong></span> <span class='ocrx_word' id='word_1_19' title='bbox 1300 675 1425 715; x_wconf 86' lang='lat' dir='ltr'><strong>cum</strong></span> <span class='ocrx_word' id='word_1_20' title='bbox 1447 662 1724 730; x_wconf 79' lang='lat' dir='ltr'><strong>voluptate</strong></span> <span class='ocrx_word' id='word_1_21' title='bbox 1751 661 1862 714; x_wconf 78' lang='lat' dir='ltr'><strong>lucc</strong></span> <span class='ocrx_word' id='word_1_22' title='bbox 1877 661 2064 714; x_wconf 83' lang='lat' dir='ltr'><strong>audire</strong></span> 
     </span>
    </p>
   </div>
   <div class='ocr_carea' id='block_1_5' title="bbox 495 742 2065 822">
    <p class='ocr_par' dir='ltr' id='par_1_5' title="bbox 495 742 2065 822">
     <span class='ocr_line' id='line_1_5' title="bbox 495 742 2065 822; baseline 0.003 -21"><span class='ocrx_word' id='word_1_23' title='bbox 495 750 792 818; x_wconf 76' lang='lat' dir='ltr'><strong>conspicio.</strong></span> <span class='ocrx_word' id='word_1_24' title='bbox 815 748 1110 806; x_wconf 72' lang='lat' dir='ltr'><strong>Videamus</strong></span> <span class='ocrx_word' id='word_1_25' title='bbox 1132 769 1260 822; x_wconf 86' lang='lat' dir='ltr'><strong>ergo</strong></span> <span class='ocrx_word' id='word_1_26' title='bbox 1282 754 1443 808; x_wconf 84' lang='lat' dir='ltr'><strong>hodie</strong></span> <span class='ocrx_word' id='word_1_27' title='bbox 1458 742 1732 808; x_wconf 74' lang='lat' dir='ltr'><strong>exercitus</strong></span> <span class='ocrx_word' id='word_1_28' title='bbox 1755 754 1876 806; x_wconf 86' lang='lat' dir='ltr'><strong>illos</strong></span> <span class='ocrx_word' id='word_1_29' title='bbox 1901 753 2065 821; x_wconf 82' lang='lat' dir='ltr'><strong>spiri-</strong></span> 
     </span>
    </p>
   </div>
   <div class='ocr_carea' id='block_1_6' title="bbox 497 841 2064 914">
    <p class='ocr_par' dir='ltr' id='par_1_6' title="bbox 497 841 2064 914">
     <span class='ocr_line' id='line_1_6' title="bbox 497 841 2064 914; baseline 0.003 -20"><span class='ocrx_word' id='word_1_30' title='bbox 497 844 700 896; x_wconf 79' lang='lat' dir='ltr'><strong>tuaies:</strong></span> <span class='ocrx_word' id='word_1_31' title='bbox 739 841 1023 897; x_wconf 77' lang='lat' dir='ltr'><strong>videamus</strong></span> <span class='ocrx_word' id='word_1_32' title='bbox 1057 844 1388 914; x_wconf 80' lang='lat' dir='ltr'><strong>voluptatem</strong></span> <span class='ocrx_word' id='word_1_33' title='bbox 1420 845 1613 898; x_wconf 85' lang='lat' dir='ltr'><strong>timorr.</strong></span> <span class='ocrx_word' id='word_1_34' title='bbox 1639 845 1786 899; x_wconf 88' lang='lat' dir='ltr'><strong>omni</strong></span> <span class='ocrx_word' id='word_1_35' title='bbox 1817 860 2064 898; x_wconf 77' lang='lat' dir='ltr'><strong>vacuam.</strong></span> 
     </span>
    </p>
   </div>
   <div class='ocr_carea' id='block_1_7' title="bbox 493 931 2065 1005">
    <p class='ocr_par' dir='ltr' id='par_1_7' title="bbox 493 931 2065 1005">
     <span class='ocr_line' id='line_1_7' title="bbox 493 931 2065 1005; baseline 0.003 -20"><span class='ocrx_word' id='word_1_36' title='bbox 493 931 610 985; x_wconf 71' lang='lat' dir='ltr'><strong>Non</strong></span> <span class='ocrx_word' id='word_1_37' title='bbox 632 932 775 986; x_wconf 86' lang='lat' dir='ltr'><strong>enim</strong></span> <span class='ocrx_word' id='word_1_38' title='bbox 793 947 920 986; x_wconf 87' lang='lat' dir='ltr'><strong>eum</strong></span> <span class='ocrx_word' id='word_1_39' title='bbox 938 933 1108 988; x_wconf 85' lang='lat' dir='ltr'><strong>hastis</strong></span> <span class='ocrx_word' id='word_1_40' title='bbox 1129 934 1474 989; x_wconf 82' lang='lat' dir='ltr'><strong>tabernacula</strong></span> <span class='ocrx_word' id='word_1_41' title='bbox 1491 945 1778 1005; x_wconf 88' lang='lat' dir='ltr'><strong>occupant,</strong></span> <span class='ocrx_word' id='word_1_42' title='bbox 1793 945 1853 988; x_wconf 90' lang='lat' dir='ltr'><strong>ut</strong></span> <span class='ocrx_word' id='word_1_43' title='bbox 1866 937 2065 990; x_wconf 82' lang='lat' dir='ltr'><strong>milites</strong></span> 
     </span>
    </p>
   </div>
   <div class='ocr_carea' id='block_1_8' title="bbox 487 1020 2065 1091">
    <p class='ocr_par' dir='ltr' id='par_1_8' title="bbox 487 1020 2065 1091">
     <span class='ocr_line' id='line_1_8' title="bbox 487 1020 2065 1091; baseline 0.003 -21"><span class='ocrx_word' id='word_1_44' title='bbox 487 1022 629 1082; x_wconf 85' lang='lat' dir='ltr'><strong>(nam</strong></span> <span class='ocrx_word' id='word_1_45' title='bbox 662 1020 749 1074; x_wconf 86' lang='lat' dir='ltr'><strong>bie</strong></span> <span class='ocrx_word' id='word_1_46' title='bbox 771 1036 941 1089; x_wconf 80' lang='lat' dir='ltr'><strong>nuper</strong></span> <span class='ocrx_word' id='word_1_47' title='bbox 969 1021 1179 1078; x_wconf 80' lang='lat' dir='ltr'><strong>dicendi</strong></span> <span class='ocrx_word' id='word_1_48' title='bbox 1212 1024 1367 1077; x_wconf 89' lang='lat' dir='ltr'><strong>tinem</strong></span> <span class='ocrx_word' id='word_1_49' title='bbox 1398 1022 1496 1076; x_wconf 82' lang='lat' dir='ltr'><strong>feci</strong></span> <span class='ocrx_word' id='word_1_50' title='bbox 1529 1021 1568 1091; x_wconf 84' lang='lat'><strong>),</strong></span> <span class='ocrx_word' id='word_1_51' title='bbox 1602 1038 1773 1090; x_wconf 81' lang='lat' dir='ltr'><strong>neque</strong></span> <span class='ocrx_word' id='word_1_52' title='bbox 1799 1038 1918 1076; x_wconf 88' lang='lat' dir='ltr'><strong>cum</strong></span> <span class='ocrx_word' id='word_1_53' title='bbox 1969 1025 2065 1075; x_wconf 82' lang='lat' dir='ltr'><strong>cli-</strong></span> 
     </span>
    </p>
   </div>
   <div class='ocr_carea' id='block_1_9' title="bbox 489 1112 2061 1178">
    <p class='ocr_par' dir='ltr' id='par_1_9' title="bbox 489 1112 2061 1178">
     <span class='ocr_line' id='line_1_9' title="bbox 489 1112 2061 1178; baseline 0.003 -16"><span class='ocrx_word' id='word_1_54' title='bbox 489 1113 603 1178; x_wconf 70' lang='lat' dir='ltr'><strong>peis</strong></span> <span class='ocrx_word' id='word_1_55' title='bbox 629 1120 682 1165; x_wconf 90' lang='lat' dir='ltr'><strong>et</strong></span> <span class='ocrx_word' id='word_1_56' title='bbox 705 1113 880 1166; x_wconf 86' lang='lat' dir='ltr'><strong>loricis</strong></span> <span class='ocrx_word' id='word_1_57' title='bbox 913 1128 926 1164; x_wconf 89' lang='lat'><strong>:</strong></span> <span class='ocrx_word' id='word_1_58' title='bbox 956 1112 1047 1165; x_wconf 86' lang='lat' dir='ltr'><strong>sed</strong></span> <span class='ocrx_word' id='word_1_59' title='bbox 1077 1112 1156 1164; x_wconf 84' lang='lat' dir='ltr'><strong>his</strong></span> <span class='ocrx_word' id='word_1_60' title='bbox 1183 1113 1428 1166; x_wconf 85' lang='lat' dir='ltr'><strong>munibus</strong></span> <span class='ocrx_word' id='word_1_61' title='bbox 1461 1115 1628 1165; x_wconf 85' lang='lat' dir='ltr'><strong>nudos</strong></span> <span class='ocrx_word' id='word_1_62' title='bbox 1663 1112 1883 1173; x_wconf 85' lang='lat' dir='ltr'><strong>videbis,</strong></span> <span class='ocrx_word' id='word_1_63' title='bbox 1914 1113 2061 1166; x_wconf 87' lang='lat' dir='ltr'><strong>talia-</strong></span> 
     </span>
    </p>
   </div>
   <div class='ocr_carea' id='block_1_10' title="bbox 483 1204 2058 1272">
    <p class='ocr_par' dir='ltr' id='par_1_10' title="bbox 483 1204 2058 1272">
     <span class='ocr_line' id='line_1_10' title="bbox 483 1204 2058 1272; baseline 0.004 -20"><span class='ocrx_word' id='word_1_64' title='bbox 483 1219 588 1269; x_wconf 85' lang='lat' dir='ltr'><strong>que</strong></span> <span class='ocrx_word' id='word_1_65' title='bbox 613 1215 915 1272; x_wconf 81' lang='lat' dir='ltr'><strong>operantes,</strong></span> <span class='ocrx_word' id='word_1_66' title='bbox 941 1219 1058 1272; x_wconf 78' lang='lat' dir='ltr'><strong>qme</strong></span> <span class='ocrx_word' id='word_1_67' title='bbox 1075 1219 1178 1256; x_wconf 87' lang='lat' dir='ltr'><strong>non</strong></span> <span class='ocrx_word' id='word_1_68' title='bbox 1205 1213 1425 1272; x_wconf 83' lang='lat' dir='ltr'><strong>possunt</strong></span> <span class='ocrx_word' id='word_1_69' title='bbox 1443 1205 1647 1256; x_wconf 82' lang='lat' dir='ltr'><strong>illicum</strong></span> <span class='ocrx_word' id='word_1_70' title='bbox 1671 1204 1833 1257; x_wconf 79' lang='lat' dir='ltr'><strong>armis</strong></span> <span class='ocrx_word' id='word_1_71' title='bbox 1861 1204 2058 1260; x_wconf 73' lang='lat' dir='ltr'><strong>iaeere.</strong></span> 
     </span>
    </p>
   </div>
   <div class='ocr_carea' id='block_1_11' title="bbox 482 1293 2060 1363">
    <p class='ocr_par' dir='ltr' id='par_1_11' title="bbox 482 1293 2060 1363">
     <span class='ocr_line' id='line_1_11' title="bbox 482 1293 2060 1363; baseline 0.004 -17"><span class='ocrx_word' id='word_1_72' title='bbox 482 1293 536 1346; x_wconf 78' lang='lat' dir='ltr'><strong>Si</strong></span> <span class='ocrx_word' id='word_1_73' title='bbox 571 1293 742 1359; x_wconf 84' lang='lat' dir='ltr'><strong>possis</strong></span> <span class='ocrx_word' id='word_1_74' title='bbox 769 1293 970 1356; x_wconf 75' lang='lat' dir='ltr'><strong>ridere,</strong></span> <span class='ocrx_word' id='word_1_75' title='bbox 992 1295 1201 1355; x_wconf 86' lang='lat' dir='ltr'><strong>veni,et</strong></span> <span class='ocrx_word' id='word_1_76' title='bbox 1217 1310 1428 1348; x_wconf 90' lang='lat' dir='ltr'><strong>manum</strong></span> <span class='ocrx_word' id='word_1_77' title='bbox 1459 1297 1588 1349; x_wconf 86' lang='lat' dir='ltr'><strong>mihi</strong></span> <span class='ocrx_word' id='word_1_78' title='bbox 1615 1298 1845 1363; x_wconf 67' lang='lat' dir='ltr'><strong>porrige.</strong></span> <span class='ocrx_word' id='word_1_79' title='bbox 1875 1313 2060 1352; x_wconf 84' lang='lat' dir='ltr'><strong>camus</strong></span> 
     </span>
    </p>
   </div>
   <div class='ocr_carea' id='block_1_12' title="bbox 481 1368 2057 1453">
    <p class='ocr_par' dir='ltr' id='par_1_12' title="bbox 481 1368 2057 1453">
     <span class='ocr_line' id='line_1_12' title="bbox 481 1368 2057 1453; baseline 0.003 -18"><span class='ocrx_word' id='word_1_80' title='bbox 481 1383 639 1436; x_wconf 86' lang='lat' dir='ltr'><strong>ambo</strong></span> <span class='ocrx_word' id='word_1_81' title='bbox 665 1383 728 1436; x_wconf 85' lang='lat' dir='ltr'><strong>ad</strong></span> <span class='ocrx_word' id='word_1_82' title='bbox 762 1382 862 1437; x_wconf 80' lang='lat' dir='ltr'><strong>hoc</strong></span> <span class='ocrx_word' id='word_1_83' title='bbox 890 1368 1109 1449; x_wconf 85' lang='lat' dir='ltr'><strong>bellum,</strong></span> <span class='ocrx_word' id='word_1_84' title='bbox 1142 1385 1526 1453; x_wconf 86' lang='lat' dir='ltr'><strong>videamusque</strong></span> <span class='ocrx_word' id='word_1_85' title='bbox 1547 1387 1736 1439; x_wconf 88' lang='lat' dir='ltr'><strong>aciem.</strong></span> <span class='ocrx_word' id='word_1_86' title='bbox 1764 1387 1890 1440; x_wconf 79' lang='lat' dir='ltr'><strong>Nam</strong></span> <span class='ocrx_word' id='word_1_87' title='bbox 1919 1397 1972 1441; x_wconf 91' lang='lat' dir='ltr'><strong>et</strong></span> <span class='ocrx_word' id='word_1_88' title='bbox 2007 1388 2057 1441; x_wconf 93' lang='lat' dir='ltr'><strong>hi</strong></span> 
     </span>
    </p>
   </div>
   <div class='ocr_carea' id='block_1_13' title="bbox 480 1473 2056 1544">
    <p class='ocr_par' dir='ltr' id='par_1_13' title="bbox 480 1473 2056 1544">
     <span class='ocr_line' id='line_1_13' title="bbox 480 1473 2056 1544; baseline 0.005 -21"><span class='ocrx_word' id='word_1_89' title='bbox 480 1473 714 1540; x_wconf 67' lang='lat' dir='ltr'><strong>riiiotidie</strong></span> <span class='ocrx_word' id='word_1_90' title='bbox 737 1482 988 1542; x_wconf 82' lang='lat' dir='ltr'><strong>pugnant,</strong></span> <span class='ocrx_word' id='word_1_91' title='bbox 1015 1475 1256 1529; x_wconf 84' lang='lat' dir='ltr'><strong>inimicos</strong></span> <span class='ocrx_word' id='word_1_92' title='bbox 1275 1476 1543 1536; x_wconf 88' lang='lat' dir='ltr'><strong>occidunt,</strong></span> <span class='ocrx_word' id='word_1_93' title='bbox 1578 1486 1632 1529; x_wconf 79' lang='lat' dir='ltr'><strong>ct</strong></span> <span class='ocrx_word' id='word_1_94' title='bbox 1671 1477 2056 1544; x_wconf 84' lang='lat' dir='ltr'><strong>concupiscen-</strong></span> 
     </span>
    </p>
   </div>
   <div class='ocr_carea' id='block_1_14' title="bbox 479 1564 2056 1622">
    <p class='ocr_par' dir='ltr' id='par_1_14' title="bbox 479 1564 2056 1622">
     <span class='ocr_line' id='line_1_14' title="bbox 479 1564 2056 1622; baseline 0.004 -7"><span class='ocrx_word' id='word_1_95' title='bbox 479 1564 578 1616; x_wconf 73' lang='lat' dir='ltr'><strong>tias</strong></span> <span class='ocrx_word' id='word_1_96' title='bbox 615 1577 801 1617; x_wconf 90' lang='lat' dir='ltr'><strong>omnes</strong></span> <span class='ocrx_word' id='word_1_97' title='bbox 851 1564 1002 1618; x_wconf 81' lang='lat' dir='ltr'><strong>nobis</strong></span> <span class='ocrx_word' id='word_1_98' title='bbox 1051 1565 1362 1620; x_wconf 86' lang='lat' dir='ltr'><strong>insidiantes</strong></span> <span class='ocrx_word' id='word_1_99' title='bbox 1389 1567 1604 1620; x_wconf 77' lang='lat' dir='ltr'><strong>vincunt</strong></span> <span class='ocrx_word' id='word_1_100' title='bbox 1636 1584 1652 1620; x_wconf 72' lang='grc' dir='ltr'>ε</span> <span class='ocrx_word' id='word_1_101' title='bbox 1685 1567 1801 1620; x_wconf 74' lang='lat' dir='ltr'><strong>illas</strong></span> <span class='ocrx_word' id='word_1_102' title='bbox 1855 1569 2056 1622; x_wconf 81' lang='lat' dir='ltr'><strong>ridebis</strong></span> 
     </span>
    </p>
   </div>
   <div class='ocr_carea' id='block_1_15' title="bbox 478 1651 2051 1726">
    <p class='ocr_par' dir='ltr' id='par_1_15' title="bbox 478 1651 2051 1726">
     <span class='ocr_line' id='line_1_15' title="bbox 478 1651 2051 1726; baseline 0.003 -20"><span class='ocrx_word' id='word_1_103' title='bbox 478 1651 620 1706; x_wconf 82' lang='lat' dir='ltr'><strong>humi</strong></span> <span class='ocrx_word' id='word_1_104' title='bbox 642 1653 903 1721; x_wconf 72' lang='lat' dir='ltr'><strong>iacentes,</strong></span> <span class='ocrx_word' id='word_1_105' title='bbox 945 1657 1090 1710; x_wconf 90' lang='lat' dir='ltr'><strong>nullo</strong></span> <span class='ocrx_word' id='word_1_106' title='bbox 1121 1657 1370 1724; x_wconf 71' lang='lat' dir='ltr'><strong>pncditas</strong></span> <span class='ocrx_word' id='word_1_107' title='bbox 1393 1667 1540 1711; x_wconf 86' lang='lat' dir='ltr'><strong>motu</strong></span> <span class='ocrx_word' id='word_1_108' title='bbox 1571 1675 1585 1711; x_wconf 89' lang='lat'><strong>:</strong></span> <span class='ocrx_word' id='word_1_109' title='bbox 1617 1669 1672 1714; x_wconf 83' lang='lat' dir='ltr'><strong>et</strong></span> <span class='ocrx_word' id='word_1_110' title='bbox 1697 1660 2051 1726; x_wconf 79' lang='lat' dir='ltr'><strong>apostolicum</strong></span> 
     </span>
    </p>
   </div>
   <div class='ocr_carea' id='block_1_16' title="bbox 474 1743 2054 1817">
    <p class='ocr_par' dir='ltr' id='par_1_16' title="bbox 474 1743 2054 1817">
     <span class='ocr_line' id='line_1_16' title="bbox 474 1743 2054 1817; baseline 0.003 -21"><span class='ocrx_word' id='word_1_111' title='bbox 474 1743 678 1798; x_wconf 87' lang='lat' dir='ltr'><strong>dictum</strong></span> <span class='ocrx_word' id='word_1_112' title='bbox 709 1745 836 1799; x_wconf 91' lang='lat' dir='ltr'><strong>illud</strong></span> <span class='ocrx_word' id='word_1_113' title='bbox 864 1762 1027 1815; x_wconf 77' lang='lat' dir='ltr'><strong>onere</strong></span> <span class='ocrx_word' id='word_1_114' title='bbox 1053 1748 1374 1815; x_wconf 85' lang='lat' dir='ltr'><strong>eomplctum</strong></span> <span class='ocrx_word' id='word_1_115' title='bbox 1407 1750 1723 1817; x_wconf 82' lang='lat' dir='ltr'><strong>conspicies,</strong></span> <span class='ocrx_word' id='word_1_116' title='bbox 1749 1749 1848 1814; x_wconf 85' lang='lat' dir='ltr'><strong>Qui</strong></span> <span class='ocrx_word' id='word_1_117' title='bbox 1869 1750 2054 1803; x_wconf 73' lang='lat' dir='ltr'><strong>Christi</strong></span> 
     </span>
    </p>
   </div>
   <div class='ocr_carea' id='block_1_17' title="bbox 473 1837 2054 1905">
    <p class='ocr_par' dir='ltr' id='par_1_17' title="bbox 473 1837 2054 1905">
     <span class='ocr_line' id='line_1_17' title="bbox 473 1837 2054 1905; baseline 0.006 -21"><span class='ocrx_word' id='word_1_118' title='bbox 473 1846 611 1893; x_wconf 75' lang='lat' dir='ltr'><strong>sunt.</strong></span> <span class='ocrx_word' id='word_1_119' title='bbox 634 1849 834 1887; x_wconf 78' lang='lat' dir='ltr'><strong>carnem</strong></span> <span class='ocrx_word' id='word_1_120' title='bbox 861 1837 1218 1902; x_wconf 65' lang='lat' dir='ltr'><strong>cruci/iurant</strong></span> <span class='ocrx_word' id='word_1_121' title='bbox 1249 1853 1362 1888; x_wconf 73' lang='lat' dir='ltr'><strong>cum</strong></span> <span class='ocrx_word' id='word_1_122' title='bbox 1391 1839 1519 1892; x_wconf 72' lang='lat' dir='ltr'><strong>vitiis</strong></span> <span class='ocrx_word' id='word_1_123' title='bbox 1551 1847 1604 1892; x_wconf 75' lang='grc' dir='ltr'><strong>,ει</strong></span> <span class='ocrx_word' id='word_1_124' title='bbox 1641 1841 2054 1905; x_wconf 64' lang='lat' dir='ltr'><strong>concupiscenti:</strong></span> 
     </span>
    </p>
   </div>
   <div class='ocr_carea' id='block_1_18' title="bbox 475 1922 2051 1996">
    <p class='ocr_par' dir='ltr' id='par_1_18' title="bbox 475 1922 2051 1996">
     <span class='ocr_line' id='line_1_18' title="bbox 475 1922 2051 1996; baseline 0.004 -21"><span class='ocrx_word' id='word_1_125' title='bbox 475 1922 615 1994; x_wconf 77' lang='grc' dir='ltr'><strong>((ἱαι.</strong></span> <span class='ocrx_word' id='word_1_126' title='bbox 646 1926 698 1978; x_wconf 82' lang='lat'><strong>5.</strong></span> <span class='ocrx_word' id='word_1_127' title='bbox 725 1924 838 1992; x_wconf 73' lang='grc'><strong>24).</strong></span> <span class='ocrx_word' id='word_1_128' title='bbox 873 1926 1055 1979; x_wconf 68' lang='lat' dir='ltr'><strong>Vidi-ti</strong></span> <span class='ocrx_word' id='word_1_129' title='bbox 1086 1928 1478 1981; x_wconf 76' lang='lat' dir='ltr'><strong>multitudinem</strong></span> <span class='ocrx_word' id='word_1_130' title='bbox 1513 1938 1845 1981; x_wconf 89' lang='lat' dir='ltr'><strong>mortuorum</strong></span> <span class='ocrx_word' id='word_1_131' title='bbox 1870 1929 2051 1996; x_wconf 79' lang='lat' dir='ltr'><strong>jacen-</strong></span> 
     </span>
    </p>
   </div>
   <div class='ocr_carea' id='block_1_19' title="bbox 473 2015 2051 2084">
    <p class='ocr_par' dir='ltr' id='par_1_19' title="bbox 473 2015 2051 2084">
     <span class='ocr_line' id='line_1_19' title="bbox 473 2015 2051 2084; baseline 0.004 -18"><span class='ocrx_word' id='word_1_132' title='bbox 473 2016 626 2080; x_wconf 88' lang='lat' dir='ltr'><strong>tium,</strong></span> <span class='ocrx_word' id='word_1_133' title='bbox 669 2015 861 2084; x_wconf 81' lang='lat' dir='ltr'><strong>gladio</strong></span> <span class='ocrx_word' id='word_1_134' title='bbox 898 2017 1114 2084; x_wconf 77' lang='lat' dir='ltr'><strong>spiritus</strong></span> <span class='ocrx_word' id='word_1_135' title='bbox 1142 2018 1481 2071; x_wconf 81' lang='lat' dir='ltr'><strong>occisorum?</strong></span> <span class='ocrx_word' id='word_1_136' title='bbox 1526 2017 1649 2072; x_wconf 70' lang='lat' dir='ltr'><strong>Ideo</strong></span> <span class='ocrx_word' id='word_1_137' title='bbox 1676 2033 1778 2071; x_wconf 89' lang='lat' dir='ltr'><strong>non</strong></span> <span class='ocrx_word' id='word_1_138' title='bbox 1824 2027 1906 2072; x_wconf 66' lang='lat' dir='ltr'><strong>Cal</strong></span> <span class='ocrx_word' id='word_1_139' title='bbox 1947 2020 2051 2073; x_wconf 90' lang='lat' dir='ltr'><strong>illic</strong></span> 
     </span>
    </p>
   </div>
   <div class='ocr_carea' id='block_1_20' title="bbox 470 2108 2048 2169">
    <p class='ocr_par' dir='ltr' id='par_1_20' title="bbox 470 2108 2048 2169">
     <span class='ocr_line' id='line_1_20' title="bbox 470 2108 2048 2169; baseline 0.003 -11"><span class='ocrx_word' id='word_1_140' title='bbox 470 2109 719 2168; x_wconf 68' lang='lat' dir='ltr'><strong>ebrietas,</strong></span> <span class='ocrx_word' id='word_1_141' title='bbox 749 2124 852 2160; x_wconf 90' lang='lat' dir='ltr'><strong>nou</strong></span> <span class='ocrx_word' id='word_1_142' title='bbox 882 2109 1160 2164; x_wconf 78' lang='lat' dir='ltr'><strong>voracitas.</strong></span> <span class='ocrx_word' id='word_1_143' title='bbox 1197 2108 1250 2162; x_wconf 91' lang='lat' dir='ltr'><strong>Id</strong></span> <span class='ocrx_word' id='word_1_144' title='bbox 1297 2110 1530 2163; x_wconf 78' lang='lat' dir='ltr'><strong>ostendit</strong></span> <span class='ocrx_word' id='word_1_145' title='bbox 1581 2123 1784 2169; x_wconf 82' lang='lat' dir='ltr'><strong>mensa.</strong></span> <span class='ocrx_word' id='word_1_146' title='bbox 1831 2117 1886 2162; x_wconf 87' lang='lat' dir='ltr'><strong>ct</strong></span> <span class='ocrx_word' id='word_1_147' title='bbox 1936 2119 2048 2163; x_wconf 86' lang='lat' dir='ltr'><strong>tro-</strong></span> 
     </span>
    </p>
   </div>
   <div class='ocr_carea' id='block_1_21' title="bbox 475 2199 2048 2266">
    <p class='ocr_par' dir='ltr' id='par_1_21' title="bbox 475 2199 2048 2266">
     <span class='ocr_line' id='line_1_21' title="bbox 475 2199 2048 2266; baseline 0.003 -17"><span class='ocrx_word' id='word_1_148' title='bbox 475 2213 643 2265; x_wconf 65' lang='lat' dir='ltr'><strong>paeum</strong></span> <span class='ocrx_word' id='word_1_149' title='bbox 682 2199 750 2251; x_wconf 92' lang='lat' dir='ltr'><strong>ibi</strong></span> <span class='ocrx_word' id='word_1_150' title='bbox 791 2209 1049 2253; x_wconf 77' lang='lat' dir='ltr'><strong>erectum.</strong></span> <span class='ocrx_word' id='word_1_151' title='bbox 1071 2199 1314 2254; x_wconf 76' lang='lat' dir='ltr'><strong>Ebrietas</strong></span> <span class='ocrx_word' id='word_1_152' title='bbox 1339 2201 1480 2253; x_wconf 89' lang='lat' dir='ltr'><strong>enim</strong></span> <span class='ocrx_word' id='word_1_153' title='bbox 1498 2209 1553 2254; x_wconf 90' lang='lat' dir='ltr'><strong>et</strong></span> <span class='ocrx_word' id='word_1_154' title='bbox 1583 2201 1844 2252; x_wconf 85' lang='lat' dir='ltr'><strong>voracitas</strong></span> <span class='ocrx_word' id='word_1_155' title='bbox 1864 2200 2048 2266; x_wconf 81' lang='lat' dir='ltr'><strong>jaccnt</strong></span> 
     </span>
    </p>
   </div>
   <div class='ocr_carea' id='block_1_22' title="bbox 471 2290 2047 2360">
    <p class='ocr_par' dir='ltr' id='par_1_22' title="bbox 471 2290 2047 2360">
     <span class='ocr_line' id='line_1_22' title="bbox 471 2290 2047 2360; baseline 0.002 -18"><span class='ocrx_word' id='word_1_156' title='bbox 471 2299 712 2353; x_wconf 72' lang='lat' dir='ltr'><strong>morum,</strong></span> <span class='ocrx_word' id='word_1_157' title='bbox 735 2291 801 2343; x_wconf 89' lang='lat' dir='ltr'><strong>ab</strong></span> <span class='ocrx_word' id='word_1_158' title='bbox 818 2306 966 2360; x_wconf 71' lang='lat' dir='ltr'><strong>aqum</strong></span> <span class='ocrx_word' id='word_1_159' title='bbox 995 2300 1117 2360; x_wconf 87' lang='lat' dir='ltr'><strong>potu</strong></span> <span class='ocrx_word' id='word_1_160' title='bbox 1143 2291 1351 2360; x_wconf 71' lang='lat' dir='ltr'><strong>fugauit,</strong></span> <span class='ocrx_word' id='word_1_161' title='bbox 1379 2291 1465 2344; x_wconf 91' lang='lat' dir='ltr'><strong>illa</strong></span> <span class='ocrx_word' id='word_1_162' title='bbox 1495 2291 1698 2344; x_wconf 79' lang='lat' dir='ltr'><strong>scilicet</strong></span> <span class='ocrx_word' id='word_1_163' title='bbox 1713 2290 2047 2345; x_wconf 80' lang='lat' dir='ltr'><strong>multiformis</strong></span> 
     </span>
    </p>
   </div>
   <div class='ocr_carea' id='block_1_23' title="bbox 468 2381 2046 2450">
    <p class='ocr_par' dir='ltr' id='par_1_23' title="bbox 468 2381 2046 2450">
     <span class='ocr_line' id='line_1_23' title="bbox 468 2381 2046 2450; baseline -0.001 -18"><span class='ocrx_word' id='word_1_164' title='bbox 468 2392 520 2434; x_wconf 84' lang='lat' dir='ltr'><strong>et</strong></span> <span class='ocrx_word' id='word_1_165' title='bbox 547 2382 824 2447; x_wconf 79' lang='lat' dir='ltr'><strong>multiceps</strong></span> <span class='ocrx_word' id='word_1_166' title='bbox 853 2381 980 2436; x_wconf 84' lang='lat' dir='ltr'><strong>fera.</strong></span> <span class='ocrx_word' id='word_1_167' title='bbox 1012 2381 1474 2448; x_wconf 71' lang='lat' dir='ltr'><strong>Quemadmodum</strong></span> <span class='ocrx_word' id='word_1_168' title='bbox 1508 2381 1648 2435; x_wconf 91' lang='lat' dir='ltr'><strong>enim</strong></span> <span class='ocrx_word' id='word_1_169' title='bbox 1675 2381 1814 2450; x_wconf 89' lang='lat' dir='ltr'><strong>apud</strong></span> <span class='ocrx_word' id='word_1_170' title='bbox 1840 2382 2046 2450; x_wconf 78' lang='lat' dir='ltr'><strong>mytho-</strong></span> 
     </span>
    </p>
   </div>
   <div class='ocr_carea' id='block_1_24' title="bbox 469 2472 2042 2545">
    <p class='ocr_par' dir='ltr' id='par_1_24' title="bbox 469 2472 2042 2545">
     <span class='ocr_line' id='line_1_24' title="bbox 469 2472 2042 2545; baseline -0.002 -18"><span class='ocrx_word' id='word_1_171' title='bbox 469 2473 616 2542; x_wconf 65' lang='lat' dir='ltr'><strong>logos</strong></span> <span class='ocrx_word' id='word_1_172' title='bbox 663 2473 837 2543; x_wconf 72' lang='lat' dir='ltr'><strong>Scylla</strong></span> <span class='ocrx_word' id='word_1_173' title='bbox 879 2483 933 2527; x_wconf 88' lang='lat' dir='ltr'><strong>et</strong></span> <span class='ocrx_word' id='word_1_174' title='bbox 962 2472 1157 2545; x_wconf 79' lang='lat' dir='ltr'><strong>llydra,</strong></span> <span class='ocrx_word' id='word_1_175' title='bbox 1189 2474 1268 2528; x_wconf 88' lang='lat' dir='ltr'><strong>sic</strong></span> <span class='ocrx_word' id='word_1_176' title='bbox 1316 2481 1371 2527; x_wconf 84' lang='lat' dir='ltr'><strong>et</strong></span> <span class='ocrx_word' id='word_1_177' title='bbox 1413 2473 1644 2528; x_wconf 80' lang='lat' dir='ltr'><strong>ebrietas</strong></span> <span class='ocrx_word' id='word_1_178' title='bbox 1681 2473 1842 2526; x_wconf 88' lang='lat' dir='ltr'><strong>multa</strong></span> <span class='ocrx_word' id='word_1_179' title='bbox 1874 2473 2042 2539; x_wconf 83' lang='lat' dir='ltr'><strong>capita</strong></span> 
     </span>
    </p>
   </div>
   <div class='ocr_carea' id='block_1_25' title="bbox 469 2562 2040 2626">
    <p class='ocr_par' dir='ltr' id='par_1_25' title="bbox 469 2562 2040 2626">
     <span class='ocr_line' id='line_1_25' title="bbox 469 2562 2040 2626; baseline 0 -12"><span class='ocrx_word' id='word_1_180' title='bbox 469 2563 663 2616; x_wconf 89' lang='lat' dir='ltr'><strong>habet:</strong></span> <span class='ocrx_word' id='word_1_181' title='bbox 701 2563 822 2616; x_wconf 84' lang='lat' dir='ltr'><strong>hinc</strong></span> <span class='ocrx_word' id='word_1_182' title='bbox 852 2564 1157 2626; x_wconf 66' lang='lat' dir='ltr'><strong>foruiiaitin,</strong></span> <span class='ocrx_word' id='word_1_183' title='bbox 1191 2562 1315 2618; x_wconf 89' lang='lat' dir='ltr'><strong>inde</strong></span> <span class='ocrx_word' id='word_1_184' title='bbox 1357 2564 1456 2626; x_wconf 90' lang='lat' dir='ltr'><strong>ira,</strong></span> <span class='ocrx_word' id='word_1_185' title='bbox 1493 2563 1708 2617; x_wconf 90' lang='lat' dir='ltr'><strong>aliunde</strong></span> <span class='ocrx_word' id='word_1_186' title='bbox 1757 2563 2004 2616; x_wconf 71' lang='lat' dir='ltr'><strong>tttttllilies</strong></span> <span class='ocrx_word' id='word_1_187' title='bbox 2027 2605 2040 2626; x_wconf 88' lang='lat'><strong>,</strong></span> 
     </span>
    </p>
   </div>
   <div class='ocr_carea' id='block_1_26' title="bbox 464 2652 2040 2722">
    <p class='ocr_par' dir='ltr' id='par_1_26' title="bbox 464 2652 2040 2722">
     <span class='ocr_line' id='line_1_26' title="bbox 464 2652 2040 2722; baseline 0 -16"><span class='ocrx_word' id='word_1_188' title='bbox 464 2653 678 2707; x_wconf 89' lang='lat' dir='ltr'><strong>aliunde</strong></span> <span class='ocrx_word' id='word_1_189' title='bbox 701 2665 882 2722; x_wconf 84' lang='lat' dir='ltr'><strong>turpes</strong></span> <span class='ocrx_word' id='word_1_190' title='bbox 910 2669 1141 2709; x_wconf 85' lang='lat' dir='ltr'><strong>amores.</strong></span> <span class='ocrx_word' id='word_1_191' title='bbox 1173 2652 1371 2709; x_wconf 77' lang='lat' dir='ltr'><strong>Verum</strong></span> <span class='ocrx_word' id='word_1_192' title='bbox 1403 2653 1488 2709; x_wconf 89' lang='lat' dir='ltr'><strong>hic</strong></span> <span class='ocrx_word' id='word_1_193' title='bbox 1517 2657 1612 2708; x_wconf 90' lang='lat' dir='ltr'><strong>ista</strong></span> <span class='ocrx_word' id='word_1_194' title='bbox 1637 2655 1813 2707; x_wconf 86' lang='lat' dir='ltr'><strong>omnia</strong></span> <span class='ocrx_word' id='word_1_195' title='bbox 1839 2656 2040 2706; x_wconf 78' lang='lat' dir='ltr'><strong>sublata</strong></span> 
     </span>
    </p>
   </div>
   <div class='ocr_carea' id='block_1_27' title="bbox 465 2741 2050 2812">
    <p class='ocr_par' dir='ltr' id='par_1_27' title="bbox 465 2741 2050 2812">
     <span class='ocr_line' id='line_1_27' title="bbox 465 2741 2050 2812; baseline -0.003 -14"><span class='ocrx_word' id='word_1_196' title='bbox 465 2756 622 2809; x_wconf 87' lang='lat' dir='ltr'><strong>sunt;</strong></span> <span class='ocrx_word' id='word_1_197' title='bbox 654 2746 861 2799; x_wconf 70' lang='lat' dir='ltr'><strong>ctiam~i</strong></span> <span class='ocrx_word' id='word_1_198' title='bbox 892 2745 962 2798; x_wconf 85' lang='lat' dir='ltr'><strong>illi</strong></span> <span class='ocrx_word' id='word_1_199' title='bbox 1005 2745 1270 2800; x_wconf 78' lang='lat' dir='ltr'><strong>exercitus</strong></span> <span class='ocrx_word' id='word_1_200' title='bbox 1298 2745 1351 2798; x_wconf 93' lang='lat' dir='ltr'><strong>in</strong></span> <span class='ocrx_word' id='word_1_201' title='bbox 1378 2746 1648 2800; x_wconf 79' lang='lat' dir='ltr'><strong>sexcentis</strong></span> <span class='ocrx_word' id='word_1_202' title='bbox 1693 2745 1845 2798; x_wconf 65' lang='lat' dir='ltr'><strong>bellis</strong></span> <span class='ocrx_word' id='word_1_203' title='bbox 1880 2741 2050 2812; x_wconf 55' lang='lat' dir='ltr'><strong>supr;</strong></span> 
     </span>
    </p>
   </div>
   <div class='ocr_carea' id='block_1_28' title="bbox 466 2828 2037 2901">
    <p class='ocr_par' dir='ltr' id='par_1_28' title="bbox 466 2828 2037 2901">
     <span class='ocr_line' id='line_1_28' title="bbox 466 2828 2037 2901; baseline -0.001 -12"><span class='ocrx_word' id='word_1_204' title='bbox 466 2844 604 2899; x_wconf 90' lang='lat' dir='ltr'><strong>rent,</strong></span> <span class='ocrx_word' id='word_1_205' title='bbox 627 2837 694 2887; x_wconf 87' lang='lat' dir='ltr'><strong>ab</strong></span> <span class='ocrx_word' id='word_1_206' title='bbox 724 2835 805 2887; x_wconf 80' lang='lat' dir='ltr'><strong>his</strong></span> <span class='ocrx_word' id='word_1_207' title='bbox 833 2828 1074 2888; x_wconf 82' lang='lat' dir='ltr'><strong>hostibus</strong></span> <span class='ocrx_word' id='word_1_208' title='bbox 1102 2836 1384 2889; x_wconf 82' lang='lat' dir='ltr'><strong>vincuntur</strong></span> <span class='ocrx_word' id='word_1_209' title='bbox 1413 2852 1426 2888; x_wconf 90' lang='lat'><strong>:</strong></span> <span class='ocrx_word' id='word_1_210' title='bbox 1458 2850 1555 2890; x_wconf 90' lang='lat' dir='ltr'><strong>nec</strong></span> <span class='ocrx_word' id='word_1_211' title='bbox 1578 2836 1700 2900; x_wconf 86' lang='lat' dir='ltr'><strong>tela,</strong></span> <span class='ocrx_word' id='word_1_212' title='bbox 1733 2850 1828 2888; x_wconf 91' lang='lat' dir='ltr'><strong>nec</strong></span> <span class='ocrx_word' id='word_1_213' title='bbox 1852 2835 2037 2901; x_wconf 60' lang='lat' dir='ltr'><strong>has-ue,</strong></span> 
     </span>
    </p>
   </div>
   <div class='ocr_carea' id='block_1_29' title="bbox 463 2925 2034 2995">
    <p class='ocr_par' dir='ltr' id='par_1_29' title="bbox 463 2925 2034 2995">
     <span class='ocr_line' id='line_1_29' title="bbox 463 2925 2034 2995; baseline 0.001 -19"><span class='ocrx_word' id='word_1_214' title='bbox 463 2940 560 2978; x_wconf 74' lang='lat' dir='ltr'><strong>uec</strong></span> <span class='ocrx_word' id='word_1_215' title='bbox 586 2925 710 2994; x_wconf 85' lang='lat' dir='ltr'><strong>quid</strong></span> <span class='ocrx_word' id='word_1_216' title='bbox 750 2925 924 2978; x_wconf 86' lang='lat' dir='ltr'><strong>simile</strong></span> <span class='ocrx_word' id='word_1_217' title='bbox 953 2933 1128 2995; x_wconf 86' lang='lat' dir='ltr'><strong>potest</strong></span> <span class='ocrx_word' id='word_1_218' title='bbox 1154 2935 1341 2980; x_wconf 88' lang='lat' dir='ltr'><strong>contra</strong></span> <span class='ocrx_word' id='word_1_219' title='bbox 1388 2925 1485 2979; x_wconf 88' lang='lat' dir='ltr'><strong>has</strong></span> <span class='ocrx_word' id='word_1_220' title='bbox 1531 2925 1815 2994; x_wconf 79' lang='lat' dir='ltr'><strong>phalanges</strong></span> <span class='ocrx_word' id='word_1_221' title='bbox 1850 2934 1992 2979; x_wconf 83' lang='lat' dir='ltr'><strong>stare</strong></span> <span class='ocrx_word' id='word_1_222' title='bbox 2021 2943 2034 2978; x_wconf 91' lang='lat'>:</span> 
     </span>
    </p>
   </div>
   <div class='ocr_carea' id='block_1_30' title="bbox 463 3013 2040 3084">
    <p class='ocr_par' dir='ltr' id='par_1_30' title="bbox 463 3013 2040 3084">
     <span class='ocr_line' id='line_1_30' title="bbox 463 3013 2040 3084; baseline -0.001 -15"><span class='ocrx_word' id='word_1_223' title='bbox 463 3013 558 3070; x_wconf 80' lang='lat' dir='ltr'><strong>sed</strong></span> <span class='ocrx_word' id='word_1_224' title='bbox 595 3015 730 3067; x_wconf 55' lang='lat' dir='ltr'><strong>istos-</strong></span> <span class='ocrx_word' id='word_1_225' title='bbox 753 3015 1012 3083; x_wconf 78' lang='lat' dir='ltr'><strong>gigantes,</strong></span> <span class='ocrx_word' id='word_1_226' title='bbox 1058 3025 1324 3072; x_wconf 85' lang='lat' dir='ltr'><strong>strenuos,</strong></span> <span class='ocrx_word' id='word_1_227' title='bbox 1376 3015 1465 3084; x_wconf 88' lang='lat' dir='ltr'><strong>qui</strong></span> <span class='ocrx_word' id='word_1_228' title='bbox 1509 3014 1782 3068; x_wconf 85' lang='lat' dir='ltr'><strong>innumera</strong></span> <span class='ocrx_word' id='word_1_229' title='bbox 1832 3014 2040 3068; x_wconf 80' lang='lat' dir='ltr'><strong>fortiter</strong></span> 
     </span>
    </p>
   </div>
   <div class='ocr_carea' id='block_1_31' title="bbox 463 3105 2038 3183">
    <p class='ocr_par' dir='ltr' id='par_1_31' title="bbox 463 3105 2038 3183">
     <span class='ocr_line' id='line_1_31' title="bbox 463 3105 2038 3183; baseline 0.003 -29"><span class='ocrx_word' id='word_1_230' title='bbox 463 3113 646 3174; x_wconf 72' lang='lat' dir='ltr'><strong>agunt,</strong></span> <span class='ocrx_word' id='word_1_231' title='bbox 677 3105 916 3158; x_wconf 75' lang='lat' dir='ltr'><strong>invenias</strong></span> <span class='ocrx_word' id='word_1_232' title='bbox 959 3105 1077 3158; x_wconf 85' lang='lat' dir='ltr'><strong>siue</strong></span> <span class='ocrx_word' id='word_1_233' title='bbox 1103 3105 1328 3159; x_wconf 81' lang='lat' dir='ltr'><strong>vinculis</strong></span> <span class='ocrx_word' id='word_1_234' title='bbox 1356 3105 1541 3173; x_wconf 84' lang='lat' dir='ltr'><strong>ligatos</strong></span> <span class='ocrx_word' id='word_1_235' title='bbox 1567 3118 1757 3183; x_wconf 82' lang='lat' dir='ltr'><strong>somno</strong></span> <span class='ocrx_word' id='word_1_236' title='bbox 1787 3113 1841 3158; x_wconf 90' lang='lat' dir='ltr'><strong>ct</strong></span> <span class='ocrx_word' id='word_1_237' title='bbox 1866 3105 2038 3159; x_wconf 84' lang='lat' dir='ltr'><strong>ebrie-</strong></span> 
     </span>
    </p>
   </div>
   <div class='ocr_carea' id='block_1_32' title="bbox 465 3196 2035 3260">
    <p class='ocr_par' dir='ltr' id='par_1_32' title="bbox 465 3196 2035 3260">
     <span class='ocr_line' id='line_1_32' title="bbox 465 3196 2035 3260; baseline 0.001 -11"><span class='ocrx_word' id='word_1_238' title='bbox 465 3206 591 3259; x_wconf 74' lang='lat' dir='ltr'><strong>tate.</strong></span> <span class='ocrx_word' id='word_1_239' title='bbox 625 3198 739 3251; x_wconf 86' lang='lat' dir='ltr'><strong>sine</strong></span> <span class='ocrx_word' id='word_1_240' title='bbox 765 3196 931 3256; x_wconf 69' lang='lat' dir='ltr'><strong>caede.</strong></span> <span class='ocrx_word' id='word_1_241' title='bbox 964 3198 1080 3251; x_wconf 85' lang='lat' dir='ltr'><strong>sine</strong></span> <span class='ocrx_word' id='word_1_242' title='bbox 1120 3196 1444 3260; x_wconf 73' lang='lat' dir='ltr'><strong>vulneribus,</strong></span> <span class='ocrx_word' id='word_1_243' title='bbox 1486 3211 1550 3250; x_wconf 85' lang='lat' dir='ltr'><strong>ac</strong></span> <span class='ocrx_word' id='word_1_244' title='bbox 1591 3197 1729 3250; x_wconf 88' lang='lat' dir='ltr'><strong>sicut</strong></span> <span class='ocrx_word' id='word_1_245' title='bbox 1774 3197 2035 3251; x_wconf 81' lang='lat' dir='ltr'><strong>vulnerati</strong></span> 
     </span>
    </p>
   </div>
   <div class='ocr_carea' id='block_1_33' title="bbox 458 3286 2042 3358">
    <p class='ocr_par' dir='ltr' id='par_1_33' title="bbox 458 3286 2042 3358">
     <span class='ocr_line' id='line_1_33' title="bbox 458 3286 2042 3358; baseline -0.001 -15"><span class='ocrx_word' id='word_1_246' title='bbox 458 3286 716 3358; x_wconf 64' lang='lat' dir='ltr'><strong>iacentes,</strong></span> <span class='ocrx_word' id='word_1_247' title='bbox 741 3289 854 3342; x_wconf 85' lang='lat' dir='ltr'><strong>imo</strong></span> <span class='ocrx_word' id='word_1_248' title='bbox 881 3289 1047 3342; x_wconf 90' lang='lat' dir='ltr'><strong>multo</strong></span> <span class='ocrx_word' id='word_1_249' title='bbox 1072 3288 1306 3358; x_wconf 80' lang='lat' dir='ltr'><strong>gravius.</strong></span> <span class='ocrx_word' id='word_1_250' title='bbox 1339 3289 1418 3344; x_wconf 86' lang='lat' dir='ltr'><strong>Illi</strong></span> <span class='ocrx_word' id='word_1_251' title='bbox 1450 3303 1680 3358; x_wconf 85' lang='lat' dir='ltr'><strong>namque</strong></span> <span class='ocrx_word' id='word_1_252' title='bbox 1701 3287 1887 3342; x_wconf 84' lang='lat' dir='ltr'><strong>saltem</strong></span> <span class='ocrx_word' id='word_1_253' title='bbox 1925 3305 2042 3342; x_wconf 59' lang='lat' dir='ltr'><strong>mn-</strong></span> 
     </span>
    </p>
   </div>
   <div class='ocr_carea' id='block_1_34' title="bbox 461 3377 2036 3449">
    <p class='ocr_par' dir='ltr' id='par_1_34' title="bbox 461 3377 2036 3449">
     <span class='ocr_line' id='line_1_34' title="bbox 461 3377 2036 3449; baseline -0.001 -16"><span class='ocrx_word' id='word_1_254' title='bbox 461 3387 574 3433; x_wconf 80' lang='lat' dir='ltr'><strong>tum</strong></span> <span class='ocrx_word' id='word_1_255' title='bbox 599 3378 829 3449; x_wconf 86' lang='lat' dir='ltr'><strong>aliquem</strong></span> <span class='ocrx_word' id='word_1_256' title='bbox 869 3378 1097 3442; x_wconf 81' lang='lat' dir='ltr'><strong>habent;</strong></span> <span class='ocrx_word' id='word_1_257' title='bbox 1131 3380 1182 3433; x_wconf 92' lang='lat' dir='ltr'><strong>bi</strong></span> <span class='ocrx_word' id='word_1_258' title='bbox 1209 3393 1336 3434; x_wconf 78' lang='lat' dir='ltr'><strong>vero</strong></span> <span class='ocrx_word' id='word_1_259' title='bbox 1374 3395 1549 3444; x_wconf 85' lang='lat' dir='ltr'><strong>secus,</strong></span> <span class='ocrx_word' id='word_1_260' title='bbox 1578 3377 1670 3434; x_wconf 81' lang='lat' dir='ltr'><strong>sed</strong></span> <span class='ocrx_word' id='word_1_261' title='bbox 1702 3381 1880 3434; x_wconf 80' lang='lat' dir='ltr'><strong>statim</strong></span> <span class='ocrx_word' id='word_1_262' title='bbox 1904 3395 2036 3433; x_wconf 89' lang='lat' dir='ltr'><strong>con-</strong></span> 
     </span>
    </p>
   </div>
   <div class='ocr_carea' id='block_1_35' title="bbox 460 3454 2036 3538">
    <p class='ocr_par' dir='ltr' id='par_1_35' title="bbox 460 3454 2036 3538">
     <span class='ocr_line' id='line_1_35' title="bbox 460 3454 2036 3538; baseline 0.001 -14"><span class='ocrx_word' id='word_1_263' title='bbox 460 3469 662 3524; x_wconf 81' lang='lat' dir='ltr'><strong>cidunt.</strong></span> <span class='ocrx_word' id='word_1_264' title='bbox 698 3469 857 3528; x_wconf 73' lang='lat' dir='ltr'><strong>Vides</strong></span> <span class='ocrx_word' id='word_1_265' title='bbox 892 3480 1016 3525; x_wconf 89' lang='lat' dir='ltr'><strong>tunc</strong></span> <span class='ocrx_word' id='word_1_266' title='bbox 1038 3470 1329 3527; x_wconf 83' lang='lat' dir='ltr'><strong>exercitum</strong></span> <span class='ocrx_word' id='word_1_267' title='bbox 1354 3480 1411 3526; x_wconf 87' lang='lat' dir='ltr'><strong>et</strong></span> <span class='ocrx_word' id='word_1_268' title='bbox 1449 3454 1702 3538; x_wconf 84' lang='lat' dir='ltr'><strong>majorem</strong></span> <span class='ocrx_word' id='word_1_269' title='bbox 1737 3480 1790 3526; x_wconf 85' lang='lat' dir='ltr'><strong>et</strong></span> <span class='ocrx_word' id='word_1_270' title='bbox 1817 3472 2036 3525; x_wconf 85' lang='lat' dir='ltr'><strong>mirabi-</strong></span> 
     </span>
    </p>
   </div>
   <div class='ocr_carea' id='block_1_36' title="bbox 463 3552 2034 3624">
    <p class='ocr_par' dir='ltr' id='par_1_36' title="bbox 463 3552 2034 3624">
     <span class='ocr_line' id='line_1_36' title="bbox 463 3552 2034 3624; baseline 0.002 -10"><span class='ocrx_word' id='word_1_271' title='bbox 463 3561 649 3615; x_wconf 83' lang='lat' dir='ltr'><strong>liorem</strong></span> <span class='ocrx_word' id='word_1_272' title='bbox 673 3561 832 3624; x_wconf 75' lang='lat' dir='ltr'><strong>esse?</strong></span> <span class='ocrx_word' id='word_1_273' title='bbox 853 3561 982 3615; x_wconf 80' lang='lat' dir='ltr'><strong>Nam</strong></span> <span class='ocrx_word' id='word_1_274' title='bbox 1006 3552 1234 3616; x_wconf 69' lang='lat' dir='ltr'><strong>victores</strong></span> <span class='ocrx_word' id='word_1_275' title='bbox 1267 3563 1385 3614; x_wconf 77' lang='lat' dir='ltr'><strong>illos</strong></span> <span class='ocrx_word' id='word_1_276' title='bbox 1412 3563 1605 3623; x_wconf 77' lang='lat' dir='ltr'><strong>milites</strong></span> <span class='ocrx_word' id='word_1_277' title='bbox 1625 3564 1734 3616; x_wconf 79' lang='lat' dir='ltr'><strong>sola</strong></span> <span class='ocrx_word' id='word_1_278' title='bbox 1763 3563 2034 3617; x_wconf 69' lang='lat' dir='ltr'><strong>voluntate</strong></span> 
     </span>
    </p>
   </div>
   <div class='ocr_carea' id='block_1_37' title="bbox 458 3652 2030 3708">
    <p class='ocr_par' dir='ltr' id='par_1_37' title="bbox 458 3652 2030 3708">
     <span class='ocr_line' id='line_1_37' title="bbox 458 3652 2030 3708; baseline -0.001 -3"><span class='ocrx_word' id='word_1_279' title='bbox 458 3653 714 3706; x_wconf 78' lang='lat' dir='ltr'><strong>confodit.</strong></span> <span class='ocrx_word' id='word_1_280' title='bbox 750 3652 894 3706; x_wconf 86' lang='lat' dir='ltr'><strong>Illam</strong></span> <span class='ocrx_word' id='word_1_281' title='bbox 940 3656 1081 3707; x_wconf 87' lang='lat' dir='ltr'><strong>enim</strong></span> <span class='ocrx_word' id='word_1_282' title='bbox 1132 3662 1356 3707; x_wconf 78' lang='lat' dir='ltr'><strong>matrem</strong></span> <span class='ocrx_word' id='word_1_283' title='bbox 1396 3655 1632 3707; x_wconf 91' lang='lat' dir='ltr'><strong>omnium</strong></span> <span class='ocrx_word' id='word_1_284' title='bbox 1675 3654 1931 3708; x_wconf 86' lang='lat' dir='ltr'><strong>malorum</strong></span> <span class='ocrx_word' id='word_1_285' title='bbox 1965 3658 2030 3707; x_wconf 64' lang='lat' dir='ltr'><strong>ita</strong></span> 
     </span>
    </p>
   </div>
   <div class='ocr_carea' id='block_1_38' title="bbox 461 3743 2027 3812">
    <p class='ocr_par' dir='ltr' id='par_1_38' title="bbox 461 3743 2027 3812">
     <span class='ocr_line' id='line_1_38' title="bbox 461 3743 2027 3812; baseline 0.003 -18"><span class='ocrx_word' id='word_1_286' title='bbox 461 3743 724 3798; x_wconf 69' lang='lat' dir='ltr'><strong>inﬁrmam</strong></span> <span class='ocrx_word' id='word_1_287' title='bbox 753 3744 999 3806; x_wconf 88' lang='lat' dir='ltr'><strong>reddunt,</strong></span> <span class='ocrx_word' id='word_1_288' title='bbox 1031 3754 1086 3798; x_wconf 91' lang='lat' dir='ltr'><strong>ut</strong></span> <span class='ocrx_word' id='word_1_289' title='bbox 1108 3745 1329 3798; x_wconf 84' lang='lat' dir='ltr'><strong>molesta</strong></span> <span class='ocrx_word' id='word_1_290' title='bbox 1356 3756 1533 3812; x_wconf 83' lang='lat' dir='ltr'><strong>postea</strong></span> <span class='ocrx_word' id='word_1_291' title='bbox 1563 3752 1682 3799; x_wconf 81' lang='lat' dir='ltr'><strong>esse</strong></span> <span class='ocrx_word' id='word_1_292' title='bbox 1710 3762 1814 3798; x_wconf 86' lang='lat' dir='ltr'><strong>non</strong></span> <span class='ocrx_word' id='word_1_293' title='bbox 1845 3747 2027 3811; x_wconf 60' lang='lat' dir='ltr'><strong>lminil.</strong></span> 
     </span>
    </p>
   </div>
   <div class='ocr_carea' id='block_1_39' title="bbox 464 3828 2034 3905">
    <p class='ocr_par' dir='ltr' id='par_1_39' title="bbox 464 3828 2034 3905">
     <span class='ocr_line' id='line_1_39' title="bbox 464 3828 2034 3905; baseline -0.001 -16"><span class='ocrx_word' id='word_1_294' title='bbox 464 3837 607 3892; x_wconf 82' lang='lat' dir='ltr'><strong>Duce</strong></span> <span class='ocrx_word' id='word_1_295' title='bbox 627 3847 806 3891; x_wconf 79' lang='lat' dir='ltr'><strong>autem</strong></span> <span class='ocrx_word' id='word_1_296' title='bbox 834 3837 1000 3904; x_wconf 84' lang='lat' dir='ltr'><strong>lapso,</strong></span> <span class='ocrx_word' id='word_1_297' title='bbox 1020 3844 1075 3889; x_wconf 92' lang='lat' dir='ltr'><strong>ct</strong></span> <span class='ocrx_word' id='word_1_298' title='bbox 1102 3828 1314 3890; x_wconf 53' lang='lat' dir='ltr'><strong>sublato</strong></span> <span class='ocrx_word' id='word_1_299' title='bbox 1331 3835 1523 3904; x_wconf 86' lang='lat' dir='ltr'><strong>capite,</strong></span> <span class='ocrx_word' id='word_1_300' title='bbox 1558 3836 1816 3905; x_wconf 78' lang='lat' dir='ltr'><strong>reliquum</strong></span> <span class='ocrx_word' id='word_1_301' title='bbox 1839 3852 2034 3902; x_wconf 81' lang='lat' dir='ltr'><strong>corpus</strong></span> 
     </span>
    </p>
   </div>
   <div class='ocr_carea' id='block_1_40' title="bbox 387 3925 2030 3996">
    <p class='ocr_par' dir='ltr' id='par_1_40' title="bbox 387 3925 2030 3996">
     <span class='ocr_line' id='line_1_40' title="bbox 387 3925 2030 3996; baseline 0.001 -17"><span class='ocrx_word' id='word_1_302' title='bbox 387 3927 397 3932; x_wconf 75' lang='grc'><strong>“</strong></span> <span class='ocrx_word' id='word_1_303' title='bbox 459 3927 680 3995; x_wconf 79' lang='lat' dir='ltr'><strong>quiescit</strong></span> <span class='ocrx_word' id='word_1_304' title='bbox 705 3925 980 3996; x_wconf 77' lang='lat' dir='ltr'><strong>:ltaucque</strong></span> <span class='ocrx_word' id='word_1_305' title='bbox 1006 3928 1280 3980; x_wconf 83' lang='lat' dir='ltr'><strong>victoriam</strong></span> <span class='ocrx_word' id='word_1_306' title='bbox 1299 3942 1329 3981; x_wconf 87' lang='lat' dir='ltr'><strong>a</strong></span> <span class='ocrx_word' id='word_1_307' title='bbox 1347 3927 1565 3996; x_wconf 76' lang='lat' dir='ltr'><strong>singulis</strong></span> <span class='ocrx_word' id='word_1_308' title='bbox 1595 3927 1662 3980; x_wconf 91' lang='lat' dir='ltr'><strong>ibi</strong></span> <span class='ocrx_word' id='word_1_309' title='bbox 1695 3931 2030 3982; x_wconf 79' lang='lat' dir='ltr'><strong>manentibus</strong></span> 
     </span>
    </p>
   </div>
   <div class='ocr_carea' id='block_1_41' title="bbox 461 4017 2031 4086">
    <p class='ocr_par' dir='ltr' id='par_1_41' title="bbox 461 4017 2031 4086">
     <span class='ocr_line' id='line_1_41' title="bbox 461 4017 2031 4086; baseline 0.001 -17"><span class='ocrx_word' id='word_1_310' title='bbox 461 4026 780 4084; x_wconf 80' lang='lat' dir='ltr'><strong>repOrtutam</strong></span> <span class='ocrx_word' id='word_1_311' title='bbox 807 4033 1015 4071; x_wconf 78' lang='lat' dir='ltr'><strong>cernas.</strong></span> <span class='ocrx_word' id='word_1_312' title='bbox 1051 4017 1163 4070; x_wconf 85' lang='lat' dir='ltr'><strong>Non</strong></span> <span class='ocrx_word' id='word_1_313' title='bbox 1191 4019 1330 4070; x_wconf 69' lang='lat' dir='ltr'><strong>enim</strong></span> <span class='ocrx_word' id='word_1_314' title='bbox 1354 4027 1408 4070; x_wconf 89' lang='lat' dir='ltr'><strong>nt</strong></span> <span class='ocrx_word' id='word_1_315' title='bbox 1436 4017 1487 4071; x_wconf 91' lang='lat' dir='ltr'><strong>in</strong></span> <span class='ocrx_word' id='word_1_316' title='bbox 1531 4019 1677 4073; x_wconf 64' lang='lat' dir='ltr'><strong>hisce</strong></span> <span class='ocrx_word' id='word_1_317' title='bbox 1729 4018 1878 4072; x_wconf 73' lang='lat' dir='ltr'><strong>bellis</strong></span> <span class='ocrx_word' id='word_1_318' title='bbox 1898 4060 1913 4078; x_wconf 81' lang='lat'><strong>,</strong></span> <span class='ocrx_word' id='word_1_319' title='bbox 1943 4019 2031 4086; x_wconf 83' lang='lat' dir='ltr'><strong>qui</strong></span> 
     </span>
    </p>
   </div>
   <div class='ocr_carea' id='block_1_42' title="bbox 459 4107 2034 4171">
    <p class='ocr_par' dir='ltr' id='par_1_42' title="bbox 459 4107 2034 4171">
     <span class='ocr_line' id='line_1_42' title="bbox 459 4107 2034 4171; baseline 0.001 -12"><span class='ocrx_word' id='word_1_320' title='bbox 459 4107 624 4161; x_wconf 75' lang='lat' dir='ltr'><strong>semel</strong></span> <span class='ocrx_word' id='word_1_321' title='bbox 648 4108 713 4159; x_wconf 79' lang='lat' dir='ltr'><strong>ab</strong></span> <span class='ocrx_word' id='word_1_322' title='bbox 742 4122 846 4160; x_wconf 89' lang='lat' dir='ltr'><strong>uno</strong></span> <span class='ocrx_word' id='word_1_323' title='bbox 876 4109 1165 4161; x_wconf 37' lang='lat' dir='ltr'><strong>\‘utueratis</strong></span> <span class='ocrx_word' id='word_1_324' title='bbox 1206 4117 1305 4171; x_wconf 89' lang='lat' dir='ltr'><strong>cst,</strong></span> <span class='ocrx_word' id='word_1_325' title='bbox 1333 4118 1387 4162; x_wconf 89' lang='lat' dir='ltr'><strong>et</strong></span> <span class='ocrx_word' id='word_1_326' title='bbox 1412 4109 1574 4162; x_wconf 85' lang='lat' dir='ltr'><strong>semel</strong></span> <span class='ocrx_word' id='word_1_327' title='bbox 1601 4109 1792 4162; x_wconf 76' lang='lat' dir='ltr'><strong>cecidit</strong></span> <span class='ocrx_word' id='word_1_328' title='bbox 1818 4110 1904 4162; x_wconf 90' lang='lat' dir='ltr'><strong>alii</strong></span> <span class='ocrx_word' id='word_1_329' title='bbox 1950 4112 2034 4161; x_wconf 79' lang='lat' dir='ltr'><strong>vix</strong></span> 
     </span>
    </p>
   </div>
   <div class='ocr_carea' id='block_1_43' title="bbox 459 4197 2034 4273">
    <p class='ocr_par' dir='ltr' id='par_1_43' title="bbox 459 4197 2034 4273">
     <span class='ocr_line' id='line_1_43' title="bbox 459 4197 2034 4273; baseline 0.004 -18"><span class='ocrx_word' id='word_1_330' title='bbox 459 4197 629 4268; x_wconf 79' lang='lat' dir='ltr'><strong>potest</strong></span> <span class='ocrx_word' id='word_1_331' title='bbox 659 4202 863 4273; x_wconf 81' lang='lat' dir='ltr'><strong>plagam</strong></span> <span class='ocrx_word' id='word_1_332' title='bbox 897 4204 1092 4258; x_wconf 83' lang='lat' dir='ltr'><strong>inferre</strong></span> <span class='ocrx_word' id='word_1_333' title='bbox 1123 4222 1135 4256; x_wconf 94' lang='lat'>:</span> <span class='ocrx_word' id='word_1_334' title='bbox 1166 4205 1259 4258; x_wconf 89' lang='lat' dir='ltr'><strong>sed</strong></span> <span class='ocrx_word' id='word_1_335' title='bbox 1280 4220 1495 4258; x_wconf 81' lang='lat' dir='ltr'><strong>necesse</strong></span> <span class='ocrx_word' id='word_1_336' title='bbox 1518 4215 1674 4259; x_wconf 89' lang='lat' dir='ltr'><strong>estut</strong></span> <span class='ocrx_word' id='word_1_337' title='bbox 1698 4221 1881 4259; x_wconf 75' lang='lat' dir='ltr'><strong>tlnlltt‘S</strong></span> <span class='ocrx_word' id='word_1_338' title='bbox 1900 4205 2034 4261; x_wconf 84' lang='lat' dir='ltr'><strong>hanc</strong></span> 
     </span>
    </p>
   </div>
   <div class='ocr_carea' id='block_1_44' title="bbox 461 4294 2030 4367">
    <p class='ocr_par' dir='ltr' id='par_1_44' title="bbox 461 4294 2030 4367">
     <span class='ocr_line' id='line_1_44' title="bbox 461 4294 2030 4367; baseline 0.003 -19"><span class='ocrx_word' id='word_1_339' title='bbox 461 4294 623 4348; x_wconf 79' lang='lat' dir='ltr'><strong>feram</strong></span> <span class='ocrx_word' id='word_1_340' title='bbox 648 4295 954 4348; x_wconf 87' lang='lat' dir='ltr'><strong>confodiant</strong></span> <span class='ocrx_word' id='word_1_341' title='bbox 983 4313 996 4349; x_wconf 86' lang='lat'><strong>:</strong></span> <span class='ocrx_word' id='word_1_342' title='bbox 1023 4307 1076 4349; x_wconf 89' lang='lat' dir='ltr'><strong>ct</strong></span> <span class='ocrx_word' id='word_1_343' title='bbox 1100 4295 1187 4366; x_wconf 86' lang='lat' dir='ltr'><strong>qui</strong></span> <span class='ocrx_word' id='word_1_344' title='bbox 1216 4314 1318 4350; x_wconf 85' lang='lat' dir='ltr'><strong>non</strong></span> <span class='ocrx_word' id='word_1_345' title='bbox 1359 4297 1476 4351; x_wconf 89' lang='lat' dir='ltr'><strong>ferit</strong></span> <span class='ocrx_word' id='word_1_346' title='bbox 1502 4298 1666 4362; x_wconf 83' lang='lat' dir='ltr'><strong>illaut,</strong></span> <span class='ocrx_word' id='word_1_347' title='bbox 1712 4315 1808 4352; x_wconf 89' lang='lat' dir='ltr'><strong>nec</strong></span> <span class='ocrx_word' id='word_1_348' title='bbox 1831 4299 2030 4367; x_wconf 80' lang='lat' dir='ltr'><strong>dcjicit,</strong></span> 
     </span>
    </p>
   </div>
   <div class='ocr_carea' id='block_1_45' title="bbox 456 4387 965 4458">
    <p class='ocr_par' dir='ltr' id='par_1_45' title="bbox 456 4387 965 4458">
     <span class='ocr_line' id='line_1_45' title="bbox 456 4387 965 4458; baseline 0.002 -17"><span class='ocrx_word' id='word_1_349' title='bbox 456 4387 750 4458; x_wconf 78' lang='lat' dir='ltr'><strong>cxagitatur</strong></span> <span class='ocrx_word' id='word_1_350' title='bbox 793 4393 965 4456; x_wconf 86' lang='lat' dir='ltr'><strong>plane.</strong></span> 
     </span>
    </p>
   </div>
   <div class='ocr_carea' id='block_1_46' title="bbox 521 4478 2027 4537">
    <p class='ocr_par' dir='ltr' id='par_1_46' title="bbox 521 4478 2027 4537">
     <span class='ocr_line' id='line_1_46' title="bbox 521 4478 2027 4537; baseline 0.003 -4"><span class='ocrx_word' id='word_1_351' title='bbox 521 4480 574 4533; x_wconf 67' lang='grc'><strong>6.</strong></span> <span class='ocrx_word' id='word_1_352' title='bbox 594 4478 889 4533; x_wconf 68' lang='lat' dir='ltr'><strong>Sobrietatis</strong></span> <span class='ocrx_word' id='word_1_353' title='bbox 905 4479 1140 4533; x_wconf 65' lang='grc' dir='ltr'><strong>εἰσίοι-ἴω.</strong></span> <span class='ocrx_word' id='word_1_354' title='bbox 1166 4479 1499 4534; x_wconf 74' lang='lat' dir='ltr'><strong>Strcularium</strong></span> <span class='ocrx_word' id='word_1_355' title='bbox 1518 4499 1799 4535; x_wconf 79' lang='lat' dir='ltr'><strong>mensarum</strong></span> <span class='ocrx_word' id='word_1_356' title='bbox 1818 4481 2027 4537; x_wconf 64' lang='lat' dir='ltr'><strong>ili-litim.</strong></span> 
     </span>
    </p>
   </div>
   <div class='ocr_carea' id='block_1_47' title="bbox 451 4570 2028 4642">
    <p class='ocr_par' dir='ltr' id='par_1_47' title="bbox 451 4570 2028 4642">
     <span class='ocr_line' id='line_1_47' title="bbox 451 4570 2028 4642; baseline 0.002 -21"><span class='ocrx_word' id='word_1_357' title='bbox 451 4570 765 4624; x_wconf 77' lang='lat' dir='ltr'><strong>-—Vidistiu&#39;</strong></span> <span class='ocrx_word' id='word_1_358' title='bbox 803 4570 1130 4640; x_wconf 71' lang='lat' dir='ltr'><strong>Splendidam</strong></span> <span class='ocrx_word' id='word_1_359' title='bbox 1177 4573 1486 4625; x_wconf 74' lang='lat' dir='ltr'><strong>victoriam?</strong></span> <span class='ocrx_word' id='word_1_360' title='bbox 1529 4572 1809 4642; x_wconf 71' lang='lat' dir='ltr'><strong>Tropu-um</strong></span> <span class='ocrx_word' id='word_1_361' title='bbox 1853 4573 2028 4637; x_wconf 86' lang='lat' dir='ltr'><strong>enim,</strong></span> 
     </span>
    </p>
   </div>
   <div class='ocr_carea' id='block_1_48' title="bbox 452 4662 2028 4732">
    <p class='ocr_par' dir='ltr' id='par_1_48' title="bbox 452 4662 2028 4732">
     <span class='ocr_line' id='line_1_48' title="bbox 452 4662 2028 4732; baseline 0.003 -20"><span class='ocrx_word' id='word_1_362' title='bbox 452 4662 592 4729; x_wconf 88' lang='lat' dir='ltr'><strong>quod</strong></span> <span class='ocrx_word' id='word_1_363' title='bbox 625 4677 809 4716; x_wconf 79' lang='lat' dir='ltr'><strong>omnes</strong></span> <span class='ocrx_word' id='word_1_364' title='bbox 836 4662 994 4716; x_wconf 80' lang='lat' dir='ltr'><strong>simul</strong></span> <span class='ocrx_word' id='word_1_365' title='bbox 1022 4664 1286 4717; x_wconf 72' lang='lat' dir='ltr'><strong>exercitus</strong></span> <span class='ocrx_word' id='word_1_366' title='bbox 1317 4665 1402 4732; x_wconf 88' lang='lat' dir='ltr'><strong>qui</strong></span> <span class='ocrx_word' id='word_1_367' title='bbox 1437 4679 1529 4730; x_wconf 85' lang='lat' dir='ltr'><strong>per</strong></span> <span class='ocrx_word' id='word_1_368' title='bbox 1556 4665 1737 4717; x_wconf 72' lang='lat' dir='ltr'><strong>urbem</strong></span> <span class='ocrx_word' id='word_1_369' title='bbox 1767 4675 1890 4718; x_wconf 89' lang='lat' dir='ltr'><strong>sunt</strong></span> <span class='ocrx_word' id='word_1_370' title='bbox 1923 4668 2028 4717; x_wconf 82' lang='lat' dir='ltr'><strong>eri-</strong></span> 
     </span>
    </p>
   </div>
   <div class='ocr_carea' id='block_1_49' title="bbox 458 4754 2028 4826">
    <p class='ocr_par' dir='ltr' id='par_1_49' title="bbox 458 4754 2028 4826">
     <span class='ocr_line' id='line_1_49' title="bbox 458 4754 2028 4826; baseline 0.009 -28"><span class='ocrx_word' id='word_1_371' title='bbox 458 4763 583 4814; x_wconf 66' lang='lat' dir='ltr'><strong>gere</strong></span> <span class='ocrx_word' id='word_1_372' title='bbox 608 4765 713 4802; x_wconf 91' lang='lat' dir='ltr'><strong>non</strong></span> <span class='ocrx_word' id='word_1_373' title='bbox 738 4762 986 4818; x_wconf 83' lang='lat' dir='ltr'><strong>possunt,</strong></span> <span class='ocrx_word' id='word_1_374' title='bbox 1013 4754 1391 4822; x_wconf 85' lang='lat' dir='ltr'><strong>unusquisque</strong></span> <span class='ocrx_word' id='word_1_375' title='bbox 1422 4756 1615 4809; x_wconf 86' lang='lat' dir='ltr'><strong>horum</strong></span> <span class='ocrx_word' id='word_1_376' title='bbox 1643 4757 1823 4826; x_wconf 89' lang='lat' dir='ltr'><strong>erigit;</strong></span> <span class='ocrx_word' id='word_1_377' title='bbox 1847 4757 2028 4812; x_wconf 88' lang='lat' dir='ltr'><strong>omnia</strong></span> 
     </span>
    </p>
   </div>
   <div class='ocr_carea' id='block_1_50' title="bbox 463 4841 2021 4916">
    <p class='ocr_par' dir='ltr' id='par_1_50' title="bbox 463 4841 2021 4916">
     <span class='ocr_line' id='line_1_50' title="bbox 463 4841 2021 4916; baseline 0.007 -23"><span class='ocrx_word' id='word_1_378' title='bbox 463 4841 639 4907; x_wconf 80' lang='lat' dir='ltr'><strong>iacent</strong></span> <span class='ocrx_word' id='word_1_379' title='bbox 682 4841 841 4894; x_wconf 84' lang='lat' dir='ltr'><strong>simul</strong></span> <span class='ocrx_word' id='word_1_380' title='bbox 877 4843 1188 4898; x_wconf 79' lang='lat' dir='ltr'><strong>vulnerata:</strong></span> <span class='ocrx_word' id='word_1_381' title='bbox 1221 4846 1451 4899; x_wconf 84' lang='lat' dir='ltr'><strong>absurda</strong></span> <span class='ocrx_word' id='word_1_382' title='bbox 1497 4848 1807 4902; x_wconf 79' lang='lat' dir='ltr'><strong>stoliditatis</strong></span> <span class='ocrx_word' id='word_1_383' title='bbox 1837 4851 2021 4916; x_wconf 89' lang='lat' dir='ltr'><strong>verba,</strong></span> 
     </span>
    </p>
   </div>
   <div class='ocr_carea' id='block_1_51' title="bbox 459 4935 2029 5012">
    <p class='ocr_par' dir='ltr' id='par_1_51' title="bbox 459 4935 2029 5012">
     <span class='ocr_line' id='line_1_51' title="bbox 459 4935 2029 5012; baseline 0.009 -29"><span class='ocrx_word' id='word_1_384' title='bbox 459 4947 672 4986; x_wconf 68' lang='lat' dir='ltr'><strong>Vesana:</strong></span> <span class='ocrx_word' id='word_1_385' title='bbox 689 4935 1242 5006; x_wconf 84' lang='lat' dir='ltr'><strong>cng&#39;tationes.vapor</strong></span> <span class='ocrx_word' id='word_1_386' title='bbox 1270 4940 1614 5006; x_wconf 82' lang='lat' dir='ltr'><strong>injucundus,</strong></span> <span class='ocrx_word' id='word_1_387' title='bbox 1634 4952 1686 4996; x_wconf 85' lang='lat' dir='ltr'><strong>et</strong></span> <span class='ocrx_word' id='word_1_388' title='bbox 1701 4942 1884 4996; x_wconf 89' lang='lat' dir='ltr'><strong>omnia</strong></span> <span class='ocrx_word' id='word_1_389' title='bbox 1909 4959 2029 5012; x_wconf 76' lang='lat' dir='ltr'><strong>qua:</strong></span> 
     </span>
    </p>
   </div>
   <div class='ocr_carea' id='block_1_52' title="bbox 457 5025 2028 5093">
    <p class='ocr_par' dir='ltr' id='par_1_52' title="bbox 457 5025 2028 5093">
     <span class='ocr_line' id='line_1_52' title="bbox 457 5025 2028 5093; baseline 0.01 -18"><span class='ocrx_word' id='word_1_390' title='bbox 457 5039 522 5076; x_wconf 73' lang='lat' dir='ltr'><strong>ex</strong></span> <span class='ocrx_word' id='word_1_391' title='bbox 541 5025 809 5078; x_wconf 77' lang='lat' dir='ltr'><strong>ebrii-tate</strong></span> <span class='ocrx_word' id='word_1_392' title='bbox 827 5027 1026 5078; x_wconf 87' lang='lat' dir='ltr'><strong>armari</strong></span> <span class='ocrx_word' id='word_1_393' title='bbox 1046 5028 1239 5082; x_wconf 86' lang='lat' dir='ltr'><strong>solent:</strong></span> <span class='ocrx_word' id='word_1_394' title='bbox 1263 5040 1422 5093; x_wconf 81' lang='lat' dir='ltr'><strong>atque</strong></span> <span class='ocrx_word' id='word_1_395' title='bbox 1440 5032 1722 5086; x_wconf 89' lang='lat' dir='ltr'><strong>imitantur</strong></span> <span class='ocrx_word' id='word_1_396' title='bbox 1741 5032 2028 5090; x_wconf 79' lang='lat' dir='ltr'><strong>Dominum</strong></span> 
     </span>
    </p>
   </div>
   <div class='ocr_carea' id='block_1_53' title="bbox 451 5114 2035 5187">
    <p class='ocr_par' dir='ltr' id='par_1_53' title="bbox 451 5114 2035 5187">
     <span class='ocr_line' id='line_1_53' title="bbox 451 5114 2035 5187; baseline 0.009 -21"><span class='ocrx_word' id='word_1_397' title='bbox 451 5130 636 5178; x_wconf 84' lang='lat' dir='ltr'><strong>suum,</strong></span> <span class='ocrx_word' id='word_1_398' title='bbox 668 5114 734 5170; x_wconf 89' lang='lat' dir='ltr'><strong>de</strong></span> <span class='ocrx_word' id='word_1_399' title='bbox 762 5131 868 5184; x_wconf 88' lang='lat' dir='ltr'><strong>quo</strong></span> <span class='ocrx_word' id='word_1_400' title='bbox 897 5117 1167 5187; x_wconf 83' lang='lat' dir='ltr'><strong>Scriptura</strong></span> <span class='ocrx_word' id='word_1_401' title='bbox 1194 5121 1501 5175; x_wconf 74' lang='lat' dir='ltr'><strong>mirabundo</strong></span> <span class='ocrx_word' id='word_1_402' title='bbox 1523 5123 1652 5177; x_wconf 83' lang='lat' dir='ltr'><strong>dicit</strong></span> <span class='ocrx_word' id='word_1_403' title='bbox 1680 5141 1692 5175; x_wconf 93' lang='lat'>:</span> <span class='ocrx_word' id='word_1_404' title='bbox 1722 5123 1796 5180; x_wconf 79' lang='lat' dir='ltr'><strong>De</strong></span> <span class='ocrx_word' id='word_1_405' title='bbox 1819 5136 2035 5180; x_wconf 70' lang='lat' dir='ltr'><strong>torrmre</strong></span> 
     </span>
    </p>
   </div>
   <div class='ocr_carea' id='block_1_54' title="bbox 450 5205 2025 5287">
    <p class='ocr_par' dir='ltr' id='par_1_54' title="bbox 450 5205 2025 5287">
     <span class='ocr_line' id='line_1_54' title="bbox 450 5205 2025 5287; baseline 0.008 -31"><span class='ocrx_word' id='word_1_406' title='bbox 450 5207 501 5258; x_wconf 81' lang='lat' dir='ltr'><strong>in</strong></span> <span class='ocrx_word' id='word_1_407' title='bbox 531 5205 610 5258; x_wconf 64' lang='lat' dir='ltr'><strong>sic</strong></span> <span class='ocrx_word' id='word_1_408' title='bbox 635 5206 762 5260; x_wconf 73' lang='lat' dir='ltr'><strong>bibet</strong></span> <span class='ocrx_word' id='word_1_409' title='bbox 779 5221 802 5272; x_wconf 85' lang='lat'><strong>,°</strong></span> <span class='ocrx_word' id='word_1_410' title='bbox 833 5220 1094 5278; x_wconf 70' lang='lat' dir='ltr'><strong>propterea</strong></span> <span class='ocrx_word' id='word_1_411' title='bbox 1122 5211 1356 5264; x_wconf 72' lang='lat' dir='ltr'><strong>exaltabit</strong></span> <span class='ocrx_word' id='word_1_412' title='bbox 1385 5224 1533 5282; x_wconf 76' lang='lat' dir='ltr'><strong>caput</strong></span> <span class='ocrx_word' id='word_1_413' title='bbox 1564 5220 1580 5283; x_wconf 83' lang='lat'>(</span> <span class='ocrx_word' id='word_1_414' title='bbox 1606 5214 1751 5269; x_wconf 79' lang='grc' dir='ltr'><strong>Ρωι.</strong></span> <span class='ocrx_word' id='word_1_415' title='bbox 1787 5217 1908 5272; x_wconf 78' lang='grc'><strong>109.</strong></span> <span class='ocrx_word' id='word_1_416' title='bbox 1931 5218 1960 5269; x_wconf 81' lang='lat'><strong>7</strong></span> <span class='ocrx_word' id='word_1_417' title='bbox 1988 5225 2025 5287; x_wconf 86' lang='lat'><strong>).</strong></span> 
     </span>
    </p>
   </div>
   <div class='ocr_carea' id='block_1_55' title="bbox 456 5292 2030 5377">
    <p class='ocr_par' dir='ltr' id='par_1_55' title="bbox 456 5292 2030 5377">
     <span class='ocr_line' id='line_1_55' title="bbox 456 5292 2030 5377; baseline 0.01 -32"><span class='ocrx_word' id='word_1_418' title='bbox 456 5293 694 5349; x_wconf 81' lang='lat' dir='ltr'><strong>Voltisne</strong></span> <span class='ocrx_word' id='word_1_419' title='bbox 714 5311 744 5350; x_wconf 91' lang='lat' dir='ltr'><strong>e</strong></span> <span class='ocrx_word' id='word_1_420' title='bbox 765 5302 980 5366; x_wconf 82' lang='lat' dir='ltr'><strong>regione</strong></span> <span class='ocrx_word' id='word_1_421' title='bbox 1004 5309 1330 5354; x_wconf 89' lang='lat' dir='ltr'><strong>mortuorum</strong></span> <span class='ocrx_word' id='word_1_422' title='bbox 1354 5302 1741 5360; x_wconf 86' lang='lat' dir='ltr'><strong>multitudinem</strong></span> <span class='ocrx_word' id='word_1_423' title='bbox 1763 5292 2030 5377; x_wconf 76' lang='lat' dir='ltr'><strong>aspicere?</strong></span> 
     </span>
    </p>
   </div>
   <div class='ocr_carea' id='block_1_56' title="bbox 457 5386 2025 5466">
    <p class='ocr_par' dir='ltr' id='par_1_56' title="bbox 457 5386 2025 5466">
     <span class='ocr_line' id='line_1_56' title="bbox 457 5386 2025 5466; baseline 0.009 -28"><span class='ocrx_word' id='word_1_424' title='bbox 457 5386 681 5439; x_wconf 76' lang='lat' dir='ltr'><strong>Delicias</strong></span> <span class='ocrx_word' id='word_1_425' title='bbox 720 5387 994 5444; x_wconf 76' lang='lat' dir='ltr'><strong>videamus</strong></span> <span class='ocrx_word' id='word_1_426' title='bbox 1035 5407 1097 5444; x_wconf 79' lang='lat' dir='ltr'><strong>ex</strong></span> <span class='ocrx_word' id='word_1_427' title='bbox 1135 5395 1561 5458; x_wconf 76' lang='lat' dir='ltr'><strong>concupisrentia</strong></span> <span class='ocrx_word' id='word_1_428' title='bbox 1600 5407 1764 5462; x_wconf 81' lang='lat' dir='ltr'><strong>ortas,</strong></span> <span class='ocrx_word' id='word_1_429' title='bbox 1811 5415 1926 5466; x_wconf 74' lang='lat' dir='ltr'><strong>qua:</strong></span> <span class='ocrx_word' id='word_1_430' title='bbox 1965 5417 2025 5452; x_wconf 75' lang='lat' dir='ltr'><strong>ex</strong></span> 
     </span>
    </p>
   </div>
   <div class='ocr_carea' id='block_1_57' title="bbox 454 5478 2031 5556">
    <p class='ocr_par' dir='ltr' id='par_1_57' title="bbox 454 5478 2031 5556">
     <span class='ocr_line' id='line_1_57' title="bbox 454 5478 2031 5556; baseline 0.009 -29"><span class='ocrx_word' id='word_1_431' title='bbox 454 5478 839 5546; x_wconf 82' lang='lat' dir='ltr'><strong>pulmentariis,</strong></span> <span class='ocrx_word' id='word_1_432' title='bbox 864 5482 1069 5547; x_wconf 77' lang='lat' dir='ltr'><strong>requis,</strong></span> <span class='ocrx_word' id='word_1_433' title='bbox 1096 5498 1397 5536; x_wconf 83' lang='lat' dir='ltr'><strong>mensarum</strong></span> <span class='ocrx_word' id='word_1_434' title='bbox 1424 5488 1794 5547; x_wconf 73' lang='lat' dir='ltr'><strong>structoribus,</strong></span> <span class='ocrx_word' id='word_1_435' title='bbox 1822 5491 2031 5556; x_wconf 78' lang='lat' dir='ltr'><strong>placen—</strong></span> 
     </span>
    </p>
   </div>
   <div class='ocr_carea' id='block_1_58' title="bbox 454 5568 2029 5639">
    <p class='ocr_par' dir='ltr' id='par_1_58' title="bbox 454 5568 2029 5639">
     <span class='ocr_line' id='line_1_58' title="bbox 454 5568 2029 5639; baseline 0.01 -18"><span class='ocrx_word' id='word_1_436' title='bbox 454 5580 624 5621; x_wconf 77' lang='lat' dir='ltr'><strong>tarum</strong></span> <span class='ocrx_word' id='word_1_437' title='bbox 657 5568 947 5622; x_wconf 85' lang='lat' dir='ltr'><strong>artificibus</strong></span> <span class='ocrx_word' id='word_1_438' title='bbox 972 5572 1386 5639; x_wconf 69' lang='lat' dir='ltr'><strong>suppodiL‘lltlllr.</strong></span> <span class='ocrx_word' id='word_1_439' title='bbox 1426 5575 1589 5629; x_wconf 79' lang='lat' dir='ltr'><strong>Pudet</strong></span> <span class='ocrx_word' id='word_1_440' title='bbox 1619 5580 1794 5630; x_wconf 87' lang='lat' dir='ltr'><strong>omnia</strong></span> <span class='ocrx_word' id='word_1_441' title='bbox 1837 5581 1920 5633; x_wconf 90' lang='lat' dir='ltr'><strong>illa</strong></span> <span class='ocrx_word' id='word_1_442' title='bbox 1952 5582 2029 5636; x_wconf 84' lang='lat' dir='ltr'><strong>di-</strong></span> 
     </span>
    </p>
   </div>
   <div class='ocr_carea' id='block_1_59' title="bbox 452 5661 2026 5736">
    <p class='ocr_par' dir='ltr' id='par_1_59' title="bbox 452 5661 2026 5736">
     <span class='ocr_line' id='line_1_59' title="bbox 452 5661 2026 5736; baseline 0.009 -24"><span class='ocrx_word' id='word_1_443' title='bbox 452 5675 573 5714; x_wconf 82' lang='lat' dir='ltr'><strong>cere</strong></span> <span class='ocrx_word' id='word_1_444' title='bbox 604 5676 617 5711; x_wconf 76' lang='grc' dir='ltr'><strong><em>τ</em></strong></span> <span class='ocrx_word' id='word_1_445' title='bbox 646 5669 878 5714; x_wconf 76' lang='lat' dir='ltr'><strong>attamen</strong></span> <span class='ocrx_word' id='word_1_446' title='bbox 913 5661 1188 5727; x_wconf 72' lang='lat' dir='ltr'><strong>phasiauas</strong></span> <span class='ocrx_word' id='word_1_447' title='bbox 1217 5679 1341 5718; x_wconf 76' lang='lat' dir='ltr'><strong>ares</strong></span> <span class='ocrx_word' id='word_1_448' title='bbox 1381 5667 1672 5732; x_wconf 56' lang='lat' dir='ltr'><strong>prorcram,</strong></span> <span class='ocrx_word' id='word_1_449' title='bbox 1712 5670 1829 5736; x_wconf 86' lang='lat' dir='ltr'><strong>jura</strong></span> <span class='ocrx_word' id='word_1_450' title='bbox 1875 5671 2026 5726; x_wconf 80' lang='lat' dir='ltr'><strong>iusim</strong></span> 
     </span>
    </p>
   </div>
   <div class='ocr_carea' id='block_1_60' title="bbox 455 5751 2026 5830">
    <p class='ocr_par' dir='ltr' id='par_1_60' title="bbox 455 5751 2026 5830">
     <span class='ocr_line' id='line_1_60' title="bbox 455 5751 2026 5830; baseline 0.01 -29"><span class='ocrx_word' id='word_1_451' title='bbox 455 5760 646 5810; x_wconf 78' lang='lat' dir='ltr'><strong>mnta,</strong></span> <span class='ocrx_word' id='word_1_452' title='bbox 676 5751 886 5804; x_wconf 86' lang='lat' dir='ltr'><strong>humida</strong></span> <span class='ocrx_word' id='word_1_453' title='bbox 910 5793 922 5812; x_wconf 86' lang='lat'><strong>,</strong></span> <span class='ocrx_word' id='word_1_454' title='bbox 953 5753 1087 5808; x_wconf 79' lang='lat' dir='ltr'><strong>sicca</strong></span> <span class='ocrx_word' id='word_1_455' title='bbox 1110 5755 1280 5809; x_wconf 85' lang='lat' dir='ltr'><strong>edulia</strong></span> <span class='ocrx_word' id='word_1_456' title='bbox 1305 5799 1314 5816; x_wconf 84' lang='lat'><strong>,</strong></span> <span class='ocrx_word' id='word_1_457' title='bbox 1349 5758 1487 5825; x_wconf 82' lang='lat' dir='ltr'><strong>leges</strong></span> <span class='ocrx_word' id='word_1_458' title='bbox 1518 5758 1597 5811; x_wconf 86' lang='lat' dir='ltr'><strong>his</strong></span> <span class='ocrx_word' id='word_1_459' title='bbox 1626 5764 1782 5814; x_wconf 85' lang='lat' dir='ltr'><strong>rebus</strong></span> <span class='ocrx_word' id='word_1_460' title='bbox 1812 5765 2026 5830; x_wconf 77' lang='lat' dir='ltr'><strong>positas.</strong></span> 
     </span>
    </p>
   </div>
   <div class='ocr_carea' id='block_1_61' title="bbox 1309 357 3100 420">
    <p class='ocr_par' dir='ltr' id='par_1_61' title="bbox 1309 357 3100 420">
     <span class='ocr_line' id='line_1_61' title="bbox 1309 357 3100 420; baseline 0.002 -4"><span class='ocrx_word' id='word_1_461' title='bbox 1309 358 1366 416; x_wconf 79' lang='lat' dir='ltr'><strong>S.</strong></span> <span class='ocrx_word' id='word_1_462' title='bbox 1389 357 1668 416; x_wconf 74' lang='lat' dir='ltr'><strong>JOANNIS</strong></span> <span class='ocrx_word' id='word_1_463' title='bbox 1694 360 2166 417; x_wconf 71' lang='lat' dir='ltr'><strong>CIIRYSOSTOMI</strong></span> <span class='ocrx_word' id='word_1_464' title='bbox 2209 360 2524 416; x_wconf 68' lang='lat' dir='ltr'><strong>ARClllliP.</strong></span> <span class='ocrx_word' id='word_1_465' title='bbox 2564 361 3100 420; x_wconf 63' lang='lat' dir='ltr'><strong>CONSTANTINJP.</strong></span> 
     </span>
    </p>
   </div>
   <div class='ocr_carea' id='block_1_62' title="bbox 3663 362 3776 416">
    <p class='ocr_par' dir='ltr' id='par_1_62' title="bbox 3663 362 3776 416">
     <span class='ocr_line' id='line_1_62' title="bbox 3663 362 3776 416; baseline -0.009 -1"><span class='ocrx_word' id='word_1_466' title='bbox 3663 362 3776 416; x_wconf 75' lang='lat'><strong>660</strong></span> 
     </span>
    </p>
   </div>
   <div class='ocr_carea' id='block_1_63' title="bbox 2174 472 3768 547">
    <p class='ocr_par' dir='ltr' id='par_1_63' title="bbox 2174 472 3768 547">
     <span class='ocr_line' id='line_1_63' title="bbox 2174 472 3768 547; baseline 0.006 -20"><span class='ocrx_word' id='word_1_467' title='bbox 2174 472 2309 528; x_wconf 84' lang='lat' dir='ltr'><strong>Nam</strong></span> <span class='ocrx_word' id='word_1_468' title='bbox 2348 474 2495 543; x_wconf 84' lang='lat' dir='ltr'><strong>quasi</strong></span> <span class='ocrx_word' id='word_1_469' title='bbox 2538 474 2915 542; x_wconf 77' lang='lat' dir='ltr'><strong>rempublicam</strong></span> <span class='ocrx_word' id='word_1_470' title='bbox 2947 477 3339 547; x_wconf 77' lang='lat' dir='ltr'><strong>gubernantes,</strong></span> <span class='ocrx_word' id='word_1_471' title='bbox 3381 490 3435 534; x_wconf 85' lang='lat' dir='ltr'><strong>et</strong></span> <span class='ocrx_word' id='word_1_472' title='bbox 3468 481 3636 536; x_wconf 81' lang='lat' dir='ltr'><strong>aciem</strong></span> <span class='ocrx_word' id='word_1_473' title='bbox 3681 485 3768 536; x_wconf 87' lang='lat' dir='ltr'><strong>in-</strong></span> 
     </span>
    </p>
   </div>
   <div class='ocr_carea' id='block_1_64' title="bbox 2173 564 3769 638">
    <p class='ocr_par' dir='ltr' id='par_1_64' title="bbox 2173 564 3769 638">
     <span class='ocr_line' id='line_1_64' title="bbox 2173 564 3769 638; baseline 0.006 -21"><span class='ocrx_word' id='word_1_474' title='bbox 2173 573 2474 622; x_wconf 81' lang='lat' dir='ltr'><strong>struentes.</strong></span> <span class='ocrx_word' id='word_1_475' title='bbox 2506 564 2582 618; x_wconf 86' lang='lat' dir='ltr'><strong>sic</strong></span> <span class='ocrx_word' id='word_1_476' title='bbox 2609 574 2662 618; x_wconf 91' lang='lat' dir='ltr'><strong>ct</strong></span> <span class='ocrx_word' id='word_1_477' title='bbox 2690 565 2773 619; x_wconf 89' lang='lat' dir='ltr'><strong>isti</strong></span> <span class='ocrx_word' id='word_1_478' title='bbox 2808 566 2908 619; x_wconf 86' lang='lat' dir='ltr'><strong>hoc</strong></span> <span class='ocrx_word' id='word_1_479' title='bbox 2938 577 2987 620; x_wconf 91' lang='lat' dir='ltr'><strong>et</strong></span> <span class='ocrx_word' id='word_1_480' title='bbox 3017 569 3119 622; x_wconf 83' lang='lat' dir='ltr'><strong>hoc</strong></span> <span class='ocrx_word' id='word_1_481' title='bbox 3150 569 3378 638; x_wconf 85' lang='lat' dir='ltr'><strong>primum</strong></span> <span class='ocrx_word' id='word_1_482' title='bbox 3404 611 3421 635; x_wconf 94' lang='lat'><strong>,</strong></span> <span class='ocrx_word' id='word_1_483' title='bbox 3452 571 3553 626; x_wconf 88' lang='lat' dir='ltr'><strong>huc</strong></span> <span class='ocrx_word' id='word_1_484' title='bbox 3581 581 3636 626; x_wconf 85' lang='lat' dir='ltr'><strong>et</strong></span> <span class='ocrx_word' id='word_1_485' title='bbox 3663 573 3769 627; x_wconf 85' lang='lat' dir='ltr'><strong>hoc</strong></span> 
     </span>
    </p>
   </div>
   <div class='ocr_carea' id='block_1_65' title="bbox 2171 654 3768 730">
    <p class='ocr_par' dir='ltr' id='par_1_65' title="bbox 2171 654 3768 730">
     <span class='ocr_line' id='line_1_65' title="bbox 2171 654 3768 730; baseline 0.006 -24"><span class='ocrx_word' id='word_1_486' title='bbox 2171 654 2464 708; x_wconf 79' lang='lat' dir='ltr'><strong>secundum</strong></span> <span class='ocrx_word' id='word_1_487' title='bbox 2510 656 2855 709; x_wconf 88' lang='lat' dir='ltr'><strong>constituunt.</strong></span> <span class='ocrx_word' id='word_1_488' title='bbox 2903 656 2968 710; x_wconf 86' lang='lat' dir='ltr'><strong>Et</strong></span> <span class='ocrx_word' id='word_1_489' title='bbox 3005 657 3094 711; x_wconf 86' lang='lat' dir='ltr'><strong>alii</strong></span> <span class='ocrx_word' id='word_1_490' title='bbox 3126 659 3336 729; x_wconf 91' lang='lat' dir='ltr'><strong>quidem</strong></span> <span class='ocrx_word' id='word_1_491' title='bbox 3365 661 3595 730; x_wconf 60' lang='lat' dir='ltr'><strong>primum</strong></span> <span class='ocrx_word' id='word_1_492' title='bbox 3635 678 3768 717; x_wconf 75' lang='lat' dir='ltr'><strong>aves</strong></span> 
     </span>
    </p>
   </div>
   <div class='ocr_carea' id='block_1_66' title="bbox 2171 746 3762 816">
    <p class='ocr_par' dir='ltr' id='par_1_66' title="bbox 2171 746 3762 816">
     <span class='ocr_line' id='line_1_66' title="bbox 2171 746 3762 816; baseline 0.008 -25"><span class='ocrx_word' id='word_1_493' title='bbox 2171 759 2331 814; x_wconf 74' lang='lat' dir='ltr'><strong>supra</strong></span> <span class='ocrx_word' id='word_1_494' title='bbox 2374 746 2629 800; x_wconf 73' lang='lat' dir='ltr'><strong>carbones</strong></span> <span class='ocrx_word' id='word_1_495' title='bbox 2671 760 2850 808; x_wconf 85' lang='lat' dir='ltr'><strong>assas,</strong></span> <span class='ocrx_word' id='word_1_496' title='bbox 2899 748 3240 816; x_wconf 78' lang='lat' dir='ltr'><strong>piseibusque</strong></span> <span class='ocrx_word' id='word_1_497' title='bbox 3283 750 3445 806; x_wconf 86' lang='lat' dir='ltr'><strong>fartas</strong></span> <span class='ocrx_word' id='word_1_498' title='bbox 3492 751 3762 814; x_wconf 71' lang='lat' dir='ltr'><strong>offerunt;</strong></span> 
     </span>
    </p>
   </div>
   <div class='ocr_carea' id='block_1_67' title="bbox 2170 832 3765 899">
    <p class='ocr_par' dir='ltr' id='par_1_67' title="bbox 2170 832 3765 899">
     <span class='ocr_line' id='line_1_67' title="bbox 2170 832 3765 899; baseline 0.008 -15"><span class='ocrx_word' id='word_1_499' title='bbox 2170 832 2260 887; x_wconf 89' lang='lat' dir='ltr'><strong>alii</strong></span> <span class='ocrx_word' id='word_1_500' title='bbox 2277 835 2376 886; x_wconf 87' lang='lat' dir='ltr'><strong>alia</strong></span> <span class='ocrx_word' id='word_1_501' title='bbox 2401 834 2542 887; x_wconf 74' lang='lat' dir='ltr'><strong>initia</strong></span> <span class='ocrx_word' id='word_1_502' title='bbox 2564 836 3026 891; x_wconf 88' lang='lat' dir='ltr'><strong>inuuoderatarum</strong></span> <span class='ocrx_word' id='word_1_503' title='bbox 3049 854 3323 895; x_wconf 69' lang='lat' dir='ltr'><strong>coenarum</strong></span> <span class='ocrx_word' id='word_1_504' title='bbox 3340 852 3575 897; x_wconf 87' lang='lat' dir='ltr'><strong>statuunt</strong></span> <span class='ocrx_word' id='word_1_505' title='bbox 3595 861 3608 899; x_wconf 87' lang='lat'><strong>:</strong></span> <span class='ocrx_word' id='word_1_506' title='bbox 3627 847 3765 897; x_wconf 80' lang='lat' dir='ltr'><strong>mul-</strong></span> 
     </span>
    </p>
   </div>
   <div class='ocr_carea' id='block_1_68' title="bbox 2172 926 3764 1002">
    <p class='ocr_par' dir='ltr' id='par_1_68' title="bbox 2172 926 3764 1002">
     <span class='ocr_line' id='line_1_68' title="bbox 2172 926 3764 1002; baseline 0.008 -25"><span class='ocrx_word' id='word_1_507' title='bbox 2172 934 2330 995; x_wconf 83' lang='lat' dir='ltr'><strong>taque</strong></span> <span class='ocrx_word' id='word_1_508' title='bbox 2359 929 2498 979; x_wconf 89' lang='lat' dir='ltr'><strong>circa</strong></span> <span class='ocrx_word' id='word_1_509' title='bbox 2532 926 2644 980; x_wconf 78' lang='lat' dir='ltr'><strong>lure</strong></span> <span class='ocrx_word' id='word_1_510' title='bbox 2673 938 2754 981; x_wconf 90' lang='lat' dir='ltr'><strong>est</strong></span> <span class='ocrx_word' id='word_1_511' title='bbox 2779 931 3102 984; x_wconf 83' lang='lat' dir='ltr'><strong>concertatio</strong></span> <span class='ocrx_word' id='word_1_512' title='bbox 3129 940 3180 986; x_wconf 85' lang='lat' dir='ltr'><strong>et</strong></span> <span class='ocrx_word' id='word_1_513' title='bbox 3210 932 3276 986; x_wconf 91' lang='lat' dir='ltr'><strong>dc</strong></span> <span class='ocrx_word' id='word_1_514' title='bbox 3306 935 3580 1002; x_wconf 85' lang='lat' dir='ltr'><strong>qualitate,</strong></span> <span class='ocrx_word' id='word_1_515' title='bbox 3614 947 3666 990; x_wconf 93' lang='lat' dir='ltr'><strong>ct</strong></span> <span class='ocrx_word' id='word_1_516' title='bbox 3693 939 3764 990; x_wconf 84' lang='lat' dir='ltr'><strong>de</strong></span> 
     </span>
    </p>
   </div>
   <div class='ocr_carea' id='block_1_69' title="bbox 2168 1015 3763 1089">
    <p class='ocr_par' dir='ltr' id='par_1_69' title="bbox 2168 1015 3763 1089">
     <span class='ocr_line' id='line_1_69' title="bbox 2168 1015 3763 1089; baseline 0.01 -22"><span class='ocrx_word' id='word_1_517' title='bbox 2168 1015 2391 1079; x_wconf 81' lang='lat' dir='ltr'><strong>ordine,</strong></span> <span class='ocrx_word' id='word_1_518' title='bbox 2422 1025 2475 1070; x_wconf 81' lang='lat' dir='ltr'><strong>et</strong></span> <span class='ocrx_word' id='word_1_519' title='bbox 2503 1017 2570 1070; x_wconf 89' lang='lat' dir='ltr'><strong>dc</strong></span> <span class='ocrx_word' id='word_1_520' title='bbox 2598 1018 2746 1085; x_wconf 74' lang='lat' dir='ltr'><strong>(topia</strong></span> <span class='ocrx_word' id='word_1_521' title='bbox 2797 1037 2810 1072; x_wconf 92' lang='lat'><strong>:</strong></span> <span class='ocrx_word' id='word_1_522' title='bbox 2854 1029 3010 1089; x_wconf 77' lang='lat' dir='ltr'><strong>atque</strong></span> <span class='ocrx_word' id='word_1_523' title='bbox 3050 1023 3117 1074; x_wconf 83' lang='lat' dir='ltr'><strong>de</strong></span> <span class='ocrx_word' id='word_1_524' title='bbox 3158 1023 3261 1076; x_wconf 86' lang='lat' dir='ltr'><strong>illis</strong></span> <span class='ocrx_word' id='word_1_525' title='bbox 3301 1036 3648 1088; x_wconf 74' lang='lat' dir='ltr'><strong>concertant,</strong></span> <span class='ocrx_word' id='word_1_526' title='bbox 3691 1029 3763 1083; x_wconf 86' lang='lat' dir='ltr'><strong>de</strong></span> 
     </span>
    </p>
   </div>
   <div class='ocr_carea' id='block_1_70' title="bbox 2167 1105 3757 1181">
    <p class='ocr_par' dir='ltr' id='par_1_70' title="bbox 2167 1105 3757 1181">
     <span class='ocr_line' id='line_1_70' title="bbox 2167 1105 3757 1181; baseline 0.011 -27"><span class='ocrx_word' id='word_1_527' title='bbox 2167 1105 2359 1173; x_wconf 88' lang='lat' dir='ltr'><strong>quibus</strong></span> <span class='ocrx_word' id='word_1_528' title='bbox 2380 1106 2567 1160; x_wconf 74' lang='lat' dir='ltr'><strong>sumidi</strong></span> <span class='ocrx_word' id='word_1_529' title='bbox 2592 1107 2877 1168; x_wconf 88' lang='lat' dir='ltr'><strong>deberent;</strong></span> <span class='ocrx_word' id='word_1_530' title='bbox 2901 1111 2988 1164; x_wconf 88' lang='lat' dir='ltr'><strong>alii</strong></span> <span class='ocrx_word' id='word_1_531' title='bbox 3012 1112 3149 1178; x_wconf 81' lang='lat' dir='ltr'><strong>quod</strong></span> <span class='ocrx_word' id='word_1_532' title='bbox 3177 1113 3451 1168; x_wconf 88' lang='lat' dir='ltr'><strong>dimidium</strong></span> <span class='ocrx_word' id='word_1_533' title='bbox 3480 1117 3641 1181; x_wconf 87' lang='lat' dir='ltr'><strong>diem,</strong></span> <span class='ocrx_word' id='word_1_534' title='bbox 3669 1119 3757 1173; x_wconf 80' lang='lat' dir='ltr'><strong>alii</strong></span> 
     </span>
    </p>
   </div>
   <div class='ocr_carea' id='block_1_71' title="bbox 2165 1194 3761 1278">
    <p class='ocr_par' dir='ltr' id='par_1_71' title="bbox 2165 1194 3761 1278">
     <span class='ocr_line' id='line_1_71' title="bbox 2165 1194 3761 1278; baseline 0.013 -35"><span class='ocrx_word' id='word_1_535' title='bbox 2165 1194 2306 1260; x_wconf 82' lang='lat' dir='ltr'><strong>quod</strong></span> <span class='ocrx_word' id='word_1_536' title='bbox 2331 1203 2495 1247; x_wconf 91' lang='lat' dir='ltr'><strong>totum</strong></span> <span class='ocrx_word' id='word_1_537' title='bbox 2523 1197 2571 1248; x_wconf 90' lang='lat' dir='ltr'><strong>in</strong></span> <span class='ocrx_word' id='word_1_538' title='bbox 2599 1198 2697 1249; x_wconf 85' lang='lat' dir='ltr'><strong>illis</strong></span> <span class='ocrx_word' id='word_1_539' title='bbox 2721 1199 3009 1259; x_wconf 75' lang='lat' dir='ltr'><strong>insumunt.</strong></span> <span class='ocrx_word' id='word_1_540' title='bbox 3034 1204 3120 1253; x_wconf 84' lang='lat' dir='ltr'><strong>alii</strong></span> <span class='ocrx_word' id='word_1_541' title='bbox 3144 1204 3284 1271; x_wconf 88' lang='lat' dir='ltr'><strong>quml</strong></span> <span class='ocrx_word' id='word_1_542' title='bbox 3311 1216 3519 1270; x_wconf 82' lang='lat' dir='ltr'><strong>noctem</strong></span> <span class='ocrx_word' id='word_1_543' title='bbox 3543 1223 3761 1278; x_wconf 81' lang='lat' dir='ltr'><strong>quoque</strong></span> 
     </span>
    </p>
   </div>
   <div class='ocr_carea' id='block_1_72' title="bbox 2163 1284 3757 1358">
    <p class='ocr_par' dir='ltr' id='par_1_72' title="bbox 2163 1284 3757 1358">
     <span class='ocr_line' id='line_1_72' title="bbox 2163 1284 3757 1358; baseline 0.01 -21"><span class='ocrx_word' id='word_1_544' title='bbox 2163 1285 2435 1352; x_wconf 81' lang='lat' dir='ltr'><strong>adiiciant.</strong></span> <span class='ocrx_word' id='word_1_545' title='bbox 2487 1288 2886 1358; x_wconf 84' lang='lat' dir='ltr'><strong>Diecndumquc</strong></span> <span class='ocrx_word' id='word_1_546' title='bbox 2925 1293 3059 1350; x_wconf 79' lang='lat' dir='ltr'><strong>illis.</strong></span> <span class='ocrx_word' id='word_1_547' title='bbox 3112 1284 3278 1358; x_wconf 74' lang='lat' dir='ltr'><strong>Vide.</strong></span> <span class='ocrx_word' id='word_1_548' title='bbox 3322 1299 3503 1358; x_wconf 84' lang='lat' dir='ltr'><strong>miser.</strong></span> <span class='ocrx_word' id='word_1_549' title='bbox 3539 1315 3757 1352; x_wconf 80' lang='lat' dir='ltr'><strong>mensu-</strong></span> 
     </span>
    </p>
   </div>
   <div class='ocr_carea' id='block_1_73' title="bbox 2164 1379 3755 1443">
    <p class='ocr_par' dir='ltr' id='par_1_73' title="bbox 2164 1379 3755 1443">
     <span class='ocr_line' id='line_1_73' title="bbox 2164 1379 3755 1443; baseline 0.009 -15"><span class='ocrx_word' id='word_1_550' title='bbox 2164 1391 2278 1429; x_wconf 85' lang='lat' dir='ltr'><strong>ram</strong></span> <span class='ocrx_word' id='word_1_551' title='bbox 2310 1379 2509 1432; x_wconf 76' lang='lat' dir='ltr'><strong>ventris</strong></span> <span class='ocrx_word' id='word_1_552' title='bbox 2531 1420 2544 1440; x_wconf 86' lang='lat'><em>.</em></span> <span class='ocrx_word' id='word_1_553' title='bbox 2576 1389 2628 1432; x_wconf 88' lang='lat' dir='ltr'><strong>ct</strong></span> <span class='ocrx_word' id='word_1_554' title='bbox 2660 1379 2726 1432; x_wconf 88' lang='lat' dir='ltr'><strong>de</strong></span> <span class='ocrx_word' id='word_1_555' title='bbox 2760 1379 3108 1434; x_wconf 71' lang='lat' dir='ltr'><strong>immoderato</strong></span> <span class='ocrx_word' id='word_1_556' title='bbox 3137 1385 3314 1436; x_wconf 83' lang='lat' dir='ltr'><strong>studio</strong></span> <span class='ocrx_word' id='word_1_557' title='bbox 3343 1386 3618 1441; x_wconf 77' lang='lat' dir='ltr'><strong>erubesce.</strong></span> <span class='ocrx_word' id='word_1_558' title='bbox 3655 1389 3755 1443; x_wconf 76' lang='lat' dir='ltr'><strong>Ve-</strong></span> 
     </span>
    </p>
   </div>
   <div class='ocr_carea' id='block_1_74' title="bbox 2163 1469 3754 1544">
    <p class='ocr_par' dir='ltr' id='par_1_74' title="bbox 2163 1469 3754 1544">
     <span class='ocr_line' id='line_1_74' title="bbox 2163 1469 3754 1544; baseline 0.009 -25"><span class='ocrx_word' id='word_1_559' title='bbox 2163 1481 2280 1520; x_wconf 91' lang='lat' dir='ltr'><strong>rum</strong></span> <span class='ocrx_word' id='word_1_560' title='bbox 2315 1469 2442 1522; x_wconf 90' lang='lat' dir='ltr'><strong>nihil</strong></span> <span class='ocrx_word' id='word_1_561' title='bbox 2475 1469 2775 1537; x_wconf 81' lang='lat' dir='ltr'><strong>liujusmudi</strong></span> <span class='ocrx_word' id='word_1_562' title='bbox 2807 1472 2946 1540; x_wconf 92' lang='lat' dir='ltr'><strong>apud</strong></span> <span class='ocrx_word' id='word_1_563' title='bbox 2976 1476 3194 1544; x_wconf 79' lang='lat' dir='ltr'><strong>angelos</strong></span> <span class='ocrx_word' id='word_1_564' title='bbox 3223 1477 3369 1541; x_wconf 86' lang='lat' dir='ltr'><strong>illos;</strong></span> <span class='ocrx_word' id='word_1_565' title='bbox 3411 1477 3502 1531; x_wconf 85' lang='lat' dir='ltr'><strong>sed</strong></span> <span class='ocrx_word' id='word_1_566' title='bbox 3543 1489 3597 1532; x_wconf 88' lang='lat' dir='ltr'><strong>et</strong></span> <span class='ocrx_word' id='word_1_567' title='bbox 3640 1481 3754 1536; x_wconf 71' lang='lat' dir='ltr'><strong>iure</strong></span> 
     </span>
    </p>
   </div>
   <div class='ocr_carea' id='block_1_75' title="bbox 2159 1561 3750 1632">
    <p class='ocr_par' dir='ltr' id='par_1_75' title="bbox 2159 1561 3750 1632">
     <span class='ocr_line' id='line_1_75' title="bbox 2159 1561 3750 1632; baseline 0.01 -22"><span class='ocrx_word' id='word_1_568' title='bbox 2159 1569 2214 1610; x_wconf 91' lang='lat' dir='ltr'><strong>et</strong></span> <span class='ocrx_word' id='word_1_569' title='bbox 2241 1573 2426 1612; x_wconf 91' lang='lat' dir='ltr'><strong>omnes</strong></span> <span class='ocrx_word' id='word_1_570' title='bbox 2452 1561 2893 1628; x_wconf 70' lang='lat' dir='ltr'><strong>concupiscentia:</strong></span> <span class='ocrx_word' id='word_1_571' title='bbox 2925 1576 3148 1618; x_wconf 80' lang='lat' dir='ltr'><strong>mortue</strong></span> <span class='ocrx_word' id='word_1_572' title='bbox 3169 1566 3248 1632; x_wconf 81' lang='lat' dir='ltr'><strong>ibi</strong></span> <span class='ocrx_word' id='word_1_573' title='bbox 3281 1577 3424 1621; x_wconf 91' lang='lat' dir='ltr'><strong>sunt.</strong></span> <span class='ocrx_word' id='word_1_574' title='bbox 3461 1569 3572 1622; x_wconf 84' lang='lat' dir='ltr'><strong>Non</strong></span> <span class='ocrx_word' id='word_1_575' title='bbox 3603 1572 3750 1626; x_wconf 84' lang='lat' dir='ltr'><strong>enim</strong></span> 
     </span>
    </p>
   </div>
   <div class='ocr_carea' id='block_1_76' title="bbox 2157 1648 3754 1722">
    <p class='ocr_par' dir='ltr' id='par_1_76' title="bbox 2157 1648 3754 1722">
     <span class='ocr_line' id='line_1_76' title="bbox 2157 1648 3754 1722; baseline 0.01 -23"><span class='ocrx_word' id='word_1_576' title='bbox 2157 1648 2224 1702; x_wconf 93' lang='lat' dir='ltr'><strong>ad</strong></span> <span class='ocrx_word' id='word_1_577' title='bbox 2251 1652 2582 1705; x_wconf 85' lang='lat' dir='ltr'><strong>saturitatem</strong></span> <span class='ocrx_word' id='word_1_578' title='bbox 2609 1662 2661 1705; x_wconf 86' lang='lat' dir='ltr'><strong>ct</strong></span> <span class='ocrx_word' id='word_1_579' title='bbox 2688 1653 3042 1722; x_wconf 84' lang='lat' dir='ltr'><strong>voluptatem,</strong></span> <span class='ocrx_word' id='word_1_580' title='bbox 3071 1657 3164 1710; x_wconf 87' lang='lat' dir='ltr'><strong>sed</strong></span> <span class='ocrx_word' id='word_1_581' title='bbox 3187 1657 3251 1711; x_wconf 88' lang='lat' dir='ltr'><strong>ad</strong></span> <span class='ocrx_word' id='word_1_582' title='bbox 3277 1661 3648 1715; x_wconf 78' lang='lat' dir='ltr'><strong>necessitatem</strong></span> <span class='ocrx_word' id='word_1_583' title='bbox 3672 1664 3754 1717; x_wconf 86' lang='lat' dir='ltr'><strong>ci-</strong></span> 
     </span>
    </p>
   </div>
   <div class='ocr_carea' id='block_1_77' title="bbox 2159 1737 3747 1816">
    <p class='ocr_par' dir='ltr' id='par_1_77' title="bbox 2159 1737 3747 1816">
     <span class='ocr_line' id='line_1_77' title="bbox 2159 1737 3747 1816; baseline 0.008 -26"><span class='ocrx_word' id='word_1_584' title='bbox 2159 1737 2282 1792; x_wconf 86' lang='lat' dir='ltr'><strong>bum</strong></span> <span class='ocrx_word' id='word_1_585' title='bbox 2332 1751 2546 1794; x_wconf 89' lang='lat' dir='ltr'><strong>sumunt</strong></span> <span class='ocrx_word' id='word_1_586' title='bbox 2579 1759 2590 1794; x_wconf 90' lang='lat'><strong>:</strong></span> <span class='ocrx_word' id='word_1_587' title='bbox 2627 1741 2752 1795; x_wconf 92' lang='lat' dir='ltr'><strong>nulli</strong></span> <span class='ocrx_word' id='word_1_588' title='bbox 2787 1744 2853 1796; x_wconf 90' lang='lat' dir='ltr'><strong>ibi</strong></span> <span class='ocrx_word' id='word_1_589' title='bbox 2882 1759 3138 1814; x_wconf 65' lang='lat' dir='ltr'><strong>aucupes,</strong></span> <span class='ocrx_word' id='word_1_590' title='bbox 3170 1763 3266 1801; x_wconf 89' lang='lat' dir='ltr'><strong>nec</strong></span> <span class='ocrx_word' id='word_1_591' title='bbox 3295 1749 3620 1816; x_wconf 79' lang='lat' dir='ltr'><strong>piscatores:</strong></span> <span class='ocrx_word' id='word_1_592' title='bbox 3651 1753 3747 1808; x_wconf 72' lang='lat' dir='ltr'><strong>Sed</strong></span> 
     </span>
    </p>
   </div>
   <div class='ocr_carea' id='block_1_78' title="bbox 2155 1831 3748 1911">
    <p class='ocr_par' dir='ltr' id='par_1_78' title="bbox 2155 1831 3748 1911">
     <span class='ocr_line' id='line_1_78' title="bbox 2155 1831 3748 1911; baseline 0.009 -30"><span class='ocrx_word' id='word_1_593' title='bbox 2155 1831 2308 1897; x_wconf 76' lang='lat' dir='ltr'><strong>panis</strong></span> <span class='ocrx_word' id='word_1_594' title='bbox 2336 1839 2391 1884; x_wconf 87' lang='lat' dir='ltr'><strong>et</strong></span> <span class='ocrx_word' id='word_1_595' title='bbox 2417 1846 2570 1900; x_wconf 87' lang='lat' dir='ltr'><strong>aqua.</strong></span> <span class='ocrx_word' id='word_1_596' title='bbox 2605 1832 2916 1888; x_wconf 79' lang='lat' dir='ltr'><strong>Sollicitudo</strong></span> <span class='ocrx_word' id='word_1_597' title='bbox 2939 1845 3115 1888; x_wconf 89' lang='lat' dir='ltr'><strong>autem</strong></span> <span class='ocrx_word' id='word_1_598' title='bbox 3142 1836 3258 1910; x_wconf 72' lang='grc' dir='ltr'><strong>¹Ιιιιιο</strong></span> <span class='ocrx_word' id='word_1_599' title='bbox 3276 1879 3289 1900; x_wconf 83' lang='grc'><em>,</em></span> <span class='ocrx_word' id='word_1_600' title='bbox 3317 1842 3594 1904; x_wconf 59' lang='lat' dir='ltr'><strong>tumultus,</strong></span> <span class='ocrx_word' id='word_1_601' title='bbox 3626 1858 3748 1911; x_wconf 84' lang='lat' dir='ltr'><strong>pcr-</strong></span> 
     </span>
    </p>
   </div>
   <div class='ocr_carea' id='block_1_79' title="bbox 2157 1921 3748 1995">
    <p class='ocr_par' dir='ltr' id='par_1_79' title="bbox 2157 1921 3748 1995">
     <span class='ocr_line' id='line_1_79' title="bbox 2157 1921 3748 1995; baseline 0.011 -25"><span class='ocrx_word' id='word_1_602' title='bbox 2157 1921 2505 1983; x_wconf 83' lang='lat' dir='ltr'><strong>turbatioues.</strong></span> <span class='ocrx_word' id='word_1_603' title='bbox 2534 1925 2708 1976; x_wconf 82' lang='lat' dir='ltr'><strong>omnia</strong></span> <span class='ocrx_word' id='word_1_604' title='bbox 2730 1925 2942 1978; x_wconf 88' lang='lat' dir='ltr'><strong>demum</strong></span> <span class='ocrx_word' id='word_1_605' title='bbox 2971 1925 3092 1979; x_wconf 88' lang='lat' dir='ltr'><strong>inde</strong></span> <span class='ocrx_word' id='word_1_606' title='bbox 3115 1929 3261 1995; x_wconf 88' lang='lat' dir='ltr'><strong>pulsa</strong></span> <span class='ocrx_word' id='word_1_607' title='bbox 3291 1939 3432 1989; x_wconf 87' lang='lat' dir='ltr'><strong>sunt.</strong></span> <span class='ocrx_word' id='word_1_608' title='bbox 3466 1943 3572 1984; x_wconf 91' lang='lat' dir='ltr'><strong>tum</strong></span> <span class='ocrx_word' id='word_1_609' title='bbox 3604 1947 3635 1987; x_wconf 84' lang='lat' dir='ltr'><strong>a</strong></span> <span class='ocrx_word' id='word_1_610' title='bbox 3663 1946 3748 1986; x_wconf 79' lang='lat' dir='ltr'><strong>tu-</strong></span> 
     </span>
    </p>
   </div>
   <div class='ocr_carea' id='block_1_80' title="bbox 2155 2010 3748 2088">
    <p class='ocr_par' dir='ltr' id='par_1_80' title="bbox 2155 2010 3748 2088">
     <span class='ocr_line' id='line_1_80' title="bbox 2155 2010 3748 2088; baseline 0.011 -28"><span class='ocrx_word' id='word_1_611' title='bbox 2155 2010 2326 2076; x_wconf 89' lang='lat' dir='ltr'><strong>gurio,</strong></span> <span class='ocrx_word' id='word_1_612' title='bbox 2361 2022 2469 2066; x_wconf 88' lang='lat' dir='ltr'><strong>tum</strong></span> <span class='ocrx_word' id='word_1_613' title='bbox 2499 2029 2528 2067; x_wconf 87' lang='lat' dir='ltr'><strong>a</strong></span> <span class='ocrx_word' id='word_1_614' title='bbox 2558 2028 2811 2081; x_wconf 82' lang='lat' dir='ltr'><strong>corpore,</strong></span> <span class='ocrx_word' id='word_1_615' title='bbox 2846 2031 3066 2084; x_wconf 81' lang='lat' dir='ltr'><strong>magnus</strong></span> <span class='ocrx_word' id='word_1_616' title='bbox 3097 2017 3166 2071; x_wconf 89' lang='lat' dir='ltr'><strong>ibi</strong></span> <span class='ocrx_word' id='word_1_617' title='bbox 3198 2029 3380 2087; x_wconf 86' lang='lat' dir='ltr'><strong>portus</strong></span> <span class='ocrx_word' id='word_1_618' title='bbox 3411 2037 3423 2072; x_wconf 93' lang='lat'><strong>:</strong></span> <span class='ocrx_word' id='word_1_619' title='bbox 3456 2037 3503 2088; x_wconf 71' lang='lat' dir='ltr'><strong>al</strong></span> <span class='ocrx_word' id='word_1_620' title='bbox 3527 2023 3592 2075; x_wconf 87' lang='lat' dir='ltr'><strong>lttl</strong></span> <span class='ocrx_word' id='word_1_621' title='bbox 3625 2025 3748 2078; x_wconf 76' lang='lat' dir='ltr'><strong>izlus</strong></span> 
     </span>
    </p>
   </div>
   <div class='ocr_carea' id='block_1_81' title="bbox 2151 2102 3744 2181">
    <p class='ocr_par' dir='ltr' id='par_1_81' title="bbox 2151 2102 3744 2181">
     <span class='ocr_line' id='line_1_81' title="bbox 2151 2102 3744 2181; baseline 0.011 -30"><span class='ocrx_word' id='word_1_622' title='bbox 2151 2110 2328 2152; x_wconf 85' lang='lat' dir='ltr'><strong>autem</strong></span> <span class='ocrx_word' id='word_1_623' title='bbox 2357 2102 2579 2169; x_wconf 83' lang='lat' dir='ltr'><strong>plurima</strong></span> <span class='ocrx_word' id='word_1_624' title='bbox 2611 2113 2915 2171; x_wconf 77' lang='lat' dir='ltr'><strong>tempestas.</strong></span> <span class='ocrx_word' id='word_1_625' title='bbox 2946 2104 3208 2161; x_wconf 80' lang='lat' dir='ltr'><strong>Rescinde</strong></span> <span class='ocrx_word' id='word_1_626' title='bbox 3237 2108 3396 2178; x_wconf 78' lang='lat' dir='ltr'><strong>igitur</strong></span> <span class='ocrx_word' id='word_1_627' title='bbox 3419 2113 3744 2181; x_wconf 75' lang='lat' dir='ltr'><strong>cogitatione</strong></span> 
     </span>
    </p>
   </div>
   <div class='ocr_carea' id='block_1_82' title="bbox 2157 2194 3746 2268">
    <p class='ocr_par' dir='ltr' id='par_1_82' title="bbox 2157 2194 3746 2268">
     <span class='ocr_line' id='line_1_82' title="bbox 2157 2194 3746 2268; baseline 0.011 -29"><span class='ocrx_word' id='word_1_628' title='bbox 2157 2199 2395 2243; x_wconf 82' lang='lat' dir='ltr'><strong>ventrem</strong></span> <span class='ocrx_word' id='word_1_629' title='bbox 2428 2209 2611 2245; x_wconf 80' lang='lat' dir='ltr'><strong>eorum</strong></span> <span class='ocrx_word' id='word_1_630' title='bbox 2641 2195 2727 2262; x_wconf 88' lang='lat' dir='ltr'><strong>qui</strong></span> <span class='ocrx_word' id='word_1_631' title='bbox 2771 2194 2961 2248; x_wconf 80' lang='lat' dir='ltr'><strong>talibus</strong></span> <span class='ocrx_word' id='word_1_632' title='bbox 2987 2195 3121 2250; x_wconf 85' lang='lat' dir='ltr'><strong>cibis</strong></span> <span class='ocrx_word' id='word_1_633' title='bbox 3151 2197 3556 2268; x_wconf 70' lang='lat' dir='ltr'><strong>ingurgitautur,</strong></span> <span class='ocrx_word' id='word_1_634' title='bbox 3597 2206 3746 2257; x_wconf 78' lang='lat' dir='ltr'><strong>vidc-</strong></span> 
     </span>
    </p>
   </div>
   <div class='ocr_carea' id='block_1_83' title="bbox 2153 2269 3742 2358">
    <p class='ocr_par' dir='ltr' id='par_1_83' title="bbox 2153 2269 3742 2358">
     <span class='ocr_line' id='line_1_83' title="bbox 2153 2269 3742 2358; baseline 0.01 -28"><span class='ocrx_word' id='word_1_635' title='bbox 2153 2279 2232 2331; x_wconf 82' lang='lat' dir='ltr'><strong>his</strong></span> <span class='ocrx_word' id='word_1_636' title='bbox 2258 2283 2560 2351; x_wconf 84' lang='lat' dir='ltr'><strong>congeriem</strong></span> <span class='ocrx_word' id='word_1_637' title='bbox 2593 2299 2869 2352; x_wconf 85' lang='lat' dir='ltr'><strong>magnam,</strong></span> <span class='ocrx_word' id='word_1_638' title='bbox 2902 2285 3137 2354; x_wconf 85' lang='lat' dir='ltr'><strong>impuros</strong></span> <span class='ocrx_word' id='word_1_639' title='bbox 3162 2269 3376 2346; x_wconf 61' lang='lat' dir='ltr'><strong>canales</strong></span> <span class='ocrx_word' id='word_1_640' title='bbox 3395 2331 3410 2352; x_wconf 93' lang='lat'><strong>,</strong></span> <span class='ocrx_word' id='word_1_641' title='bbox 3453 2295 3742 2358; x_wconf 73' lang='lat' dir='ltr'><strong>sepulcrum</strong></span> 
     </span>
    </p>
   </div>
   <div class='ocr_carea' id='block_1_84' title="bbox 2149 2368 3742 2450">
    <p class='ocr_par' dir='ltr' id='par_1_84' title="bbox 2149 2368 3742 2450">
     <span class='ocr_line' id='line_1_84' title="bbox 2149 2368 3742 2450; baseline 0.01 -30"><span class='ocrx_word' id='word_1_642' title='bbox 2149 2368 2431 2423; x_wconf 70' lang='lat' dir='ltr'><strong>dealbatam</strong></span> <span class='ocrx_word' id='word_1_643' title='bbox 2454 2371 2661 2443; x_wconf 69' lang='lat' dir='ltr'><strong>(Matth.</strong></span> <span class='ocrx_word' id='word_1_644' title='bbox 2693 2374 2781 2427; x_wconf 71' lang='grc'><strong>25.</strong></span> <span class='ocrx_word' id='word_1_645' title='bbox 2805 2375 2899 2443; x_wconf 71' lang='lat'><strong>27)</strong></span> <span class='ocrx_word' id='word_1_646' title='bbox 2925 2393 2940 2428; x_wconf 89' lang='lat'><strong>:</strong></span> <span class='ocrx_word' id='word_1_647' title='bbox 2964 2391 3085 2444; x_wconf 56' lang='lat' dir='ltr'><strong>quae</strong></span> <span class='ocrx_word' id='word_1_648' title='bbox 3109 2386 3406 2445; x_wconf 84' lang='lat' dir='ltr'><strong>sequuntur</strong></span> <span class='ocrx_word' id='word_1_649' title='bbox 3430 2395 3559 2434; x_wconf 75' lang='lat' dir='ltr'><strong>Vrro</strong></span> <span class='ocrx_word' id='word_1_650' title='bbox 3582 2385 3742 2450; x_wconf 88' lang='lat' dir='ltr'><strong>pudet</strong></span> 
     </span>
    </p>
   </div>
   <div class='ocr_carea' id='block_1_85' title="bbox 2147 2459 3738 2536">
    <p class='ocr_par' dir='ltr' id='par_1_85' title="bbox 2147 2459 3738 2536">
     <span class='ocr_line' id='line_1_85' title="bbox 2147 2459 3738 2536; baseline 0.008 -24"><span class='ocrx_word' id='word_1_651' title='bbox 2147 2459 2329 2513; x_wconf 88' lang='lat' dir='ltr'><strong>dicere</strong></span> <span class='ocrx_word' id='word_1_652' title='bbox 2353 2501 2367 2522; x_wconf 92' lang='lat'><strong>,</strong></span> <span class='ocrx_word' id='word_1_653' title='bbox 2396 2474 2578 2514; x_wconf 89' lang='lat' dir='ltr'><strong>ructus</strong></span> <span class='ocrx_word' id='word_1_654' title='bbox 2610 2463 2878 2530; x_wconf 74' lang='lat' dir='ltr'><strong>insuaves,</strong></span> <span class='ocrx_word' id='word_1_655' title='bbox 2909 2468 3160 2531; x_wconf 87' lang='lat' dir='ltr'><strong>vomitus,</strong></span> <span class='ocrx_word' id='word_1_656' title='bbox 3193 2468 3495 2536; x_wconf 87' lang='lat' dir='ltr'><strong>egestioncs</strong></span> <span class='ocrx_word' id='word_1_657' title='bbox 3524 2487 3738 2525; x_wconf 78' lang='lat' dir='ltr'><strong>sursum</strong></span> 
     </span>
    </p>
   </div>
   <div class='ocr_carea' id='block_1_86' title="bbox 2147 2549 3739 2627">
    <p class='ocr_par' dir='ltr' id='par_1_86' title="bbox 2147 2549 3739 2627">
     <span class='ocr_line' id='line_1_86' title="bbox 2147 2549 3739 2627; baseline 0.004 -23"><span class='ocrx_word' id='word_1_658' title='bbox 2147 2551 2418 2607; x_wconf 78' lang='lat' dir='ltr'><strong>deorsum.</strong></span> <span class='ocrx_word' id='word_1_659' title='bbox 2444 2555 2513 2607; x_wconf 84' lang='lat' dir='ltr'><strong>At</strong></span> <span class='ocrx_word' id='word_1_660' title='bbox 2539 2553 2588 2607; x_wconf 89' lang='lat' dir='ltr'><strong>in</strong></span> <span class='ocrx_word' id='word_1_661' title='bbox 2616 2555 2904 2610; x_wconf 90' lang='lat' dir='ltr'><strong>solitudine</strong></span> <span class='ocrx_word' id='word_1_662' title='bbox 2927 2555 3087 2610; x_wconf 72' lang='lat' dir='ltr'><strong>basee</strong></span> <span class='ocrx_word' id='word_1_663' title='bbox 3109 2549 3568 2627; x_wconf 74' lang='lat' dir='ltr'><strong>concupiscendos</strong></span> <span class='ocrx_word' id='word_1_664' title='bbox 3594 2581 3739 2616; x_wconf 85' lang='lat' dir='ltr'><strong>mor.</strong></span> 
     </span>
    </p>
   </div>
   <div class='ocr_carea' id='block_1_87' title="bbox 2151 2642 3733 2720">
    <p class='ocr_par' dir='ltr' id='par_1_87' title="bbox 2151 2642 3733 2720">
     <span class='ocr_line' id='line_1_87' title="bbox 2151 2642 3733 2720; baseline 0.011 -30"><span class='ocrx_word' id='word_1_665' title='bbox 2151 2649 2206 2692; x_wconf 90' lang='lat' dir='ltr'><strong>tu</strong></span> <span class='ocrx_word' id='word_1_666' title='bbox 2229 2658 2272 2692; x_wconf 78' lang='lat' dir='ltr'><strong>IS</strong></span> <span class='ocrx_word' id='word_1_667' title='bbox 2301 2642 2417 2694; x_wconf 73' lang='lat' dir='ltr'><strong>vidi-</strong></span> <span class='ocrx_word' id='word_1_668' title='bbox 2438 2683 2452 2705; x_wconf 95' lang='lat'><strong>,</strong></span> <span class='ocrx_word' id='word_1_669' title='bbox 2485 2657 2689 2696; x_wconf 88' lang='lat' dir='ltr'><strong>nccuou</strong></span> <span class='ocrx_word' id='word_1_670' title='bbox 2718 2645 3142 2700; x_wconf 86' lang='lat' dir='ltr'><strong>vehementiores</strong></span> <span class='ocrx_word' id='word_1_671' title='bbox 3170 2647 3293 2702; x_wconf 87' lang='lat' dir='ltr'><strong>inde</strong></span> <span class='ocrx_word' id='word_1_672' title='bbox 3321 2659 3470 2704; x_wconf 79' lang='lat' dir='ltr'><strong>ortus</strong></span> <span class='ocrx_word' id='word_1_673' title='bbox 3497 2667 3733 2720; x_wconf 81' lang='lat' dir='ltr'><strong>amores,</strong></span> 
     </span>
    </p>
   </div>
   <div class='ocr_carea' id='block_1_88' title="bbox 2144 2734 3736 2811">
    <p class='ocr_par' dir='ltr' id='par_1_88' title="bbox 2144 2734 3736 2811">
     <span class='ocr_line' id='line_1_88' title="bbox 2144 2734 3736 2811; baseline 0.012 -30"><span class='ocrx_word' id='word_1_674' title='bbox 2144 2745 2403 2785; x_wconf 72' lang='lat' dir='ltr'><strong>veniet-cos</strong></span> <span class='ocrx_word' id='word_1_675' title='bbox 2436 2734 2556 2788; x_wconf 89' lang='lat' dir='ltr'><strong>dico</strong></span> <span class='ocrx_word' id='word_1_676' title='bbox 2601 2751 2615 2789; x_wconf 88' lang='lat'><strong>:</strong></span> <span class='ocrx_word' id='word_1_677' title='bbox 2661 2735 2759 2791; x_wconf 87' lang='lat' dir='ltr'><strong>bos</strong></span> <span class='ocrx_word' id='word_1_678' title='bbox 2797 2739 2992 2808; x_wconf 85' lang='lat' dir='ltr'><strong>quippe</strong></span> <span class='ocrx_word' id='word_1_679' title='bbox 3020 2753 3207 2794; x_wconf 90' lang='lat' dir='ltr'><strong>omnes</strong></span> <span class='ocrx_word' id='word_1_680' title='bbox 3235 2741 3502 2811; x_wconf 71' lang='lat' dir='ltr'><strong>proiectos</strong></span> <span class='ocrx_word' id='word_1_681' title='bbox 3527 2745 3736 2801; x_wconf 73' lang='lat' dir='ltr'><strong>videbis</strong></span> 
     </span>
    </p>
   </div>
   <div class='ocr_carea' id='block_1_89' title="bbox 2143 2827 3734 2904">
    <p class='ocr_par' dir='ltr' id='par_1_89' title="bbox 2143 2827 3734 2904">
     <span class='ocr_line' id='line_1_89' title="bbox 2143 2827 3734 2904; baseline 0.008 -26"><span class='ocrx_word' id='word_1_682' title='bbox 2143 2838 2264 2878; x_wconf 85' lang='lat' dir='ltr'><strong>eum</strong></span> <span class='ocrx_word' id='word_1_683' title='bbox 2290 2827 2609 2895; x_wconf 66' lang='lat' dir='ltr'><strong>cquis,&#39;cum</strong></span> <span class='ocrx_word' id='word_1_684' title='bbox 2647 2827 2926 2897; x_wconf 88' lang='lat' dir='ltr'><strong>jumentis.</strong></span> <span class='ocrx_word' id='word_1_685' title='bbox 2969 2829 3276 2885; x_wconf 84' lang='lat' dir='ltr'><strong>Jumentum</strong></span> <span class='ocrx_word' id='word_1_686' title='bbox 3316 2834 3492 2900; x_wconf 89' lang='lat' dir='ltr'><strong>enim,</strong></span> <span class='ocrx_word' id='word_1_687' title='bbox 3538 2838 3734 2904; x_wconf 76' lang='lat' dir='ltr'><strong>telum,</strong></span> 
     </span>
    </p>
   </div>
   <div class='ocr_carea' id='block_1_90' title="bbox 2142 2915 3730 2990">
    <p class='ocr_par' dir='ltr' id='par_1_90' title="bbox 2142 2915 3730 2990">
     <span class='ocr_line' id='line_1_90' title="bbox 2142 2915 3730 2990; baseline 0.008 -22"><span class='ocrx_word' id='word_1_688' title='bbox 2142 2931 2313 2985; x_wconf 84' lang='lat' dir='ltr'><strong>equus</strong></span> <span class='ocrx_word' id='word_1_689' title='bbox 2337 2915 2406 2971; x_wconf 89' lang='lat' dir='ltr'><strong>ad</strong></span> <span class='ocrx_word' id='word_1_690' title='bbox 2431 2917 2740 2974; x_wconf 75' lang='lat' dir='ltr'><strong>obscmnum</strong></span> <span class='ocrx_word' id='word_1_691' title='bbox 2781 2933 2914 2988; x_wconf 81' lang='lat' dir='ltr'><strong>Opus</strong></span> <span class='ocrx_word' id='word_1_692' title='bbox 2953 2921 3357 2990; x_wconf 81' lang='lat' dir='ltr'><strong>exprimendum</strong></span> <span class='ocrx_word' id='word_1_693' title='bbox 3393 2923 3730 2980; x_wconf 83' lang='lat' dir='ltr'><strong>adhibentur.</strong></span> 
     </span>
    </p>
   </div>
   <div class='ocr_carea' id='block_1_91' title="bbox 2142 3006 3730 3082">
    <p class='ocr_par' dir='ltr' id='par_1_91' title="bbox 2142 3006 3730 3082">
     <span class='ocr_line' id='line_1_91' title="bbox 2142 3006 3730 3082; baseline 0.006 -20"><span class='ocrx_word' id='word_1_694' title='bbox 2142 3006 2244 3062; x_wconf 82' lang='lat' dir='ltr'><strong>Sed</strong></span> <span class='ocrx_word' id='word_1_695' title='bbox 2274 3009 2474 3064; x_wconf 73' lang='lat' dir='ltr'><strong>\‘ltlt&#39;bls</strong></span> <span class='ocrx_word' id='word_1_696' title='bbox 2499 3011 2653 3065; x_wconf 86' lang='lat' dir='ltr'><strong>simul</strong></span> <span class='ocrx_word' id='word_1_697' title='bbox 2681 3025 2874 3081; x_wconf 90' lang='lat' dir='ltr'><strong>equum</strong></span> <span class='ocrx_word' id='word_1_698' title='bbox 2899 3021 2955 3068; x_wconf 89' lang='lat' dir='ltr'><strong>et</strong></span> <span class='ocrx_word' id='word_1_699' title='bbox 2977 3028 3316 3070; x_wconf 87' lang='lat' dir='ltr'><strong>ascensorem</strong></span> <span class='ocrx_word' id='word_1_700' title='bbox 3345 3018 3523 3082; x_wconf 88' lang='lat' dir='ltr'><strong>talem,</strong></span> <span class='ocrx_word' id='word_1_701' title='bbox 3549 3029 3604 3073; x_wconf 88' lang='lat' dir='ltr'><strong>ct</strong></span> <span class='ocrx_word' id='word_1_702' title='bbox 3627 3022 3730 3074; x_wconf 83' lang='lat' dir='ltr'><strong>tela</strong></span> 
     </span>
    </p>
   </div>
   <div class='ocr_carea' id='block_1_92' title="bbox 2138 3101 3728 3172">
    <p class='ocr_par' dir='ltr' id='par_1_92' title="bbox 2138 3101 3728 3172">
     <span class='ocr_line' id='line_1_92' title="bbox 2138 3101 3728 3172; baseline 0.008 -19"><span class='ocrx_word' id='word_1_703' title='bbox 2138 3101 2364 3168; x_wconf 76' lang='lat' dir='ltr'><strong>jttccntia</strong></span> <span class='ocrx_word' id='word_1_704' title='bbox 2397 3120 2410 3156; x_wconf 93' lang='lat'>:</span> <span class='ocrx_word' id='word_1_705' title='bbox 2435 3102 2544 3157; x_wconf 82' lang='lat' dir='ltr'><strong>illic</strong></span> <span class='ocrx_word' id='word_1_706' title='bbox 2568 3117 2694 3158; x_wconf 87' lang='lat' dir='ltr'><strong>vero</strong></span> <span class='ocrx_word' id='word_1_707' title='bbox 2711 3105 2977 3159; x_wconf 84' lang='lat' dir='ltr'><strong>contraria</strong></span> <span class='ocrx_word' id='word_1_708' title='bbox 3004 3107 3206 3172; x_wconf 83' lang='lat' dir='ltr'><strong>omnia,</strong></span> <span class='ocrx_word' id='word_1_709' title='bbox 3228 3108 3434 3162; x_wconf 84' lang='lat' dir='ltr'><strong>animas</strong></span> <span class='ocrx_word' id='word_1_710' title='bbox 3455 3121 3688 3165; x_wconf 86' lang='lat' dir='ltr'><strong>mortuas</strong></span> <span class='ocrx_word' id='word_1_711' title='bbox 3714 3115 3728 3144; x_wconf 83' lang='lat'><em>‘</em></span> 
     </span>
    </p>
   </div>
   <div class='ocr_carea' id='block_1_93' title="bbox 2142 3192 3731 3274">
    <p class='ocr_par' dir='ltr' id='par_1_93' title="bbox 2142 3192 3731 3274">
     <span class='ocr_line' id='line_1_93' title="bbox 2142 3192 3731 3274; baseline 0.004 -28"><span class='ocrx_word' id='word_1_712' title='bbox 2142 3193 2394 3261; x_wconf 73' lang='lat' dir='ltr'><strong>tlujt‘ciaS.</strong></span> <span class='ocrx_word' id='word_1_713' title='bbox 2427 3193 2605 3265; x_wconf 85' lang='lat' dir='ltr'><strong>Neque</strong></span> <span class='ocrx_word' id='word_1_714' title='bbox 2637 3195 2688 3250; x_wconf 91' lang='lat' dir='ltr'><strong>in</strong></span> <span class='ocrx_word' id='word_1_715' title='bbox 2716 3210 2899 3252; x_wconf 88' lang='lat' dir='ltr'><strong>mensa</strong></span> <span class='ocrx_word' id='word_1_716' title='bbox 2926 3207 3126 3252; x_wconf 86' lang='lat' dir='ltr'><strong>tantum</strong></span> <span class='ocrx_word' id='word_1_717' title='bbox 3155 3192 3376 3274; x_wconf 69' lang='lat' dir='ltr'><strong>victoria</strong></span> <span class='ocrx_word' id='word_1_718' title='bbox 3405 3203 3601 3255; x_wconf 68' lang='lat' dir='ltr'><strong>sanctis</strong></span> <span class='ocrx_word' id='word_1_719' title='bbox 3630 3203 3731 3256; x_wconf 81' lang='lat' dir='ltr'><strong>illis</strong></span> 
     </span>
    </p>
   </div>
   <div class='ocr_carea' id='block_1_94' title="bbox 2141 3281 3730 3368">
    <p class='ocr_par' dir='ltr' id='par_1_94' title="bbox 2141 3281 3730 3368">
     <span class='ocr_line' id='line_1_94' title="bbox 2141 3281 3730 3368; baseline 0.006 -28"><span class='ocrx_word' id='word_1_720' title='bbox 2141 3286 2427 3355; x_wconf 87' lang='lat' dir='ltr'><strong>conspicua</strong></span> <span class='ocrx_word' id='word_1_721' title='bbox 2448 3329 2463 3352; x_wconf 93' lang='lat'><strong>,</strong></span> <span class='ocrx_word' id='word_1_722' title='bbox 2495 3286 2588 3341; x_wconf 85' lang='lat' dir='ltr'><strong>sed</strong></span> <span class='ocrx_word' id='word_1_723' title='bbox 2615 3297 2669 3340; x_wconf 88' lang='lat' dir='ltr'><strong>et</strong></span> <span class='ocrx_word' id='word_1_724' title='bbox 2700 3288 2749 3341; x_wconf 91' lang='lat' dir='ltr'><strong>in</strong></span> <span class='ocrx_word' id='word_1_725' title='bbox 2781 3288 2900 3343; x_wconf 85' lang='lat' dir='ltr'><strong>aliis</strong></span> <span class='ocrx_word' id='word_1_726' title='bbox 2920 3331 2935 3355; x_wconf 90' lang='lat'><strong>,</strong></span> <span class='ocrx_word' id='word_1_727' title='bbox 2971 3290 3020 3343; x_wconf 88' lang='lat' dir='ltr'><strong>in</strong></span> <span class='ocrx_word' id='word_1_728' title='bbox 3053 3291 3321 3360; x_wconf 86' lang='lat' dir='ltr'><strong>pecuniis,</strong></span> <span class='ocrx_word' id='word_1_729' title='bbox 3358 3281 3408 3346; x_wconf 86' lang='lat' dir='ltr'><strong>in</strong></span> <span class='ocrx_word' id='word_1_730' title='bbox 3429 3293 3631 3368; x_wconf 77' lang='lat' dir='ltr'><strong>glori-i.</strong></span> <span class='ocrx_word' id='word_1_731' title='bbox 3678 3298 3730 3349; x_wconf 89' lang='lat' dir='ltr'><strong>in</strong></span> 
     </span>
    </p>
   </div>
   <div class='ocr_carea' id='block_1_95' title="bbox 2143 3374 3726 3454">
    <p class='ocr_par' dir='ltr' id='par_1_95' title="bbox 2143 3374 3726 3454">
     <span class='ocr_line' id='line_1_95' title="bbox 2143 3374 3726 3454; baseline 0.008 -26"><span class='ocrx_word' id='word_1_732' title='bbox 2143 3374 2339 3440; x_wconf 81' lang='lat' dir='ltr'><strong>livore,</strong></span> <span class='ocrx_word' id='word_1_733' title='bbox 2374 3376 2424 3429; x_wconf 93' lang='lat' dir='ltr'><strong>in</strong></span> <span class='ocrx_word' id='word_1_734' title='bbox 2453 3377 2851 3446; x_wconf 60' lang='lat' dir='ltr'><strong>a&#39;gritndinibus</strong></span> <span class='ocrx_word' id='word_1_735' title='bbox 2885 3381 3155 3436; x_wconf 88' lang='lat' dir='ltr'><strong>omnibus.</strong></span> <span class='ocrx_word' id='word_1_736' title='bbox 3183 3383 3375 3436; x_wconf 78' lang='lat' dir='ltr'><strong>Annon</strong></span> <span class='ocrx_word' id='word_1_737' title='bbox 3419 3399 3548 3454; x_wconf 87' lang='lat' dir='ltr'><strong>ergo</strong></span> <span class='ocrx_word' id='word_1_738' title='bbox 3575 3385 3726 3440; x_wconf 83' lang='lat' dir='ltr'><strong>vidc-</strong></span> 
     </span>
    </p>
   </div>
   <div class='ocr_carea' id='block_1_96' title="bbox 2144 3467 3729 3545">
    <p class='ocr_par' dir='ltr' id='par_1_96' title="bbox 2144 3467 3729 3545">
     <span class='ocr_line' id='line_1_96' title="bbox 2144 3467 3729 3545; baseline 0.008 -25"><span class='ocrx_word' id='word_1_739' title='bbox 2144 3475 2229 3520; x_wconf 89' lang='lat' dir='ltr'><strong>tur</strong></span> <span class='ocrx_word' id='word_1_740' title='bbox 2259 3467 2351 3521; x_wconf 92' lang='lat' dir='ltr'><strong>tibi</strong></span> <span class='ocrx_word' id='word_1_741' title='bbox 2382 3467 2467 3524; x_wconf 85' lang='lat' dir='ltr'><strong>hic</strong></span> <span class='ocrx_word' id='word_1_742' title='bbox 2495 3471 2757 3524; x_wconf 78' lang='lat' dir='ltr'><strong>exercitus</strong></span> <span class='ocrx_word' id='word_1_743' title='bbox 2787 3471 2973 3526; x_wconf 82' lang='lat' dir='ltr'><strong>fortior</strong></span> <span class='ocrx_word' id='word_1_744' title='bbox 3000 3472 3114 3539; x_wconf 87' lang='lat' dir='ltr'><strong>illo,</strong></span> <span class='ocrx_word' id='word_1_745' title='bbox 3151 3482 3206 3528; x_wconf 88' lang='lat' dir='ltr'><strong>et</strong></span> <span class='ocrx_word' id='word_1_746' title='bbox 3243 3473 3357 3530; x_wconf 59' lang='lat' dir='ltr'><strong>hac</strong></span> <span class='ocrx_word' id='word_1_747' title='bbox 3393 3492 3575 3545; x_wconf 65' lang='lat' dir='ltr'><strong>mensa</strong></span> <span class='ocrx_word' id='word_1_748' title='bbox 3615 3494 3729 3532; x_wconf 84' lang='lat' dir='ltr'><strong>me-</strong></span> 
     </span>
    </p>
   </div>
   <div class='ocr_carea' id='block_1_97' title="bbox 2143 3558 3727 3635">
    <p class='ocr_par' dir='ltr' id='par_1_97' title="bbox 2143 3558 3727 3635">
     <span class='ocr_line' id='line_1_97' title="bbox 2143 3558 3727 3635; baseline 0.009 -24"><span class='ocrx_word' id='word_1_749' title='bbox 2143 3558 2281 3612; x_wconf 83' lang='lat' dir='ltr'><strong>lior?</strong></span> <span class='ocrx_word' id='word_1_750' title='bbox 2310 3561 2437 3626; x_wconf 62' lang='lat' dir='ltr'><strong>Quis</strong></span> <span class='ocrx_word' id='word_1_751' title='bbox 2467 3562 2836 3617; x_wconf 72' lang='lat' dir='ltr'><strong>contradicat?</strong></span> <span class='ocrx_word' id='word_1_752' title='bbox 2875 3563 3066 3629; x_wconf 82' lang='lat' dir='ltr'><strong>Nemo,</strong></span> <span class='ocrx_word' id='word_1_753' title='bbox 3109 3581 3176 3619; x_wconf 91' lang='lat' dir='ltr'><strong>ne</strong></span> <span class='ocrx_word' id='word_1_754' title='bbox 3217 3567 3428 3635; x_wconf 83' lang='lat' dir='ltr'><strong>quidem</strong></span> <span class='ocrx_word' id='word_1_755' title='bbox 3475 3583 3542 3623; x_wconf 81' lang='lat' dir='ltr'><strong>ex</strong></span> <span class='ocrx_word' id='word_1_756' title='bbox 3587 3569 3727 3634; x_wconf 75' lang='lat' dir='ltr'><strong>illis,</strong></span> 
     </span>
    </p>
   </div>
   <div class='ocr_carea' id='block_1_98' title="bbox 2140 3651 3719 3728">
    <p class='ocr_par' dir='ltr' id='par_1_98' title="bbox 2140 3651 3719 3728">
     <span class='ocr_line' id='line_1_98' title="bbox 2140 3651 3719 3728; baseline 0.008 -26"><span class='ocrx_word' id='word_1_757' title='bbox 2140 3651 2347 3704; x_wconf 85' lang='lat' dir='ltr'><strong>etiamsi</strong></span> <span class='ocrx_word' id='word_1_758' title='bbox 2389 3653 2672 3706; x_wconf 84' lang='lat' dir='ltr'><strong>admodum</strong></span> <span class='ocrx_word' id='word_1_759' title='bbox 2719 3655 2897 3710; x_wconf 85' lang='lat' dir='ltr'><strong>furens</strong></span> <span class='ocrx_word' id='word_1_760' title='bbox 2920 3653 3024 3710; x_wconf 81' lang='lat' dir='ltr'><strong>&#39;sit.</strong></span> <span class='ocrx_word' id='word_1_761' title='bbox 3074 3656 3198 3712; x_wconf 79' lang='lat' dir='ltr'><strong>Ha-c</strong></span> <span class='ocrx_word' id='word_1_762' title='bbox 3226 3660 3424 3728; x_wconf 87' lang='lat' dir='ltr'><strong>quippe</strong></span> <span class='ocrx_word' id='word_1_763' title='bbox 3451 3663 3501 3713; x_wconf 92' lang='lat' dir='ltr'><strong>in</strong></span> <span class='ocrx_word' id='word_1_764' title='bbox 3528 3661 3719 3715; x_wconf 70' lang='lat' dir='ltr'><strong>cmlnm</strong></span> 
     </span>
    </p>
   </div>
   <div class='ocr_carea' id='block_1_99' title="bbox 2139 3741 3726 3819">
    <p class='ocr_par' dir='ltr' id='par_1_99' title="bbox 2139 3741 3726 3819">
     <span class='ocr_line' id='line_1_99' title="bbox 2139 3741 3726 3819; baseline 0.007 -25"><span class='ocrx_word' id='word_1_765' title='bbox 2139 3741 2319 3801; x_wconf 87' lang='lat' dir='ltr'><strong>mittit,</strong></span> <span class='ocrx_word' id='word_1_766' title='bbox 2352 3742 2436 3794; x_wconf 88' lang='lat' dir='ltr'><strong>illa</strong></span> <span class='ocrx_word' id='word_1_767' title='bbox 2467 3743 2532 3796; x_wconf 82' lang='lat' dir='ltr'><strong>ad</strong></span> <span class='ocrx_word' id='word_1_768' title='bbox 2561 3745 2856 3819; x_wconf 81' lang='lat' dir='ltr'><strong>gehennam</strong></span> <span class='ocrx_word' id='word_1_769' title='bbox 2895 3747 3054 3800; x_wconf 72' lang='lat' dir='ltr'><strong>trahit</strong></span> <span class='ocrx_word' id='word_1_770' title='bbox 3082 3765 3097 3815; x_wconf 83' lang='lat'>;</span> <span class='ocrx_word' id='word_1_771' title='bbox 3128 3747 3267 3804; x_wconf 87' lang='lat' dir='ltr'><strong>hanc</strong></span> <span class='ocrx_word' id='word_1_772' title='bbox 3289 3749 3529 3805; x_wconf 86' lang='lat' dir='ltr'><strong>diabolus</strong></span> <span class='ocrx_word' id='word_1_773' title='bbox 3557 3764 3726 3819; x_wconf 78' lang='lat' dir='ltr'><strong>parat,</strong></span> 
     </span>
    </p>
   </div>
   <div class='ocr_carea' id='block_1_100' title="bbox 2138 3815 3727 3905">
    <p class='ocr_par' dir='ltr' id='par_1_100' title="bbox 2138 3815 3727 3905">
     <span class='ocr_line' id='line_1_100' title="bbox 2138 3815 3727 3905; baseline 0.008 -21"><span class='ocrx_word' id='word_1_774' title='bbox 2138 3831 2282 3886; x_wconf 82' lang='lat' dir='ltr'><strong>illam</strong></span> <span class='ocrx_word' id='word_1_775' title='bbox 2309 3832 2550 3887; x_wconf 86' lang='lat' dir='ltr'><strong>Christus</strong></span> <span class='ocrx_word' id='word_1_776' title='bbox 2577 3851 2591 3887; x_wconf 88' lang='lat'><strong>:</strong></span> <span class='ocrx_word' id='word_1_777' title='bbox 2624 3836 2758 3899; x_wconf 83' lang='lat' dir='ltr'><strong>hanc</strong></span> <span class='ocrx_word' id='word_1_778' title='bbox 2784 3815 3024 3900; x_wconf 66' lang='lat' dir='ltr'><strong>viiluptas</strong></span> <span class='ocrx_word' id='word_1_779' title='bbox 3047 3849 3102 3894; x_wconf 92' lang='lat' dir='ltr'><strong>et</strong></span> <span class='ocrx_word' id='word_1_780' title='bbox 3125 3839 3280 3895; x_wconf 78' lang='lat' dir='ltr'><strong>luxus</strong></span> <span class='ocrx_word' id='word_1_781' title='bbox 3301 3815 3566 3905; x_wconf 51' lang='lat' dir='ltr'><strong>disponit,</strong></span> <span class='ocrx_word' id='word_1_782' title='bbox 3583 3842 3727 3898; x_wconf 69' lang='lat' dir='ltr'><strong>illam</strong></span> 
     </span>
    </p>
   </div>
   <div class='ocr_carea' id='block_1_101' title="bbox 2141 3919 3729 3998">
    <p class='ocr_par' dir='ltr' id='par_1_101' title="bbox 2141 3919 3729 3998">
     <span class='ocr_line' id='line_1_101' title="bbox 2141 3919 3729 3998; baseline 0.009 -23"><span class='ocrx_word' id='word_1_783' title='bbox 2141 3923 2468 3994; x_wconf 80' lang='lat' dir='ltr'><strong>philosophia</strong></span> <span class='ocrx_word' id='word_1_784' title='bbox 2499 3935 2553 3978; x_wconf 89' lang='lat' dir='ltr'><strong>et</strong></span> <span class='ocrx_word' id='word_1_785' title='bbox 2582 3934 2928 3995; x_wconf 83' lang='lat' dir='ltr'><strong>temperantia</strong></span> <span class='ocrx_word' id='word_1_786' title='bbox 2961 3947 2974 3984; x_wconf 93' lang='lat'>:</span> <span class='ocrx_word' id='word_1_787' title='bbox 3019 3929 3105 3986; x_wconf 89' lang='lat' dir='ltr'><strong>hic</strong></span> <span class='ocrx_word' id='word_1_788' title='bbox 3130 3931 3373 3987; x_wconf 80' lang='lat' dir='ltr'><strong>Christus</strong></span> <span class='ocrx_word' id='word_1_789' title='bbox 3401 3919 3547 3988; x_wconf 86' lang='lat' dir='ltr'><strong>adest</strong></span> <span class='ocrx_word' id='word_1_790' title='bbox 3571 3977 3586 3998; x_wconf 90' lang='lat'><strong>,</strong></span> <span class='ocrx_word' id='word_1_791' title='bbox 3619 3935 3729 3990; x_wconf 89' lang='lat' dir='ltr'><strong>illic</strong></span> 
     </span>
    </p>
   </div>
   <div class='ocr_carea' id='block_1_102' title="bbox 2139 4015 3730 4088">
    <p class='ocr_par' dir='ltr' id='par_1_102' title="bbox 2139 4015 3730 4088">
     <span class='ocr_line' id='line_1_102' title="bbox 2139 4015 3730 4088; baseline 0.007 -20"><span class='ocrx_word' id='word_1_792' title='bbox 2139 4015 2399 4068; x_wconf 87' lang='lat' dir='ltr'><strong>diabolus.</strong></span> <span class='ocrx_word' id='word_1_793' title='bbox 2430 4017 2525 4072; x_wconf 80' lang='lat' dir='ltr'><strong>L‘bi</strong></span> <span class='ocrx_word' id='word_1_794' title='bbox 2547 4019 2687 4088; x_wconf 87' lang='lat' dir='ltr'><strong>enim</strong></span> <span class='ocrx_word' id='word_1_795' title='bbox 2708 4019 2960 4082; x_wconf 84' lang='lat' dir='ltr'><strong>ebrietas,</strong></span> <span class='ocrx_word' id='word_1_796' title='bbox 2991 4022 3060 4074; x_wconf 87' lang='lat' dir='ltr'><strong>ibi</strong></span> <span class='ocrx_word' id='word_1_797' title='bbox 3090 4022 3329 4076; x_wconf 82' lang='lat' dir='ltr'><strong>diabolus</strong></span> <span class='ocrx_word' id='word_1_798' title='bbox 3350 4035 3430 4079; x_wconf 89' lang='lat' dir='ltr'><strong>est</strong></span> <span class='ocrx_word' id='word_1_799' title='bbox 3464 4044 3477 4080; x_wconf 90' lang='lat'>:</span> <span class='ocrx_word' id='word_1_800' title='bbox 3511 4027 3597 4081; x_wconf 84' lang='lat' dir='ltr'><strong>tibi</strong></span> <span class='ocrx_word' id='word_1_801' title='bbox 3627 4027 3730 4081; x_wconf 73' lang='lat' dir='ltr'><strong>tib--</strong></span> 
     </span>
    </p>
   </div>
   <div class='ocr_carea' id='block_1_103' title="bbox 2138 4107 3725 4187">
    <p class='ocr_par' dir='ltr' id='par_1_103' title="bbox 2138 4107 3725 4187">
     <span class='ocr_line' id='line_1_103' title="bbox 2138 4107 3725 4187; baseline 0.007 -28"><span class='ocrx_word' id='word_1_802' title='bbox 2138 4120 2316 4159; x_wconf 75' lang='lat' dir='ltr'><strong>semita</strong></span> <span class='ocrx_word' id='word_1_803' title='bbox 2337 4107 2514 4169; x_wconf 80' lang='lat' dir='ltr'><strong>verba,</strong></span> <span class='ocrx_word' id='word_1_804' title='bbox 2532 4109 2618 4162; x_wconf 89' lang='lat' dir='ltr'><strong>ubi</strong></span> <span class='ocrx_word' id='word_1_805' title='bbox 2636 4111 2902 4174; x_wconf 67' lang='lat' dir='ltr'><strong>saturita~,</strong></span> <span class='ocrx_word' id='word_1_806' title='bbox 2924 4111 2994 4167; x_wconf 87' lang='lat' dir='ltr'><strong>ibi</strong></span> <span class='ocrx_word' id='word_1_807' title='bbox 3016 4112 3287 4169; x_wconf 68' lang='lat' dir='ltr'><strong>daemones</strong></span> <span class='ocrx_word' id='word_1_808' title='bbox 3303 4118 3528 4170; x_wconf 88' lang='lat' dir='ltr'><strong>choreas</strong></span> <span class='ocrx_word' id='word_1_809' title='bbox 3542 4128 3725 4187; x_wconf 85' lang='lat' dir='ltr'><strong>agunt.</strong></span> 
     </span>
    </p>
   </div>
   <div class='ocr_carea' id='block_1_104' title="bbox 2140 4195 3721 4274">
    <p class='ocr_par' dir='ltr' id='par_1_104' title="bbox 2140 4195 3721 4274">
     <span class='ocr_line' id='line_1_104' title="bbox 2140 4195 3721 4274; baseline 0.008 -26"><span class='ocrx_word' id='word_1_810' title='bbox 2140 4195 2318 4249; x_wconf 83' lang='lat' dir='ltr'><strong>Ta&#39;em</strong></span> <span class='ocrx_word' id='word_1_811' title='bbox 2349 4197 2529 4251; x_wconf 91' lang='lat' dir='ltr'><strong>habuit</strong></span> <span class='ocrx_word' id='word_1_812' title='bbox 2558 4215 2791 4253; x_wconf 83' lang='lat' dir='ltr'><strong>mensam</strong></span> <span class='ocrx_word' id='word_1_813' title='bbox 2818 4201 2965 4255; x_wconf 82' lang='lat' dir='ltr'><strong>dives</strong></span> <span class='ocrx_word' id='word_1_814' title='bbox 2992 4203 3112 4266; x_wconf 89' lang='lat' dir='ltr'><strong>ille;</strong></span> <span class='ocrx_word' id='word_1_815' title='bbox 3144 4204 3369 4274; x_wconf 86' lang='lat' dir='ltr'><strong>ideoque</strong></span> <span class='ocrx_word' id='word_1_816' title='bbox 3399 4221 3498 4262; x_wconf 87' lang='lat' dir='ltr'><strong>nec</strong></span> <span class='ocrx_word' id='word_1_817' title='bbox 3525 4209 3721 4260; x_wconf 74' lang='lat' dir='ltr'><strong>stillam</strong></span> 
     </span>
    </p>
   </div>
   <div class='ocr_carea' id='block_1_105' title="bbox 2137 4288 2991 4361">
    <p class='ocr_par' dir='ltr' id='par_1_105' title="bbox 2137 4288 2991 4361">
     <span class='ocr_line' id='line_1_105' title="bbox 2137 4288 2991 4361; baseline 0.011 -21"><span class='ocrx_word' id='word_1_818' title='bbox 2137 4302 2289 4356; x_wconf 68' lang='lat' dir='ltr'><strong>aqua?</strong></span> <span class='ocrx_word' id='word_1_819' title='bbox 2321 4288 2546 4343; x_wconf 88' lang='lat' dir='ltr'><strong>habebat</strong></span> <span class='ocrx_word' id='word_1_820' title='bbox 2575 4290 2722 4357; x_wconf 82' lang='lat' dir='ltr'><strong>(Luc.</strong></span> <span class='ocrx_word' id='word_1_821' title='bbox 2761 4293 2844 4346; x_wconf 78' lang='grc'><strong>16.</strong></span> <span class='ocrx_word' id='word_1_822' title='bbox 2873 4293 2991 4361; x_wconf 66' lang='grc' dir='ltr'><strong>ει).</strong></span> 
     </span>
    </p>
   </div>
   <div class='ocr_carea' id='block_1_106' title="bbox 2209 4378 3721 4454">
    <p class='ocr_par' dir='ltr' id='par_1_106' title="bbox 2209 4378 3721 4454">
     <span class='ocr_line' id='line_1_106' title="bbox 2209 4378 3721 4454; baseline 0.008 -22"><span class='ocrx_word' id='word_1_823' title='bbox 2209 4378 2262 4433; x_wconf 84' lang='grc'><strong>5.</strong></span> <span class='ocrx_word' id='word_1_824' title='bbox 2304 4380 2373 4432; x_wconf 80' lang='lat' dir='ltr'><strong>At</strong></span> <span class='ocrx_word' id='word_1_825' title='bbox 2409 4380 2652 4435; x_wconf 84' lang='lat' dir='ltr'><strong>monachi</strong></span> <span class='ocrx_word' id='word_1_826' title='bbox 2696 4398 2800 4436; x_wconf 88' lang='lat' dir='ltr'><strong>non</strong></span> <span class='ocrx_word' id='word_1_827' title='bbox 2835 4383 2989 4438; x_wconf 88' lang='lat' dir='ltr'><strong>talem</strong></span> <span class='ocrx_word' id='word_1_828' title='bbox 3023 4385 3250 4443; x_wconf 89' lang='lat' dir='ltr'><strong>habent.</strong></span> <span class='ocrx_word' id='word_1_829' title='bbox 3283 4387 3376 4441; x_wconf 84' lang='lat' dir='ltr'><strong>sed</strong></span> <span class='ocrx_word' id='word_1_830' title='bbox 3407 4389 3721 4454; x_wconf 73' lang='lat' dir='ltr'><strong>angelorum</strong></span> 
     </span>
    </p>
   </div>
   <div class='ocr_carea' id='block_1_107' title="bbox 2154 4471 3724 4548">
    <p class='ocr_par' dir='ltr' id='par_1_107' title="bbox 2154 4471 3724 4548">
     <span class='ocr_line' id='line_1_107' title="bbox 2154 4471 3724 4548; baseline 0.011 -27"><span class='ocrx_word' id='word_1_831' title='bbox 2154 4471 2312 4524; x_wconf 73' lang='lat' dir='ltr'><strong>vitam</strong></span> <span class='ocrx_word' id='word_1_832' title='bbox 2380 4471 2600 4537; x_wconf 86' lang='lat' dir='ltr'><strong>vivunt,</strong></span> <span class='ocrx_word' id='word_1_833' title='bbox 2661 4490 2761 4528; x_wconf 86' lang='lat' dir='ltr'><strong>nec</strong></span> <span class='ocrx_word' id='word_1_834' title='bbox 2805 4492 2999 4533; x_wconf 79' lang='lat' dir='ltr'><strong>uxores</strong></span> <span class='ocrx_word' id='word_1_835' title='bbox 3049 4477 3268 4544; x_wconf 86' lang='lat' dir='ltr'><strong>ducunt,</strong></span> <span class='ocrx_word' id='word_1_836' title='bbox 3297 4495 3470 4548; x_wconf 89' lang='lat' dir='ltr'><strong>neque</strong></span> <span class='ocrx_word' id='word_1_837' title='bbox 3495 4481 3582 4534; x_wconf 87' lang='lat' dir='ltr'><strong>diu</strong></span> <span class='ocrx_word' id='word_1_838' title='bbox 3607 4484 3724 4538; x_wconf 87' lang='lat' dir='ltr'><strong>dor-</strong></span> 
     </span>
    </p>
   </div>
   <div class='ocr_carea' id='block_1_108' title="bbox 2138 4559 3721 4641">
    <p class='ocr_par' dir='ltr' id='par_1_108' title="bbox 2138 4559 3721 4641">
     <span class='ocr_line' id='line_1_108' title="bbox 2138 4559 3721 4641; baseline 0.008 -29"><span class='ocrx_word' id='word_1_839' title='bbox 2138 4559 2341 4625; x_wconf 91' lang='lat' dir='ltr'><strong>miunt,</strong></span> <span class='ocrx_word' id='word_1_840' title='bbox 2377 4577 2477 4614; x_wconf 67' lang='lat' dir='ltr'><strong>nec</strong></span> <span class='ocrx_word' id='word_1_841' title='bbox 2502 4560 2706 4616; x_wconf 89' lang='lat' dir='ltr'><strong>deliciis</strong></span> <span class='ocrx_word' id='word_1_842' title='bbox 2732 4565 2975 4628; x_wconf 88' lang='lat' dir='ltr'><strong>student;</strong></span> <span class='ocrx_word' id='word_1_843' title='bbox 3007 4565 3099 4619; x_wconf 89' lang='lat' dir='ltr'><strong>sed</strong></span> <span class='ocrx_word' id='word_1_844' title='bbox 3130 4577 3483 4637; x_wconf 64' lang='lat' dir='ltr'><strong>praeterquam</strong></span> <span class='ocrx_word' id='word_1_845' title='bbox 3517 4572 3567 4624; x_wconf 90' lang='lat' dir='ltr'><strong>in</strong></span> <span class='ocrx_word' id='word_1_846' title='bbox 3596 4588 3721 4641; x_wconf 78' lang='lat' dir='ltr'><strong>pau-</strong></span> 
     </span>
    </p>
   </div>
   <div class='ocr_carea' id='block_1_109' title="bbox 2135 4650 3725 4730">
    <p class='ocr_par' dir='ltr' id='par_1_109' title="bbox 2135 4650 3725 4730">
     <span class='ocr_line' id='line_1_109' title="bbox 2135 4650 3725 4730; baseline 0.009 -26"><span class='ocrx_word' id='word_1_847' title='bbox 2135 4651 2212 4706; x_wconf 79' lang='lat' dir='ltr'><strong>cis</strong></span> <span class='ocrx_word' id='word_1_848' title='bbox 2253 4650 2579 4720; x_wconf 90' lang='lat' dir='ltr'><strong>quibusdam</strong></span> <span class='ocrx_word' id='word_1_849' title='bbox 2601 4692 2615 4714; x_wconf 91' lang='lat'><strong>,</strong></span> <span class='ocrx_word' id='word_1_850' title='bbox 2663 4652 2962 4722; x_wconf 89' lang='lat' dir='ltr'><strong>incorporei</strong></span> <span class='ocrx_word' id='word_1_851' title='bbox 2993 4656 3256 4711; x_wconf 83' lang='lat' dir='ltr'><strong>videntur.</strong></span> <span class='ocrx_word' id='word_1_852' title='bbox 3289 4658 3418 4725; x_wconf 88' lang='lat' dir='ltr'><strong>Quis</strong></span> <span class='ocrx_word' id='word_1_853' title='bbox 3458 4662 3617 4730; x_wconf 87' lang='lat' dir='ltr'><strong>igitur</strong></span> <span class='ocrx_word' id='word_1_854' title='bbox 3644 4677 3725 4719; x_wconf 50' lang='lat' dir='ltr'><strong>est</strong></span> 
     </span>
    </p>
   </div>
   <div class='ocr_carea' id='block_1_110' title="bbox 2136 4741 3724 4819">
    <p class='ocr_par' dir='ltr' id='par_1_110' title="bbox 2136 4741 3724 4819">
     <span class='ocr_line' id='line_1_110' title="bbox 2136 4741 3724 4819; baseline 0.009 -27"><span class='ocrx_word' id='word_1_855' title='bbox 2136 4742 2222 4808; x_wconf 87' lang='lat' dir='ltr'><strong>qui</strong></span> <span class='ocrx_word' id='word_1_856' title='bbox 2256 4749 2360 4794; x_wconf 88' lang='lat' dir='ltr'><strong>tam</strong></span> <span class='ocrx_word' id='word_1_857' title='bbox 2392 4741 2543 4796; x_wconf 72' lang='lat' dir='ltr'><strong>facite</strong></span> <span class='ocrx_word' id='word_1_858' title='bbox 2566 4745 2748 4796; x_wconf 88' lang='lat' dir='ltr'><strong>hostes</strong></span> <span class='ocrx_word' id='word_1_859' title='bbox 2775 4743 2995 4799; x_wconf 89' lang='lat' dir='ltr'><strong>fundere</strong></span> <span class='ocrx_word' id='word_1_860' title='bbox 3022 4750 3217 4816; x_wconf 88' lang='lat' dir='ltr'><strong>possit,</strong></span> <span class='ocrx_word' id='word_1_861' title='bbox 3248 4761 3298 4802; x_wconf 91' lang='lat' dir='ltr'><strong>ut</strong></span> <span class='ocrx_word' id='word_1_862' title='bbox 3333 4754 3608 4819; x_wconf 90' lang='lat' dir='ltr'><strong>prandium</strong></span> <span class='ocrx_word' id='word_1_863' title='bbox 3637 4771 3724 4807; x_wconf 85' lang='lat' dir='ltr'><strong>su-</strong></span> 
     </span>
    </p>
   </div>
   <div class='ocr_carea' id='block_1_111' title="bbox 2136 4823 3708 4910">
    <p class='ocr_par' dir='ltr' id='par_1_111' title="bbox 2136 4823 3708 4910">
     <span class='ocr_line' id='line_1_111' title="bbox 2136 4823 3708 4910; baseline 0.01 -26"><span class='ocrx_word' id='word_1_864' title='bbox 2136 4832 2350 4894; x_wconf 85' lang='lat' dir='ltr'><strong>mendo,</strong></span> <span class='ocrx_word' id='word_1_865' title='bbox 2383 4841 2638 4901; x_wconf 79' lang='lat' dir='ltr'><strong>tropaeum</strong></span> <span class='ocrx_word' id='word_1_866' title='bbox 2667 4835 2878 4902; x_wconf 78' lang='lat' dir='ltr'><strong>erigat?</strong></span> <span class='ocrx_word' id='word_1_867' title='bbox 2921 4835 3151 4908; x_wconf 87' lang='lat' dir='ltr'><strong>Ideoque</strong></span> <span class='ocrx_word' id='word_1_868' title='bbox 3177 4841 3249 4893; x_wconf 89' lang='lat' dir='ltr'><strong>ait</strong></span> <span class='ocrx_word' id='word_1_869' title='bbox 3282 4823 3534 4910; x_wconf 76' lang='lat' dir='ltr'><strong>propheta</strong></span> <span class='ocrx_word' id='word_1_870' title='bbox 3567 4864 3579 4900; x_wconf 91' lang='lat'>:</span> <span class='ocrx_word' id='word_1_871' title='bbox 3617 4845 3708 4900; x_wconf 69' lang='grc' dir='ltr'><strong>1³η-</strong></span> 
     </span>
    </p>
   </div>
   <div class='ocr_carea' id='block_1_112' title="bbox 2134 4921 3724 5001">
    <p class='ocr_par' dir='ltr' id='par_1_112' title="bbox 2134 4921 3724 5001">
     <span class='ocr_line' id='line_1_112' title="bbox 2134 4921 3724 5001; baseline 0.008 -24"><span class='ocrx_word' id='word_1_872' title='bbox 2134 4925 2255 4977; x_wconf 64' lang='lat' dir='ltr'><strong>rati</strong></span> <span class='ocrx_word' id='word_1_873' title='bbox 2281 4925 2332 4977; x_wconf 88' lang='lat' dir='ltr'><strong>in</strong></span> <span class='ocrx_word' id='word_1_874' title='bbox 2364 4937 2630 4994; x_wconf 74' lang='lat' dir='ltr'><strong>conspectu</strong></span> <span class='ocrx_word' id='word_1_875' title='bbox 2671 4941 2777 4978; x_wconf 83' lang='lat' dir='ltr'><strong>meo</strong></span> <span class='ocrx_word' id='word_1_876' title='bbox 2817 4921 3039 4980; x_wconf 74' lang='lat' dir='ltr'><strong>mensam</strong></span> <span class='ocrx_word' id='word_1_877' title='bbox 3075 4929 3313 4985; x_wconf 75' lang='lat' dir='ltr'><strong>adversm</strong></span> <span class='ocrx_word' id='word_1_878' title='bbox 3340 4949 3422 4986; x_wconf 76' lang='lat' dir='ltr'><strong>eos</strong></span> <span class='ocrx_word' id='word_1_879' title='bbox 3448 4935 3534 5001; x_wconf 76' lang='lat' dir='ltr'><strong>qui</strong></span> <span class='ocrx_word' id='word_1_880' title='bbox 3563 4938 3724 4990; x_wconf 73' lang='lat' dir='ltr'><strong>tribu-</strong></span> 
     </span>
    </p>
   </div>
   <div class='ocr_carea' id='block_1_113' title="bbox 2129 5013 3726 5094">
    <p class='ocr_par' dir='ltr' id='par_1_113' title="bbox 2129 5013 3726 5094">
     <span class='ocr_line' id='line_1_113' title="bbox 2129 5013 3726 5094; baseline 0.009 -28"><span class='ocrx_word' id='word_1_881' title='bbox 2129 5013 2241 5068; x_wconf 76' lang='lat' dir='ltr'><strong>tam</strong></span> <span class='ocrx_word' id='word_1_882' title='bbox 2267 5032 2344 5068; x_wconf 82' lang='lat' dir='ltr'><strong>me</strong></span> <span class='ocrx_word' id='word_1_883' title='bbox 2367 5015 2384 5084; x_wconf 96' lang='lat'><strong>(</strong></span> <span class='ocrx_word' id='word_1_884' title='bbox 2409 5013 2549 5069; x_wconf 76' lang='lat' dir='ltr'><strong>Psal.</strong></span> <span class='ocrx_word' id='word_1_885' title='bbox 2582 5014 2671 5068; x_wconf 68' lang='lat'><strong>‘22.</strong></span> <span class='ocrx_word' id='word_1_886' title='bbox 2706 5017 2799 5085; x_wconf 84' lang='lat'><strong>5).</strong></span> <span class='ocrx_word' id='word_1_887' title='bbox 2831 5017 2944 5071; x_wconf 83' lang='lat' dir='ltr'><strong>Non</strong></span> <span class='ocrx_word' id='word_1_888' title='bbox 2975 5020 3116 5073; x_wconf 89' lang='lat' dir='ltr'><strong>enim</strong></span> <span class='ocrx_word' id='word_1_889' title='bbox 3145 5023 3345 5076; x_wconf 85' lang='lat' dir='ltr'><strong>errabit</strong></span> <span class='ocrx_word' id='word_1_890' title='bbox 3382 5025 3426 5078; x_wconf 91' lang='lat' dir='ltr'><strong>si</strong></span> <span class='ocrx_word' id='word_1_891' title='bbox 3465 5027 3584 5094; x_wconf 90' lang='lat' dir='ltr'><strong>quis</strong></span> <span class='ocrx_word' id='word_1_892' title='bbox 3625 5027 3726 5082; x_wconf 87' lang='lat' dir='ltr'><strong>hoc</strong></span> 
     </span>
    </p>
   </div>
   <div class='ocr_carea' id='block_1_114' title="bbox 2133 5103 3725 5180">
    <p class='ocr_par' dir='ltr' id='par_1_114' title="bbox 2133 5103 3725 5180">
     <span class='ocr_line' id='line_1_114' title="bbox 2133 5103 3725 5180; baseline 0.009 -23"><span class='ocrx_word' id='word_1_893' title='bbox 2133 5103 2399 5172; x_wconf 86' lang='lat' dir='ltr'><strong>eloquium</strong></span> <span class='ocrx_word' id='word_1_894' title='bbox 2447 5121 2683 5180; x_wconf 85' lang='lat' dir='ltr'><strong>mensam</strong></span> <span class='ocrx_word' id='word_1_895' title='bbox 2731 5116 2974 5176; x_wconf 82' lang='lat' dir='ltr'><strong>spectare</strong></span> <span class='ocrx_word' id='word_1_896' title='bbox 3015 5109 3226 5166; x_wconf 73' lang='lat' dir='ltr'><strong>dixerit.</strong></span> <span class='ocrx_word' id='word_1_897' title='bbox 3274 5111 3413 5166; x_wconf 86' lang='lat' dir='ltr'><strong>Nihil</strong></span> <span class='ocrx_word' id='word_1_898' title='bbox 3461 5118 3600 5169; x_wconf 88' lang='lat' dir='ltr'><strong>enim</strong></span> <span class='ocrx_word' id='word_1_899' title='bbox 3648 5121 3725 5171; x_wconf 89' lang='lat' dir='ltr'><strong>sic</strong></span> 
     </span>
    </p>
   </div>
   <div class='ocr_carea' id='block_1_115' title="bbox 2133 5194 3724 5269">
    <p class='ocr_par' dir='ltr' id='par_1_115' title="bbox 2133 5194 3724 5269">
     <span class='ocr_line' id='line_1_115' title="bbox 2133 5194 3724 5269; baseline 0.012 -23"><span class='ocrx_word' id='word_1_900' title='bbox 2133 5194 2364 5248; x_wconf 86' lang='lat' dir='ltr'><strong>animam</strong></span> <span class='ocrx_word' id='word_1_901' title='bbox 2399 5194 2603 5263; x_wconf 82' lang='lat' dir='ltr'><strong>turbat,</strong></span> <span class='ocrx_word' id='word_1_902' title='bbox 2643 5205 2702 5251; x_wconf 89' lang='lat' dir='ltr'><strong>ut</strong></span> <span class='ocrx_word' id='word_1_903' title='bbox 2738 5199 3165 5266; x_wconf 81' lang='lat' dir='ltr'><strong>enucupiscenti.i</strong></span> <span class='ocrx_word' id='word_1_904' title='bbox 3208 5201 3477 5269; x_wconf 87' lang='lat' dir='ltr'><strong>absurda,</strong></span> <span class='ocrx_word' id='word_1_905' title='bbox 3519 5207 3724 5265; x_wconf 69' lang='lat' dir='ltr'><strong>delicia:</strong></span> 
     </span>
    </p>
   </div>
   <div class='ocr_carea' id='block_1_116' title="bbox 2133 5285 3724 5362">
    <p class='ocr_par' dir='ltr' id='par_1_116' title="bbox 2133 5285 3724 5362">
     <span class='ocr_line' id='line_1_116' title="bbox 2133 5285 3724 5362; baseline 0.011 -23"><span class='ocrx_word' id='word_1_906' title='bbox 2133 5285 2409 5350; x_wconf 81' lang='lat' dir='ltr'><strong>ciborum,</strong></span> <span class='ocrx_word' id='word_1_907' title='bbox 2451 5285 2717 5355; x_wconf 75' lang='lat' dir='ltr'><strong>ebrietas,</strong></span> <span class='ocrx_word' id='word_1_908' title='bbox 2757 5300 2812 5344; x_wconf 83' lang='lat' dir='ltr'><strong>et</strong></span> <span class='ocrx_word' id='word_1_909' title='bbox 2854 5291 2990 5345; x_wconf 88' lang='lat' dir='ltr'><strong>mala</strong></span> <span class='ocrx_word' id='word_1_910' title='bbox 3030 5309 3148 5362; x_wconf 74' lang='lat' dir='ltr'><strong>qum</strong></span> <span class='ocrx_word' id='word_1_911' title='bbox 3186 5293 3309 5348; x_wconf 88' lang='lat' dir='ltr'><strong>inde</strong></span> <span class='ocrx_word' id='word_1_912' title='bbox 3351 5299 3592 5354; x_wconf 86' lang='lat' dir='ltr'><strong>oriuntur</strong></span> <span class='ocrx_word' id='word_1_913' title='bbox 3625 5320 3638 5354; x_wconf 90' lang='lat'><strong>:</strong></span> <span class='ocrx_word' id='word_1_914' title='bbox 3672 5313 3724 5356; x_wconf 87' lang='lat' dir='ltr'><strong>et</strong></span> 
     </span>
    </p>
   </div>
   <div class='ocr_carea' id='block_1_117' title="bbox 2141 5377 3720 5454">
    <p class='ocr_par' dir='ltr' id='par_1_117' title="bbox 2141 5377 3720 5454">
     <span class='ocr_line' id='line_1_117' title="bbox 2141 5377 3720 5454; baseline 0.011 -24"><span class='ocrx_word' id='word_1_915' title='bbox 2141 5377 2242 5432; x_wconf 82' lang='lat' dir='ltr'><strong>hoc</strong></span> <span class='ocrx_word' id='word_1_916' title='bbox 2271 5389 2463 5433; x_wconf 88' lang='lat' dir='ltr'><strong>norunt</strong></span> <span class='ocrx_word' id='word_1_917' title='bbox 2490 5381 2578 5449; x_wconf 89' lang='lat' dir='ltr'><strong>qui</strong></span> <span class='ocrx_word' id='word_1_918' title='bbox 2613 5380 2798 5435; x_wconf 87' lang='lat' dir='ltr'><strong>harum</strong></span> <span class='ocrx_word' id='word_1_919' title='bbox 2839 5397 3015 5436; x_wconf 88' lang='lat' dir='ltr'><strong>rerum</strong></span> <span class='ocrx_word' id='word_1_920' title='bbox 3045 5385 3340 5454; x_wconf 85' lang='lat' dir='ltr'><strong>periculum</strong></span> <span class='ocrx_word' id='word_1_921' title='bbox 3378 5385 3630 5446; x_wconf 76' lang='lat' dir='ltr'><strong>fecerunt.</strong></span> <span class='ocrx_word' id='word_1_922' title='bbox 3667 5393 3720 5448; x_wconf 88' lang='lat' dir='ltr'><strong>Si</strong></span> 
     </span>
    </p>
   </div>
   <div class='ocr_carea' id='block_1_118' title="bbox 2142 5469 3721 5551">
    <p class='ocr_par' dir='ltr' id='par_1_118' title="bbox 2142 5469 3721 5551">
     <span class='ocr_line' id='line_1_118' title="bbox 2142 5469 3721 5551; baseline 0.01 -30"><span class='ocrx_word' id='word_1_923' title='bbox 2142 5477 2319 5524; x_wconf 87' lang='lat' dir='ltr'><strong>autem</strong></span> <span class='ocrx_word' id='word_1_924' title='bbox 2335 5469 2601 5533; x_wconf 90' lang='lat' dir='ltr'><strong>didiceris,</strong></span> <span class='ocrx_word' id='word_1_925' title='bbox 2624 5471 2761 5526; x_wconf 90' lang='lat' dir='ltr'><strong>unde</strong></span> <span class='ocrx_word' id='word_1_926' title='bbox 2785 5472 2898 5527; x_wconf 60' lang='lat' dir='ltr'><strong>hac</strong></span> <span class='ocrx_word' id='word_1_927' title='bbox 2919 5487 3100 5529; x_wconf 87' lang='lat' dir='ltr'><strong>mensa</strong></span> <span class='ocrx_word' id='word_1_928' title='bbox 3122 5475 3420 5546; x_wconf 85' lang='lat' dir='ltr'><strong>colligatur,</strong></span> <span class='ocrx_word' id='word_1_929' title='bbox 3443 5482 3583 5536; x_wconf 88' lang='lat' dir='ltr'><strong>unde</strong></span> <span class='ocrx_word' id='word_1_930' title='bbox 3611 5485 3721 5551; x_wconf 84' lang='lat' dir='ltr'><strong>illa,</strong></span> 
     </span>
    </p>
   </div>
   <div class='ocr_carea' id='block_1_119' title="bbox 2137 5563 3718 5653">
    <p class='ocr_par' dir='ltr' id='par_1_119' title="bbox 2137 5563 3718 5653">
     <span class='ocr_line' id='line_1_119' title="bbox 2137 5563 3718 5653; baseline 0.011 -38"><span class='ocrx_word' id='word_1_931' title='bbox 2137 5575 2261 5618; x_wconf 85' lang='lat' dir='ltr'><strong>tunc</strong></span> <span class='ocrx_word' id='word_1_932' title='bbox 2305 5563 2469 5635; x_wconf 80' lang='lat' dir='ltr'><strong>probe</strong></span> <span class='ocrx_word' id='word_1_933' title='bbox 2497 5565 2634 5620; x_wconf 85' lang='lat' dir='ltr'><strong>scies</strong></span> <span class='ocrx_word' id='word_1_934' title='bbox 2671 5581 2789 5636; x_wconf 66' lang='lat' dir='ltr'><strong>qum</strong></span> <span class='ocrx_word' id='word_1_935' title='bbox 2826 5567 2897 5620; x_wconf 85' lang='lat' dir='ltr'><strong>sit</strong></span> <span class='ocrx_word' id='word_1_936' title='bbox 2933 5567 3071 5623; x_wconf 86' lang='lat' dir='ltr'><strong>inter</strong></span> <span class='ocrx_word' id='word_1_937' title='bbox 3099 5578 3376 5653; x_wconf 78' lang='lat' dir='ltr'><strong>utramque</strong></span> <span class='ocrx_word' id='word_1_938' title='bbox 3403 5572 3718 5634; x_wconf 80' lang='lat' dir='ltr'><strong>dill‘crentia.</strong></span> 
     </span>
    </p>
   </div>
   <div class='ocr_carea' id='block_1_120' title="bbox 2201 5717 3722 5793">
    <p class='ocr_par' dir='ltr' id='par_1_120' title="bbox 2201 5717 3722 5793">
     <span class='ocr_line' id='line_1_120' title="bbox 2201 5717 3722 5793; baseline 0.016 -29"><span class='ocrx_word' id='word_1_939' title='bbox 2201 5718 2217 5750; x_wconf 82' lang='grc'>¹</span> <span class='ocrx_word' id='word_1_940' title='bbox 2248 5717 2298 5766; x_wconf 88' lang='lat' dir='ltr'><strong>lu</strong></span> <span class='ocrx_word' id='word_1_941' title='bbox 2323 5719 2604 5793; x_wconf 71' lang='lat' dir='ltr'><strong>quibusdam</strong></span> <span class='ocrx_word' id='word_1_942' title='bbox 2632 5722 2828 5790; x_wconf 59' lang='lat' dir='ltr'><strong>legitur,</strong></span> <span class='ocrx_word' id='word_1_943' title='bbox 2857 5721 2956 5774; x_wconf 72' lang='lat' dir='ltr'><strong>illic</strong></span> <span class='ocrx_word' id='word_1_944' title='bbox 2994 5738 3106 5778; x_wconf 63' lang='grc' dir='ltr'><strong>ατο</strong></span> <span class='ocrx_word' id='word_1_945' title='bbox 3143 5726 3385 5781; x_wconf 68' lang='lat' dir='ltr'><strong>(aurarii:</strong></span> <span class='ocrx_word' id='word_1_946' title='bbox 3410 5737 3587 5793; x_wconf 71' lang='lat' dir='ltr'><strong>oritura,</strong></span> <span class='ocrx_word' id='word_1_947' title='bbox 3615 5748 3722 5786; x_wconf 79' lang='lat' dir='ltr'><strong>cor-</strong></span> 
     </span>
    </p>
   </div>
   <div class='ocr_carea' id='block_1_121' title="bbox 2139 5788 3000 5843">
    <p class='ocr_par' dir='ltr' id='par_1_121' title="bbox 2139 5788 3000 5843">
     <span class='ocr_line' id='line_1_121' title="bbox 2139 5788 3000 5843; baseline 0.012 -15"><span class='ocrx_word' id='word_1_948' title='bbox 2139 5795 2256 5838; x_wconf 48' lang='lat' dir='ltr'><strong>pora</strong></span> <span class='ocrx_word' id='word_1_949' title='bbox 2281 5788 2542 5839; x_wconf 72' lang='lat' dir='ltr'><strong>camerata,</strong></span> <span class='ocrx_word' id='word_1_950' title='bbox 2569 5788 2752 5832; x_wconf 78' lang='lat' dir='ltr'><strong>animus</strong></span> <span class='ocrx_word' id='word_1_951' title='bbox 2769 5793 3000 5843; x_wconf 67' lang='grc' dir='ltr'><strong>ἠιθι-ιυίιδ.</strong></span> 
     </span>
    </p>
   </div>
  </div>
