4074 6430
272 394 373 452 681

272 512 560 571 Undenam
587 522 716 578 ergo
744 506 863 561 haec
896 499 1200 573 colligitur?
1244 499 1319 554 Ex
1350 495 1601 570 lacrymis
1632 496 1877 551 innume-

271 607 370 665 ris,
400 619 467 658 ex
500 602 776 655 viduarum
809 596 1013 665 spoliis,
1045 610 1111 649 ex
1148 593 1317 662 raptis
1345 591 1665 661 pupillorum
1707 586 1875 643 facul-

271 694 478 750 tatibus
507 709 520 745 :
552 691 641 746 illa
673 706 799 746 vero
836 704 903 744 ex
937 687 1096 756 justis
1131 684 1399 739 laboribus
1431 690 1647 752 paratur
1677 698 1689 733 :
1722 680 1875 736 simi-

270 787 447 856 lisque
472 794 557 839 est
585 783 834 837 formosae
870 782 1235 851 speciososque
1278 775 1526 838 mulieri,
1566 788 1687 844 quae
1726 771 1876 826 nullo

267 874 543 931 exteriore
570 882 691 943 eget
716 881 936 935 ornatu;
977 869 1071 925 sed
1116 868 1415 924 naturalem
1448 864 1609 921 habet
1638 861 1873 935 pulchri-

262 965 552 1031 tudinem;
596 964 687 1019 illa
729 978 859 1019 vero
893 960 1164 1018 meretrici
1194 957 1417 1014 deformi
1447 964 1503 1013 et
1532 956 1707 1028 turpi,
1754 970 1874 1025 qua:

265 1056 392 1111 fuco
421 1056 594 1110 multo
623 1054 810 1121 utitur,
855 1068 1025 1123 neque
1070 1059 1248 1121 potest
1288 1047 1687 1105 deformitatem
1717 1047 1873 1101 obte-

262 1164 426 1218 gere,
456 1147 553 1202 sed
583 1161 690 1218 quo
717 1147 932 1216 propius
962 1144 1218 1200 accedere
1248 1150 1453 1206 leniat,
1482 1155 1552 1197 eo
1580 1140 1751 1210 magis
1781 1153 1870 1194 rc-

266 1250 551 1304 movetur;
596 1254 718 1293 nam
757 1246 956 1309 quanto
995 1237 1162 1307 magis
1197 1234 1403 1289 accedit
1428 1233 1494 1288 ad
1524 1240 1828 1289 consortem
1849 1271 1869 1297 ,

262 1342 417 1387 tanto
434 1332 611 1403 magis
637 1332 753 1401 ejus
773 1330 1087 1386 deformitas
1111 1328 1552 1400 deprehenditur.
1580 1326 1659 1382 Ne
1683 1340 1875 1381 ascen-
1908 1359 1931 1373 ι

258 1423 458 1477 dentes
484 1423 737 1478 convivas
761 1422 1073 1491 aspexeris,
1120 1419 1216 1476 sed
1258 1417 1606 1483 recedentes,
1652 1425 1708 1472 et
1748 1426 1874 1473 tunc

257 1514 382 1584 ejus
414 1511 801 1583 turpitudinem
843 1511 1067 1567 videbis.
1101 1510 1198 1567 Illa
1229 1525 1358 1565 vero
1382 1509 1483 1564 alia
1502 1550 1520 1576 ,
1550 1508 1715 1564 libera
1743 1522 1868 1563 cum

182 1676 203 1683 Ἣ
259 1615 364 1671 sit,
402 1605 538 1660 nihil
576 1605 703 1660 sinit
728 1613 1007 1660 consortes
1033 1604 1348 1659 obscoenum
1376 1602 1595 1667 dicere;
1628 1601 1743 1656 haec
1769 1615 1869 1656 au-

261 1706 372 1752 tem
401 1697 537 1752 nihil
567 1697 849 1753 honestum
870 1738 887 1765 ,
919 1705 1101 1767 utpote
1139 1712 1258 1768 quae
1284 1696 1541 1752 meretrix
1578 1703 1631 1750 et
1657 1692 1870 1749 infamis

255 1788 354 1842 sit.
412 1787 542 1843 litae
582 1788 849 1842 consortis
889 1788 970 1843 sui
1014 1788 1294 1843 utilitatem
1343 1787 1567 1858 quatrit;
1614 1786 1701 1840 illa
1747 1801 1870 1857 per-

261 1879 462 1934 niciem
509 1878 646 1949 ejus.
697 1879 823 1934 llaec
878 1895 985 1934 non
1034 1880 1295 1949 permittit
1335 1878 1608 1935 attendere
1648 1878 1864 1945 beant;

257 1962 379 2025 haec
420 1985 526 2024 non
568 1970 696 2025 sinit
734 1986 842 2026 non
890 1970 1182 2026 oﬂ‘endere.
1216 1969 1489 2027 Adeamus
1516 1970 1676 2042 igitur
1704 1968 1863 2034 illos;

260 2060 388 2116 inde
407 2062 643 2117 sciemus
666 2072 797 2133 quot
817 2063 987 2119 simus
1007 2063 1232 2119 vinculis
1250 2064 1560 2130 constricti;
1589 2063 1713 2120 inde
1736 2063 1869 2119 scie-

257 2168 383 2209 mus
412 2168 655 2209 mensam
680 2170 952 2226 apponere
977 2157 1126 2213 mille
1148 2158 1307 2214 bonis
1328 2157 1565 2229 plenam.
1586 2158 1866 2228 iucundis:

255 2244 481 2312 simam,
510 2246 710 2301 nullius
731 2246 1008 2317 impensa,
1032 2248 1411 2315 sollicitudine,
1442 2249 1664 2315 invidia,
1694 2250 1864 2305 Eivore

1234 380 1303 437 ΙΝ
1340 377 1747 436 MATTIM'JUM
1787 374 2015 431 “Olim.
2057 374 2246 432 LXXI.
2286 375 2358 431 al.
2399 375 2613 433 LXXII.

3485 382 3590 437 662

1981 507 2225 558 vacuam,
2256 492 2325 548 ab
2350 494 2495 547 omni
2528 490 2718 548 morbo
2747 490 2994 554 liberam,
3024 493 3165 559 bona
3189 511 3285 565 spe
3314 496 3586 565 l'cicrlattt,

1981 584 2161 637 multis
2191 592 2437 639 ornatam
2470 584 2707 654 tropaeis.
2746 583 2901 638 Nulla
2946 593 3031 639 est
3072 585 3142 641 ibi
3178 587 3341 641 animi
3370 599 3592 661 pertur-

1982 678 2154 743 batio,
2200 696 2307 735 non
2346 680 2621 742 tristitia‘,
2666 694 2772 734 non
2814 679 2893 739 ira
2933 696 2948 733 :
2981 680 3161 735 omnia
3190 683 3588 752 tranquillitas,

1978 778 2159 832 omnia
2183 792 2309 848 pax.
2338 776 2418 832 Ne
2446 775 2575 830 mihi
2603 776 2875 832 silentium
2903 775 3268 833 ministrorum
3302 777 3354 833 in
3387 780 3590 837 menda

1978 870 2201 925 divitum
2240 883 2541 935 memores,
2583 868 2678 923 sed
2720 869 3010 937 clamorem
3050 870 3394 925 convivarum
3428 888 3445 926 :
3480 887 3587 926 nou

1977 961 2125 1017 illum
2154 974 2262 1031 quo
2290 970 2476 1014 mutuo
2498 967 2740 1026 utuntur,
2771 960 2895 1015 licet
2914 969 2971 1015 et
2990 959 3078 1015 hic
3100 959 3356 1019 ridiculus
3375 963 3466 1027 sit,
3490 964 3586 1018 sed

1979 1052 2289 1107 interiorem
2309 1092 2325 1117 ,
2358 1050 2447 1119 qui
2481 1051 2533 1104 in
2561 1050 2746 1106 animo
2768 1094 2781 1117 ,
2823 1052 2912 1121 qui
2955 1066 3201 1121 magnam
3233 1054 3585 1125 aliertcapti-

1977 1147 2227 1210 vita-tem,
2269 1144 2654 1215 cogitationum
2694 1145 3013 1212 tumultum,
3048 1147 3366 1216 procellam,
3394 1149 3586 1221 caligi-

1978 1254 2123 1305 nem,
2157 1247 2551 1308 tempestatem,
2587 1237 2785 1309 quibus
2811 1239 2993 1294 omnia
3034 1240 3346 1296 minuuntur
3374 1252 3431 1298 et
3460 1258 3584 1313 per-

1976 1333 2290 1398 miscentur,
2332 1339 2391 1387 et
2429 1334 2709 1386 nocturnae
2748 1346 2940 1403 pugnae
2977 1331 3170 1388 similis
3197 1341 3299 1389 est.
3333 1332 3445 1391 Sed
3476 1351 3583 1391 non

1978 1424 2101 1479 talia
2132 1425 2184 1478 in
2217 1422 2579 1478 tabernaculis
2607 1422 3033 1490 monachorum;
3079 1423 3178 1481 sed
3220 1425 3387 1480 multa
3430 1436 3585 1482 tran-

1973 1517 2241 1590 quillitas,
2270 1516 2424 1588 quies
2454 1518 2644 1572 mlta.
2676 1516 2747 1572 Et
2779 1516 2925 1573 illam
2958 1517 3176 1589 quidem
3207 1534 3450 1576 mensam
3490 1538 3585 1577 ex-

1973 1611 2105 1683 eipit
2120 1624 2345 1668 somnus
2368 1612 2528 1667 morti
2552 1610 2766 1677 similis,
2790 1609 2934 1689 hanc
2958 1626 3088 1668 vero
3107 1612 3410 1683 vigilantia;
3434 1613 3581 1669 illam

1973 1705 2314 1777 supplicium,
2340 1705 2478 1762 hanc
2498 1703 2999 1776 regnum-caelorum
3021 1716 3080 1779 et
3098 1704 3420 1763 immortalia
3439 1723 3583 1779 pm:-

1970 1775 2103 1853 mia.
2135 1796 2286 1852 Illam
2322 1796 2484 1868 igitur
2520 1775 2889 1867 insequamur,
2920 1806 2981 1853 ut
3006 1775 3269 1853 fructibus
3290 1798 3416 1869 ejus
3440 1775 3586 1853 inta-

1972 1906 2097 1945 mur
2123 1908 2138 1945 :
2169 1904 2304 1961 quos
2328 1888 2533 1946 utinam
2563 1905 2755 1946 omnes
2783 1904 3197 1963 consequamur,
3218 1893 3391 1962 gratia
3413 1901 3474 1949 et
3499 1893 3582 1948 be-

1971 1983 2232 2053 nignitate
2275 1982 2487 2038 Domini
2529 1983 2699 2037 nostri
2743 1982 2872 2039 Jesu
2920 1982 3151 2047 Christi,
3193 1985 3281 2040 cui
3322 1984 3491 2056 gloria
3521 1989 3577 2040 et

1972 2074 2254 2145 imperium
2288 2074 2341 2129 in
2368 2073 2566 2131 saecula
2592 2073 2935 2130 steculoru‘m.
2965 2076 3156 2130 Amen.

2087 2244 2114 2281 ί
2138 2244 2272 2298 Tres
2303 2260 2426 2297 mss.
2453 2249 2642 2301 habent
2665 2248 2883 2312 morbus,
2907 2263 3016 2314 pro,
3040 2249 3264 2304 tristitia.

558 2356 3333 2385 —————-———_—_——_'——-——————————————_

1407 2425 1753 2489 HOMILIA
1786 2426 2024 2490 LXXI.
2064 2423 2155 2487 al.
2201 2420 2467 2484 LXXII.

254 2540 390 2597 Cn.
431 2541 525 2597 ἦ.
565 2558 618 2597 v.
658 2544 750 2600 '51.
800 2544 1053 2602 Plurimi
1084 2559 1254 2603 autem
1290 2550 1584 2616 audientes,
1612 2550 1748 2620 quod
1785 2550 1861 2605 si-

335 2635 547 2687 lentiam
589 2634 913 2706 imposuisset
944 2639 1249 2698 Saddut‘tzis
1268 2682 1283 2705 ,
1336 2642 1626 2713 congregati
1654 2650 1774 2697 sunt
1799 2643 1857 2697 in

324 2742 521 2793 unum,
543 2728 637 2784 55.
658 2737 709 2783 et
736 2730 1064 2803 interrogavit
1088 2750 1218 2787 imus
1244 2750 1308 2789 ea:
1346 2734 1475 2805 ipsis
1493 2735 1823 2806 jurisperitus
1844 2777 1860 2803 ,

332 2827 535 2875 totum
560 2835 697 2888 eum,
729 2831 778 2877 et
822 2823 994 2878 dicens
1017 2839 1036 2877 :
1064 2823 1328 2897 Magister,
1375 2828 1510 2894 quod
1533 2836 1607 2883 est
1632 2826 1865 2883 mando—

331 2920 440 2965 tum
466 2929 709 2984 magan
742 2915 795 2969 in
817 2915 927 2985 lege
948 2916 974 2969 ?

340 3002 393 3055 1.
454 3001 661 3057 Rursus
707 3018 924 3058 causam
973 3006 1125 3075 ponit
1177 3008 1541 3080 evangelista,
1574 3024 1673 3063 cur
1700 3009 1863 3065 silere

258 3102 561 3161 oporteret,
589 3094 799 3149 illorum
829 3111 1044 3167 quoque
1072 3098 1347 3154 audaciam
1378 3101 1612 3155 indidem
1642 3101 1863 3172 signiti-

260 3193 374 3239 eat.
404 3184 524 3254 Quo
566 3188 765 3256 pacto?
790 3189 923 3257 Quia
949 3204 1071 3244 cum
1104 3190 1207 3244 illis
1232 3192 1501 3246 silentium
1552 3192 1859 3263 impositum

260 3275 473 3344 fuisset,
492 3277 544 3331 hi
573 3294 758 3334 rursus
778 3281 1175 3351 aggrediuntur.
1202 3281 1335 3337 Cum
1365 3283 1691 3353 oportuisset
1712 3284 1857 3339 enim

259 3370 391 3427 inde
406 3371 798 3441 quiescere,illi
831 3389 1020 3429 rursus
1048 3383 1382 3440 concertant,
1404 3384 1461 3433 et
1492 3375 1858 3447 legisperitum

259 3473 548 3532 opponunt
582 3481 594 3516 :
623 3481 727 3517 non
770 3465 909 3535 quod
952 3466 1199 3531 discere,
1232 3465 1328 3522 sed
1355 3466 1497 3537 quod
1525 3477 1732 3524 tentare
1761 3484 1860 3524 cu-

260 3563 492 3625 perent;
539 3562 595 3608 et
646 3556 1021 3625 interrogant:
1050 3558 1203 3623 Quod
1256 3568 1341 3613 est
1389 3559 1697 3615 mandatum
1748 3561 1860 3629 pri-

259 3646 457 3700 mum?
485 3645 619 3713 Quia
656 3647 800 3703 enim
834 3649 1067 3721 primum
1100 3648 1226 3705 illud
1254 3660 1369 3705 erat
1399 3650 1633 3723 :Diliges
1675 3652 1859 3707 Dami-

257 3752 389 3789 smm
408 3735 577 3791 Deum
604 3748 765 3806 tum,
794 3749 1073 3809 sperantes
1095 3741 1245 3795 illum
1268 3757 1456 3797 ansam
1490 3745 1855 3814 praebiturum,

255 3828 582 3898 corrigendo
607 3830 813 3885 scilicet
835 3831 1049 3901 ipsum,
1104 3840 1163 3886 ut
1209 3847 1270 3888 se
1300 3848 1511 3903 quoque
1542 3835 1707 3891 Deum
1739 3851 1858 3891 esse

256 3920 595 3985 ostenderet,
626 3921 707 3977 sic
752 3922 1099 3994 interrogant.
1127 3926 1263 3991 Quid
1303 3941 1431 3997 ergo
1457 3927 1744 3984 Christus?
1787 3922 1861 3985 Ut

260 4011 534 4077 ostendat,
565 4028 667 4081 qua
697 4013 768 4080 tle
791 4028 954 4070 causa
982 4018 1249 4080 venerint,
1277 4018 1419 4087 quod
1451 4018 1650 4073 nullam
1696 4019 1862 4076 babe-

257 4111 377 4155 rent
401 4103 701 4166 caritatum,
729 4104 871 4173 quod
903 4105 1099 4161 invidia
1133 4106 1485 4174 tabescerent,
1519 4110 1662 4179 quod
1692 4111 1860 4169 livore

257 4203 607 4259 caperentur,
640 4194 714 4248 ait
748 4194 874 4250 :37.
922 4195 1119 4267 Diliges
1144 4195 1421 4252 Dominum
1449 4198 1614 4253 Deum
1665 4210 1807 4254 tuum
1838 4216 1858 4254 :

255 4285 349 4340 38.
377 4286 475 4339 hoc
503 4288 722 4357 primum
749 4298 799 4343 et
829 4304 1071 4359 magnum
1096 4300 1169 4344 est
1194 4292 1511 4346 mandatum.
1540 4292 1629 4347 59.
1664 4293 1860 4349 Secun-

256 4377 381 4431 dam
407 4389 580 4431 autem
619 4380 933 4435 similehttic
965 4398 984 4435 :
1009 4380 1207 4453 Diliges
1236 4386 1521 4453 proximum
1548 4397 1690 4441 tuum
1729 4388 1857 4441 sicut

256 4468 495 4539 teipsum.
520 4469 649 4535 Cur,
674 4469 857 4525 Simile
884 4472 1040 4527 huic?
1070 4472 1201 4539 Quia
1226 4474 1326 4529 hoc
1356 4477 1420 4530 ad
1449 4477 1577 4533 illud
1607 4479 1744 4533 viam
1767 4494 1859 4549 pa-

257 4568 361 4623 rat;
387 4569 442 4614 et
475 4559 542 4613 ab
572 4559 663 4612 illo
708 4573 895 4616 rursus
921 4565 1175 4618 munitur.
1207 4565 1338 4619 Nam
1384 4567 1699 4639 Quicumque
1723 4571 1858 4623 umle

254 4649 383 4718 agit,
407 4649 513 4701 odit
539 4650 721 4715 lucem,
754 4660 803 4704 et
841 4667 941 4705 non
963 4654 1094 4706 venit
1120 4655 1188 4707 ad
1220 4655 1380 4710 lucem
1414 4656 1594 4726 (Joan.
1625 4660 1679 4713 5.
1720 4660 1851 4729 ‘20);

254 4750 313 4795 et
338 4756 526 4795 rursus
556 4758 569 4794 :
604 4740 747 4795 Dixit
775 4744 1018 4813 insipiens
1042 4747 1093 4799 iu
1116 4748 1269 4801 corde
1291 4764 1421 4802 suo:
1454 4747 1572 4803 Non
1600 4760 1671 4803 est
1712 4749 1853 4805 Deus

258 4833 434 4904 (Psal.
460 4835 554 4889 52.
587 4835 661 4903 1).
718 4835 784 4889 Et
809 4837 936 4897 quid
970 4838 1131 4893 inde?
1162 4839 1399 4908 Corrupti
1427 4856 1543 4895 sunt
1570 4853 1617 4895 et
1654 4844 1850 4897 abontio

256 4924 447 4978 nobiles
479 4926 603 4994 facti
642 4937 757 4979 sant
786 4929 836 4979 in
864 4929 1044 4982 studiis
1072 4932 1175 4985 suis
1216 4930 1385 4992 (Μαι.
1414 4933 1499 4985 15.
1527 4933 1610 5002 2).
1647 4934 1711 4988 Et
1750 4937 1857 4989 ite-

259 5031 377 5069 rum
408 5034 421 5070 :
449 5015 628 5070 Radix
652 5033 879 5070 omnium
909 5020 1167 5074 malorum
1194 5021 1493 5076 estacaritia
1521 5064 1533 5083 ,
1563 5040 1715 5090 quam
1737 5026 1853 5095 qui—

238 5109 376 5161 dam
428 5119 719 5176 appetentes
750 5121 1038 5161 erraverunt
1070 5128 1101 5161 α
1126 5110 1228 5177 [ide
1256 5112 1331 5181 (l.
1360 5112 1493 5165 Tim.
1519 5114 1572 5169 6.
1606 5116 1693 5184 10)
1727 5134 1739 5176 ;
1777 5126 1824 5169 el

258 5200 355 5266 Qui
383 5200 549 5269 diligit
580 5216 677 5261 me,
701 5200 941 5252 mandata
973 5218 1080 5254 mea
1105 5199 1317 5255 servabit.
1344 5205 1360 5272 (
1376 5203 1536 5260 Joatt.
1588 5207 1675 5260 H.
1724 5209 1847 5275 15).

257 5293 493 5355 Quorum
522 5294 758 5343 omnium
802 5301 960 5359 caput
989 5304 1071 5345 est
1100 5311 1110 5345 :
1144 5292 1336 5364 Diliges
1363 5294 1641 5351 Dominum
1688 5298 1851 5353 Deum

258 5391 421 5441 tuum,
454 5391 498 5434 et
548 5386 838 5450 proximum
873 5394 1014 5434 tuum
1044 5385 1172 5436 sicut
1227 5388 1460 5455 teipsum.
1494 5387 1548 5441 Si
1578 5404 1705 5457 ergo
1730 5390 1850 5444 dili-

259 5488 382 5540 gere
409 5473 593 5534 lleum,
621 5472 844 5543 diligere
876 5476 1177 5541 proximum
1206 5487 1289 5530 est
1332 5477 1476 5547 (nam
1505 5480 1608 5533 ait:
1646 5482 1851 5535 Sidilis

258 5566 332 5634 gis
358 5582 451 5628 me,
484 5563 651 5627 Patre,
682 5584 827 5631 posui
850 5583 960 5619 ωτι
983 5584 1117 5620 meas
1138 5567 1313 5639 [leam
1343 5573 1434 5627 21.
1461 5572 1598 5647 16]),
1627 5575 1849 5646 diligere

256 5667 433 5714 autem
457 5658 753 5724 proximum
786 5660 903 5723 laci;
932 5668 986 5710 ut
1014 5659 1255 5713 inundata
1287 5666 1708 5734 custodias,jure
1734 5668 1805 5721 ait
1832 5686 1844 5722 :

257 5747 345 5800 ιω.
370 5744 435 5799 1η
459 5748 535 5800 his
561 5756 662 5799 tota
688 5748 771 5800 lea:
795 5750 973 5813 pendet
996 5758 1041 5800 et
1066 5751 1341 5823 propheta.
1370 5752 1495 5808 Ideo
1524 5759 1662 5826 quod
1690 5770 1847 5816 antea

265 5837 406 5897 fecit,
473 5839 521 5892 id
577 5847 629 5888 ut
676 5852 814 5891 num
849 5838 987 5890 εκιρξι.
1023 5839 1227 5893 Eietthn
1273 5842 1342 5896 ihi
1387 5845 1741 5917 interrogatus
1781 5851 1847 5907 de

586 5938 861 5997 Patras,
916 5941 1025 5996 {371.
1085 5942 1303 6001 LVI“.

1971 2536 2131 2591 modo
2151 2533 2595 2599 resurrectionis,
2619 2533 2796 2605 ipsam
2824 2534 3279 2590 .esurrectionem
3306 2532 3567 2603 asseruit,

1970 2630 2123 2704 plura
2146 2628 2351 2683 docens
2376 2642 2543 2698 quam
2565 2624 2747 2681 fuerat
2776 2627 3149 2698 interrogatus
3170 2644 3188 2682 :
3211 2635 3265 2682 et
3290 2627 3377 2681 hic
3397 2625 3567 2682 etiam

1966 2735 2035 2785 de
2063 2728 2237 2801 primo
2266 2728 2650 2798 interrogatus,
2688 2722 2985 2783 secundum
3017 2727 3230 2792 recitat,
3269 2726 3442 2797 primo
3464 2744 3577 2784 non

1967 2819 2193 2876 multum
2241 2818 2462 2874 inierim
2513 2817 2830 2889 (secundum
2875 2818 3019 2873 enim
3063 2828 3175 2884 est,
3200 2828 3256 2875 et
3284 2819 3458 2890 primo
3504 2822 3579 2874 si-

1968 2911 2149 2981 mile),
2176 2909 2530 2966 subindicans
2557 2910 2710 2980 ipsis,
2740 2909 2885 2966 unde
2914 2911 3268 2982 interrogatio
3293 2911 3429 2966 facta
3458 2912 3526 2967 sit
3555 2952 3593 2979 ,.

1968 3018 2169 3074 nempe
2208 3019 2274 3059 ex
2322 3002 2630 3057 inimicitia.
2687 3000 2893 3057 Caritas
2944 3004 3090 3058 enim
3149 3021 3254 3058 non
3301 3004 3597 3070 tumulatur,

1971 3096 2049 3166 (1.
2082 3094 2201 3149 Cor.
2231 3094 2321 3150 i5.
2353 3095 2433 3161 4).
2464 3093 2600 3148 [line
2638 3107 2699 3148 se
2729 3094 2966 3149 ostendit
2990 3104 3046 3148 et
3070 3094 3173 3163 legi
3204 3105 3258 3151 el
3293 3095 3575 3167 prophetis

1962 3186 2209 3257 obsequi.
2240 3185 2347 3241 Sed
2375 3200 2474 3239 cur
2500 3183 2783 3239 Hatthazus
2812 3184 2908 3251 ait,
2940 3185 3112 3254 ipsum
3145 3187 3383 3242 tentandi
3411 3203 3574 3243 causa

1966 3277 2350 3347 interrogasse,
2365 3276 2574 3331 Marcus
2586 3290 2714 3331 vero
2725 3276 2957 3331 contra?
2987 3274 3192 3341 Videns,
3214 3276 3405 3348 inquit,
3421 3277 3576 3334 Iesus

1964 3370 2087 3441 quia
2111 3368 2368 3443 sapienter
2395 3367 2760 3439 respondisset,
2791 3368 2914 3421 dicit
2952 3367 3070 3432 illi,
3104 3367 3225 3422 Non
3254 3369 3403 3441 longe
3446 3387 3499 3424 es
3542 3388 3576 3423 κ

1965 3480 2121 3533 regno
2140 3460 2546 3535 Dei(ﬂarc.12.
2568 3458 2680 3532 54).
2698 3459 2886 3530 Neque
2907 3470 3086 3515 tamen
3114 3460 3456 3524 dissentiunt.
3478 3466 3573 3520 sed

1965 3558 2252 3626 admodum
2278 3572 2523 3611 consona
2551 3556 2758 3611 dicunt.
2780 3556 3055 3628 Interroga
3067 3557 3141 3611 vit
3165 3558 3314 3612 enim
3362 3568 3575 3614 tentans

1966 3664 1994 3703 a
2027 3650 2321 3719 principio;
2349 3663 2378 3701 a
2407 3647 2764 3717 responsione
2814 3658 2991 3702 autem
3019 3648 3216 3719 aliquid
3258 3660 3446 3723 uacuis
3472 3652 3573 3705 uti-

1964 3740 2152 3805 litatis,
2177 3738 2427 3794 laudatus
2445 3752 2548 3793 cat.
2570 3738 2756 3807 Neque
2774 3740 2917 3795 enim
2948 3739 3107 3797 initio
3124 3738 3300 3809 ipsum
3317 3726 3569 3797 Christus

1966 3830 2203 3885 laudavit
2234 3846 2246 3881 2
2276 3830 2371 3885 sed
2412 3829 2629 3900 quando
2679 3830 2815 3884 dixit
2842 3827 3025 3885 aniare
3056 3832 3363 3901 proximum
3398 3834 3573 3903 majus

1966 3936 2088 3978 esse
2112 3936 2272 3992 quam
2304 3916 2614 3976 holocausta
2646 3920 2864 3987 oll'erre,
2901 3931 3027 3977 tunc
3056 3922 3190 3977 dixit
3216 3940 3228 3975 :
3262 3922 3385 3978 Non
3423 3926 3574 3997 longe

1963 4031 2017 4071 es
2042 4032 2074 4068 a
2101 4031 2255 4086 regno
2285 4012 2421 4067 Dei:
2448 4013 2673 4068 humilia
2700 4014 2843 4069 enim
2877 4026 2933 4069 et
2960 4014 3165 4083 abiecta
3208 4014 3517 4087 despiciens
3545 4062 3560 4082 ,

1964 4107 2284 4179 principium
2314 4107 2528 4162 virtutis
2573 4107 2806 4178 attingit.
2841 4107 3056 4163 Etenim
3112 4108 3201 4163 illa
3232 4110 3415 4165 omnia
3441 4126 3571 4181 [ποτ

1966 4209 2091 4272 pter
2111 4199 2213 4254 hoc
2240 4209 2417 4263 erant,
2440 4197 2661 4253 sabbata
2692 4212 2887 4268 nempe
2913 4208 2969 4253 et
2997 4199 3224 4271 reliqua.
3255 4200 3451 4256 Verum
3478 4218 3572 4256 nc-

1962 4307 2068 4363 que
2094 4290 2174 4348 sic
2198 4291 2275 4345 illi
2307 4288 2599 4361 perfectam
2627 4290 2839 4344 laudem
2871 4290 3059 4346 tribuit
3082 4331 3097 4353 ,
3126 4292 3222 4347 sed
3247 4293 3333 4347 cui
3365 4292 3567 4363 aliquid

1962 4385 2122 4441 desit.
2150 4383 2286 4439 Nam
2308 4399 2432 4439 cum
2457 4383 2678 4451 dicitur,
2710 4382 2834 4449 Non
2866 4386 3019 4455 longe
3043 4400 3115 4449 es,
3144 4384 3451 4440 declaratur
3467 4386 3569 4441 ali-

1962 4480 2089 4549 quid
2119 4480 2295 4536 adhuc
2349 4481 2625 4538 interstitii
2676 4496 2816 4545 esse,
2850 4481 3077 4552 utquod
3132 4483 3565 4553 delicitqumrat.

1961 4574 2114 4641 Quod
2139 4575 2183 4629 si
2218 4574 2365 4628 illum
2395 4574 2580 4629 laudet
2612 4574 2753 4645 quod
2780 4573 2997 4639 dixerit,
3035 4574 3179 4630 Unus
3207 4587 3279 4630 est
3312 4575 3481 4641 Deus,
3515 4590 3565 4631 et

1962 4675 2145 4735 printer
2174 4682 2287 4720 eum
2328 4682 2430 4719 non
2479 4677 2553 4720 est
2601 4666 2733 4721 alius
2758 4667 2777 4736 (
2802 4664 2938 4719 Ibid.
2967 4681 3014 4719 υ.
3045 4666 3115 4721 52
3141 4669 3179 4735 ),
3200 4683 3271 4723 ne
3298 4668 3510 4723 mireris
3539 4686 3556 4734 ;

1960 4758 2055 4814 sed
2082 4758 2241 4813 etiam
2275 4759 2400 4814 inde
2426 4759 2599 4825 disce,
2632 4761 2904 4830 quomodo
2930 4760 3227 4816 secundum
3255 4762 3566 4831 opinionem

1958 4850 2326 4905 accedentium
2360 4852 2704 4920 reSpondeat.
2740 4852 2849 4906 Etsi
2885 4852 3029 4905 enim
3058 4852 3222 4907 millia
3254 4852 3321 4907 de
3348 4852 3566 4909 Christo

1956 4940 2141 4997 dicant
2165 4942 2336 5012 gloria
2368 4942 2512 4997 illius
2543 4944 2783 5015 indigna,
2824 4945 2873 4997 id
2904 4954 3081 4999 tamen
3110 4946 3293 5001 dicere
3318 4962 3424 5002 non
3461 4963 3561 5002 au—

1958 5030 2199 5097 debunt,
2251 5033 2426 5100 ipsum
2471 5033 2696 5089 omnino
2746 5051 2851 5088 non
2906 5049 3027 5090 esse
3072 5034 3264 5091 Deum.
3295 5036 3405 5092 Cur
3431 5054 3564 5109 ergo

1835 5160 1873 5187 ν,
1959 5124 2134 5191 ipsum
2185 5124 2368 5180 laudat
2412 5127 2559 5195 quod
2592 5128 2737 5181 dicat
2766 5138 2966 5199 prmter
3018 5128 3230 5184 Patrem
3280 5146 3386 5185 non
3441 5148 3564 5187 esse

1956 5218 2118 5270 alium
2148 5218 2361 5273 Deum?
2395 5219 2510 5272 Non
2540 5220 2944 5289 quod-scipsum
2987 5236 3093 5275 nou
3126 5238 3247 5278 esse
3278 5224 3447 5279 Deum
3482 5226 3561 5277 fa-

1956 5316 2132 5381 teatur
2158 5328 2168 5361 :
2195 5309 2364 5377 absit;
2394 5312 2485 5366 sed
2516 5314 2637 5382 quia
2676 5314 2914 5367 nondum
2974 5324 3186 5385 tempus
3231 5326 3349 5372 erat
3391 5333 3546 5373 reve-

1958 5400 2101 5453 landi
2159 5402 2496 5457 divinitatem
2528 5419 2679 5458 suam
2703 5448 2717 5468 ,
2748 5407 2876 5459 sinit
2916 5422 3038 5460 eum
3072 5405 3125 5461 in
3156 5423 3255 5463 suo
3307 5408 3561 5480 dogmate

1958 5493 2267 5559 persistere,
2309 5504 2364 5547 ct
2395 5494 2577 5549 laudat
2601 5512 2722 5549 cum
2765 5497 2904 5565 quod
2936 5509 3115 5553 vetera
3156 5500 3324 5568 probe
3353 5516 3551 5571 cogno-

1954 5592 2089 5645 scat,
2123 5594 2178 5637 ttt
2210 5585 2359 5638 illum
2389 5586 2577 5641 reddat
2616 5587 2867 5641 idoneum
2900 5590 2962 5643 ad
2999 5606 3151 5643 nova:
3180 5591 3315 5660 legis
3360 5590 3557 5645 doctri—

1963 5683 2077 5728 nm
2110 5675 2503 5743 suscipiendam
2532 5717 2545 5740 ,
2576 5693 2675 5731 suo
2725 5688 2966 5747 tempore
2994 5680 3370 5737 inducendam.
3405 5682 3554 5736 Alio-

1954 5763 2082 5832 quin
2110 5779 2236 5818 vero
2268 5766 2397 5821 illud
2430 5809 2443 5831 ,
2482 5768 2628 5823 Unus
2658 5780 2731 5825 est
2783 5771 2953 5839 Deus,
2985 5783 3029 5825 et
3067 5786 3252 5844 printer
3283 5758 3397 5830 euut
3448 5792 3552 5829 nou

1961 5864 2035 5909 est
2060 5855 2219 5921 alius,
2251 5865 2303 5911 ct
2329 5858 2380 5910 in
2418 5858 2629 5926 Veteri,
2664 5872 2711 5916 et
2748 5864 2965 5934 ultique,
3016 5872 3122 5920 non
3151 5868 3217 5917 ad
3248 5866 3552 5935 negandum

3174 5965 3247 6024 13
