4074 6434
571 403 678 459 08³5

574 517 768 572 Filium
798 514 1011 577 dicitur,
1040 511 1132 567 sed
1156 512 1220 567 ad
1252 513 1616 568 exclusionem
1639 510 1924 565 idolorum.
1972 506 2152 575 Itaque

570 624 691 662 eum
722 606 864 660 illum
893 603 962 657 ita
987 605 1292 674 loquentem
1323 602 1520 666 laudat,
1556 601 1657 656 hoc
1683 609 1828 654 certe
1858 611 2016 652 sensu
2045 597 2156 648 lau-

573 702 682 754 dat.
707 697 910 754 Deinde
938 706 1214 766 postquam
1235 696 1532 766 reSpondit,
1565 695 1676 763 ipse
1693 706 1901 761 quoque
1930 691 2157 742 interro-

576 801 700 860 gat:
734 789 822 844 42.
855 789 988 854 Quid
1019 788 1155 841 vobis
1201 789 1394 840 videtur
1441 787 1503 839 de
1540 783 1782 840 Christo?
1836 782 1980 851 cujus
2021 779 2157 848 ﬁlius

572 890 644 933 est
663 881 686 933 .’
708 878 890 932 Dicunt
906 879 970 940 ei,
997 878 1177 930 David.
1203 877 1331 931 Vide
1349 885 1467 943 post
1492 886 1621 945 quot
1639 873 1891 927 miracula
1913 879 1959 925 et
1985 871 2153 938 signa,

576 983 697 1044 post
723 984 851 1043 quot
875 972 1342 1041 interrogalimies,
1373 978 1492 1039 post
1519 977 1648 1036 quot
1676 971 1989 1034 argumenta
2019 977 2149 1034 con-

572 1067 768 1122 cordia:
801 1082 912 1120 sua:
933 1081 1052 1119 cum
1088 1065 1262 1126 Patre,
1305 1075 1414 1116 tum
1446 1061 1644 1124 verbis,
1678 1069 1788 1113 tum
1832 1057 1980 1112 faelis
2006 1056 2157 1111 exhi-

577 1160 686 1215 bita
709 1200 722 1225 ,
773 1168 828 1213 et
876 1167 1158 1230 postquam
1189 1153 1422 1208 laudavit
1452 1153 1612 1207 istum
1639 1151 1727 1221 qui
1758 1150 1966 1205 dixerat
1993 1162 2154 1203 unum

573 1263 695 1304 esse
721 1247 907 1310 Deum,
941 1255 1068 1300 tunc
1095 1246 1408 1312 interroget,
1430 1257 1496 1295 ne
1515 1241 1692 1295 dicere
1719 1248 1951 1309 possent,
1984 1237 2155 1307 ipsum

580 1339 838 1393 miracula
869 1337 1082 1407 quidem
1108 1335 1318 1398 fecisse,
1344 1334 1436 1388 sed
1470 1333 1568 1400 legi
1606 1331 1932 1385 contrarium
1962 1341 2016 1384 et
2048 1328 2157 1383 Deo

577 1432 852 1487 inimicum
878 1430 1059 1486 fuisse.
1093 1430 1216 1485 Ideo
1239 1438 1358 1497 post
1386 1431 1501 1483 haec
1528 1435 1668 1480 tanta
1705 1425 2020 1494 interrogat,
2050 1436 2159 1475 oc—

581 1525 723 1579 culte
748 1524 869 1578 illos
900 1522 1158 1578 inducens
1189 1531 1246 1575 ut
1298 1535 1355 1584 se
1386 1520 1772 1574 conliterentur
1797 1531 1917 1571 esse
1966 1515 2153 1568 Deum.

574 1613 646 1668 Et
687 1613 976 1684 discipulos
1017 1613 1247 1682 primum
1288 1611 1413 1682 quid
1464 1611 1551 1665 alii
1594 1608 1662 1664 de
1700 1622 1781 1675 se,
1810 1607 2002 1662 deinde
2030 1605 2158 1677 quid

573 1705 676 1774 ipsi
704 1704 961 1770 dicerent,
992 1703 1379 1773 interrogavit;
1411 1701 1510 1756 hos
1535 1708 1712 1755 autem
1743 1714 1849 1753 non
1880 1699 1991 1760 sic;
2017 1697 2154 1752 alio-

574 1797 703 1867 quin
730 1796 986 1851 dixissent
1015 1797 1160 1850 illum
1211 1795 1548 1850 seductorem
1576 1807 1695 1848 esse
1725 1798 1779 1846 et
1807 1789 2104 1859 improbum
2139 1829 2154 1854 ,

574 1889 694 1957 quia
724 1888 981 1944 audacter
1011 1888 1192 1943 omnia
1218 1887 1485 1943 dicebant.
1526 1885 1755 1956 Ideoque
1777 1885 2012 1955 ipsorum
2030 1896 2157 1937 sen-

576 1977 795 2032 tentiam
829 1978 1067 2048 inquirit.

642 2067 700 2122 2.
729 2067 953 2122 Christus
997 2068 1308 2122 divinitatem
1344 2083 1488 2122 suam
1537 2067 1733 2136 probat.
1761 2094 1832 2107 —-
1853 2065 1983 2133 Quia
2015 2063 2156 2119 enim

572 2157 640 2212 a‘d
668 2159 967 2227 passionem
1001 2157 1109 2226 jam
1150 2158 1321 2212 iturus
1351 2165 1487 2222 erat,
1539 2157 1682 2210 illam
1743 2155 1898 2210 atlert
1928 2155 2156 2225 prophe-

575 2250 702 2304 tiam
731 2291 745 2314 ,
798 2265 916 2319 qua:
970 2249 1144 2319 ipsum
1175 2259 1358 2318 aperte
1403 2248 1680 2302 Dominum
1725 2247 2014 2316 prredieat;
2049 2262 2152 2299 non

574 2343 692 2396 sine
722 2357 879 2396 causa
910 2383 924 2406 ,
974 2357 1144 2414 neque
1176 2342 1440 2411 praecipue
1466 2339 1531 2394 ad
1560 2338 1610 2393 id
1641 2354 1700 2394 se
1725 2339 2025 2401 conferens,
2058 2335 2153 2391 sed

574 2448 640 2486 ex
676 2447 834 2486 causa
868 2433 1057 2486 rationi
1090 2439 1472 2486 consentanea.
1511 2431 1640 2484 Cum
1671 2430 1811 2482 enim
1848 2429 1968 2482 illos
2015 2429 2159 2496 prior

575 2523 995 2592 interrogasset,
1051 2524 1174 2593 quia
1212 2538 1350 2585 _vera
1387 2521 1456 2576 de
1501 2535 1558 2574 se
1613 2536 1716 2574 non
1775 2520 2159 2588 responderant

580 2614 726 2681 (nam
770 2630 956 2684 purum
989 2613 1262 2668 hominem
1303 2613 1475 2682 ipsum
1504 2627 1624 2666 esse
1650 2608 1940 2678 dixerant),
1975 2609 2156 2662 falsam

575 2707 787 2760 illorum
813 2706 1124 2782 opinionem
1149 2713 1414 2768 evertens,
1445 2704 1524 2759 sic
1564 2701 1813 2756 Doridem
1848 2700 2047 2754 inducit
2071 2698 2157 2753 di-

571 2797 848 2851 viuitatem
892 2812 1042 2850 suam
1075 2796 1473 2865 praedicantem.
1533 2792 1609 2846 Illi
1641 2806 1868 2862 namque
1901 2790 2158 2861 putabant

573 2889 745 2956 ipsum
772 2903 891 2942 esse
920 2902 1106 2957 purum
1136 2885 1406 2940 hominem
1429 2925 1444 2949 ,
1477 2884 1703 2952 ideoque
1728 2883 1998 2950 dixerunt,
2046 2881 2156 2935 Da-

572 2980 659 3033 vid
688 2995 705 3032 :
729 2978 843 3047 ipse
870 2994 997 3032 vero
1041 2977 1141 3032 hoc
1169 2976 1462 3031 cmendans
1488 2975 1704 3029 adducit
1727 2975 2064 3044 prophetam,
2102 2983 2157 3027 et

573 3068 853 3122 Dominum
882 3069 1078 3138 ipsum,
1113 3077 1169 3121 et
1203 3082 1514 3137 germanum
1549 3066 1734 3128 tilium,
1768 3074 1822 3119 et
1852 3065 1997 3134 paris
2025 3079 2148 3118 cum

571 3157 728 3212 Patre
764 3157 983 3212 honoris
1013 3173 1134 3212 esse
1166 3158 1562 3212 testiﬁcanlem.
1610 3157 1792 3226 Neque
1826 3157 1915 3212 hic
1961 3157 2153 3211 subsu-

573 3237 672 3310 tit';
717 3249 812 3302 sed
842 3259 900 3302 ut
927 3248 1048 3302 illos
1083 3258 1332 3313 terreret,
1365 3246 1506 3315 quod
1559 3249 1798 3317 sequitur
1823 3248 2036 3316 adjecit,
2069 3249 2152 3302 di-

571 3353 700 3392 rens
732 3356 743 3390 :
777 3337 950 3392 Donec
993 3355 1177 3407 ponam
1233 3339 1464 3392 inimicos
1506 3348 1617 3392 tuos
1654 3338 1928 3393 scabellum
1973 3339 2156 3410 pedum

572 3439 807 3492 tuorum;
852 3430 1010 3484 utsic
1054 3429 1174 3483 illos
1201 3430 1265 3483 ad
1294 3445 1478 3484 veram
1522 3429 1882 3499 cognitionem
1934 3429 2155 3484 induce-

573 3529 675 3576 ret.
709 3519 784 3574 Ne
812 3535 937 3576 vero
958 3520 1204 3575 dicerent
1227 3561 1240 3583 .
1271 3521 1444 3590 ipsum
1472 3520 1738 3575 adulando
1767 3520 1880 3575 hare
1923 3521 2152 3587 dixisse,

569 3622 622 3667 ct
654 3613 790 3669 hanc
817 3615 1137 3669 sententiam
1171 3614 1455 3668 humanam
1502 3628 1620 3668 esse
1641 3653 1655 3679 ,
1689 3611 1809 3669 vide
1829 3613 1955 3683 quid
1984 3613 2146 3669 dicat.

569 3706 661 3759 45.
699 3705 964 3771 Quomodo
997 3722 1113 3775 ergo
1141 3703 1310 3758 David
1351 3705 1403 3757 in
1453 3705 1637 3774 spiritu
1667 3713 1810 3758 vocat
1834 3720 1947 3758 eum
1978 3703 2154 3756 Domi-

572 3812 718 3858 num,
745 3795 915 3849 dicens
940 3811 954 3850 τ
981 3796 1072 3849 44.
1098 3794 1242 3849 Dixit
1268 3793 1524 3849 Dominus
1561 3793 1780 3850 Domino
1808 3812 1938 3856 mea.
1965 3795 2098 3850 Sede
2121 3813 2154 3848 α

569 3887 761 3940 dextris
787 3887 932 3950 meis,
961 3885 1119 3938 donec
1149 3870 1335 3953 ponam
1375 3886 1605 3940 inimicos
1633 3896 1744 3940 tuos
1767 3885 2036 3940 scabellum
2065 3905 2153 3955 pe-

568 3980 691 4031 dum
722 3987 924 4032 tuorum
949 3977 1119 4046 (Psal.
1155 3977 1277 4033 I09.
1310 3979 1365 4046 1)
1389 3979 1410 4030 ?
1437 3977 1527 4033 45.
1559 3977 1620 4031 Si
1643 3995 1764 4048 ergo
1797 3977 1962 4031 David
2009 3987 2152 4031 vocat

567 4084 681 4120 eum
708 4067 1020 4133 Dominum,
1052 4069 1302 4134 quomodo
1329 4068 1469 4132 ﬁlius
1518 4070 1630 4137 ejus
1681 4068 1797 4121 est?
1829 4067 1962 4122 Vide
1991 4085 2151 4135 quam

573 4157 852 4213 moderate
878 4160 1196 4213 sententiam
1224 4169 1277 4213 et
1322 4158 1627 4227 Opinionem
1657 4160 1725 4214 de
1764 4174 1822 4214 se
1853 4159 2149 4214 habendam

571 4250 808 4306 inducat.
841 4251 1022 4305 Primo
1052 4251 1205 4314 dixit,
1240 4251 1376 4317 Quid
1404 4252 1540 4304 vobis
1571 4251 1813 4307 videtur?
1848 4254 1993 4320 cuius
2009 4255 2145 4320 ﬁlius

571 4341 774 4396 est.’ut
821 4357 914 4411 per
963 4341 1430 4411 interrogationem
1481 4341 1548 4396 ad
1592 4343 1996 4412 responsionem
2026 4345 2145 4399 illos

571 4431 818 4486 adducat.
849 4431 1049 4487 Deinde
1076 4433 1196 4501 quia
1223 4431 1492 4495 dixerant,
1527 4430 1712 4496 David,
1746 4432 1858 4487 huic
1893 4434 2144 4503 loquitur.

565 4523 658 4578 sed
677 4539 861 4578 rursus
888 4524 1261 4593 interrogando
1290 4542 1301 4576 :
1322 4523 1587 4591 Quomodo
1605 4540 1721 4595 ergo
1741 4524 1906 4579 Dauid
1923 4527 1972 4577 in
1991 4527 2147 4595 spiri-

567 4627 620 4667 tu
651 4626 791 4669 rocat
835 4633 946 4669 eam
974 4615 1296 4670 Dominum?
1325 4630 1390 4671 ne
1407 4617 1611 4671 scilicet
1649 4616 1731 4672 his
1778 4618 1954 4673 verbis
1974 4619 2145 4673 oII'en-

564 4704 779 4759 dantur.
810 4706 932 4761 Ideo
953 4721 1057 4760 non
1073 4706 1225 4772 dixit,
1248 4707 1372 4776 quid
1403 4707 1556 4762 vobis
1575 4707 1784 4762 videtur
1798 4709 1864 4764 de
1883 4725 1996 4775 me;
2027 4712 2143 4776 sed,

564 4795 643 4848 De
670 4794 888 4850 Christo.
910 4795 1109 4851 Idcirco
1128 4800 1349 4868 apostoli
1377 4802 1598 4854 remisse
1627 4799 1696 4855 de
1726 4802 2021 4871 patriarcha
2044 4803 2145 4857 Da-

564 4890 684 4943 vide
712 4889 1064 4959 loquebantur
1086 4891 1328 4946 dicentes
1352 4908 1366 4945 :
1400 4892 1570 4946 Liceat
1596 4895 1747 4949 libere
1771 4897 1936 4951 dicere
1957 4899 2019 4950 de
2048 4915 2145 4967 pa-

564 4981 782 5035 triarcha
803 4980 991 5049 Dauid,
1013 4984 1130 5052 quia
1146 4993 1372 5036 mortuus
1389 4995 1437 5037 et
1463 4987 1684 5056 sepultus
1701 4998 1770 5042 est
1794 4990 1810 5057 (
1818 4989 1927 5042 Act.
1953 4989 2007 5042 2.
2027 4989 2140 5059 29).

561 5071 818 5128 Similiter
855 5083 910 5128 et
954 5075 1086 5145 ipse.
1114 5076 1264 5144 quasi
1297 5075 1670 5148 interrogantis
1697 5091 1750 5134 et
1778 5082 2144 5138 ratiocinantis

565 5179 733 5226 more,
761 5164 951 5234 dogma
979 5167 1180 5221 inducit
1214 5166 1432 5223 dicens:
1459 5167 1721 5233 Quomodo
1750 5187 1866 5242 ergo
1906 5171 2071 5224 David
2092 5174 2144 5227 in

565 5258 745 5325 spiritu
789 5269 930 5311 vocat
977 5277 1089 5313 eum
1138 5258 1438 5324 Dominum,
1481 5262 1651 5316 dicens
1681 5278 1698 5316 :
1725 5261 1866 5318 Dixit
1895 5263 2142 5320 Dominus

565 5347 784 5402 Domino
809 5367 936 5415 meo,
965 5349 1098 5404 Sede
1125 5369 1156 5404 α
1179 5354 1368 5406 dextris
1395 5353 1535 5416 meis,
1573 5353 1731 5407 donec
1760 5371 1944 5424 ponam
1973 5357 2143 5408 inimi-

563 5455 647 5489 cos
679 5448 790 5490 tuos
811 5439 1078 5492 scabellum
1111 5441 1294 5509 pedum
1326 5452 1527 5494 tuorum
1548 5443 1574 5496 Γ
1601 5453 1652 5497 et
1675 5460 1907 5510 rursum,
1938 5442 2000 5500 Si
2024 5462 2139 5518 ergo

568 5529 731 5580 David
762 5539 902 5581 vocat
931 5546 1041 5582 eunt
1073 5530 1366 5599 Dominum,
1408 5535 1655 5603 quomodo
1703 5536 1839 5602 ﬁlius
1887 5537 1995 5606 ejus
2019 5547 2089 5590 est
2113 5537 2140 5592 Ρ

560 5635 662 5672 non
694 5620 833 5689 quod
865 5632 1017 5690 neget
1049 5638 1164 5677 esse
1192 5624 1354 5678 lilium
1387 5625 1624 5692 Davidis;
1651 5627 1784 5682 absit
1813 5646 1826 5695 ;
1862 5644 1966 5683 non
1999 5631 2138 5685 enim

566 5710 773 5765 I’ctrum
805 5711 902 5766 hac
930 5713 994 5766 de
1023 5727 1179 5768 causa
1205 5715 1562 5786 incri'paSSet;
1592 5717 1685 5772 sed
1717 5720 1924 5773 illorum
1953 5736 2138 5775 cmen-

563 5800 693 5852 dans
723 5803 1046 5868 opinionem.
1084 5803 1260 5874 Itaque
1293 5806 1501 5875 quando
1530 5807 1675 5879 dicit,
1708 5810 1971 5878 Quomodo
1995 5812 2135 5882 ﬁlius

1351 397 1403 452 S.
1443 395 1718 452 JllANNIS
1755 385 2234 449 CIIIIYSOSTOIII
2280 387 2593 447 AIICIIIEP.
2637 390 3170 448 CONSTANTINOP.

3741 392 3855 450 σαι

2267 506 2372 573 ejus
2398 505 2511 558 cst?
2534 507 2634 561 hoc
2660 507 2758 560 sibi
2792 507 2902 561 vult
2936 524 2948 560 :
2978 507 3095 562 Non
3122 516 3179 561 ut
3201 521 3292 563 vos
3313 506 3510 563 dIl'IlIS.
3543 507 3619 563 illi
3648 508 3857 580 quippe

2263 594 2507 649 dicebant
2531 638 2543 657 .
2579 597 2748 666 ipsum
2777 612 2897 652 esse
2927 608 3127 651 tantum
3163 598 3378 652 Davidis
3400 599 3588 661 lilium,
3611 612 3720 653 non
3741 599 3857 653 Do‘

2265 687 2484 739 minum.
2522 687 2646 741 Post
2675 689 2892 742 allatum
2932 690 3291 744 testimonium
3343 692 3567 745 remisse
3615 690 3802 761 adjicit
3839 708 3856 746 :

2265 777 2327 832 Si
2351 796 2467 848 ergo
2490 778 2659 834 David
2681 792 2820 834 vocat
2847 799 2958 836 cun:
2973 782 3272 850 Dominum,
3295 789 3548 858 quomodo
3571 787 3714 854 ﬁlius
3735 801 3860 856 (jttl

2263 871 2371 923 est?
2399 871 2645 928 Attamen
2692 873 2774 928 his
2803 874 3016 941 auditis,
3073 875 3200 931 nihil
3241 879 3670 949 responderunt:
3699 881 3858 934 nole-

2265 958 2392 1013 hant
2441 962 2582 1016 enim
2625 963 2895 1033 quidpiam
2935 978 3353 1024 consentaneum
3406 969 3668 1026 ediscere.
3701 971 3854 1039 Qua-

2265 1060 2482 1119 pr0ptcr
2513 1053 2625 1122 ipse
2672 1055 3172 1126 subjungitdieens,
3223 1059 3503 1114 Dominum
3532 1063 3650 1130 ejus
3702 1078 3852 1117 esse.

2263 1141 2376 1197 Imo
2405 1159 2581 1215 neque
2607 1145 2708 1202 hoc
2737 1146 2982 1204 absolute
3005 1150 3159 1215 dixit,
3198 1152 3290 1205 sed
3319 1153 3634 1221 prophetam
3662 1167 3855 1208 secum

2263 1249 2584 1305 assumens,
2614 1253 2680 1294 eo
2731 1240 2868 1310 quod
2913 1241 3010 1310 ipsi
3044 1241 3200 1297 tidem
3234 1243 3431 1296 nullam
3480 1242 3742 1298 haberent
3795 1253 3856 1297 et

2263 1328 2400 1380 male
2426 1329 2562 1397 apud
2591 1330 2709 1384 illos
2735 1331 2960 1386 audiret.
2992 1331 3143 1398 Quod
3174 1333 3467 1403 praesertim
3497 1343 3802 1403 spectantes
3835 1375 3855 1399 ,

2263 1419 2472 1474 etiamsi
2513 1419 2639 1489 quid
2672 1421 2870 1476 humile
2899 1423 2980 1478 vel
3013 1424 3304 1478 demissum
3338 1424 3406 1480 de
3432 1439 3492 1480 se
3541 1425 3708 1488 dicat,
3741 1441 3853 1478 non

2263 1507 2458 1564 oliendi
2511 1520 2775 1580 Oportet:
2825 1513 2940 1568 hanc
2993 1516 3135 1568 enim
3183 1529 3342 1570 causa
3393 1525 3447 1570 et
3496 1516 3616 1570 alite
3665 1515 3856 1570 multa:

2265 1611 2437 1668 erant,
2467 1617 2564 1657 cur
2589 1603 2799 1659 illorqu
2849 1607 3027 1674 Captui
3056 1621 3335 1662 sermones
3364 1621 3494 1664 suos
3523 1617 3856 1676 attempera-

2269 1705 2373 1750 ret.
2409 1695 2534 1751 ideo
2565 1713 2707 1752 nunc
2737 1713 2832 1767 per
2857 1700 3323 1769 interrogationem
3362 1710 3414 1755 et
3438 1699 3854 1770 responsionem

2263 1786 2512 1857 dogmata
2544 1789 2738 1853 tradit;
2769 1789 2846 1844 sic
2870 1806 2998 1846 vero
3018 1791 3314 1846 subindicat
3335 1791 3646 1863 dignitatem
3668 1808 3849 1848 suam.

2264 1876 2384 1933 Non
2416 1879 2557 1934 enim
2590 1896 2686 1950 par
2729 1893 2845 1937 erat
2885 1883 3070 1937 audire
3102 1883 3407 1940 Iudaeorum
3438 1885 3744 1951 Dominum,
3793 1896 3852 1941 et

2265 1967 2498 2023 Davidis.
2528 1971 2605 2024 Tu
2641 1987 2767 2028 vero
2792 1972 2922 2027 mihi
2949 1974 3402 2042 opportunitatem
3433 1977 3592 2031 etiam
3623 1992 3854 2046 perpen-

2263 2059 2350 2114 de.
2385 2061 2518 2115 Cum
2547 2063 2686 2118 enim
2717 2064 2866 2129 dicit,
2895 2065 3045 2121 Unus
3075 2076 3156 2121 est
3186 2066 3465 2132 Dominus,
3509 2078 3634 2122 tunc
3687 2077 3744 2123 et
3781 2068 3855 2125 de

2264 2153 2442 2221 seipse
2474 2155 2725 2225 loquitur,
2760 2159 2880 2227 quia
2907 2159 3162 2214 Dominus
3189 2170 3291 2224 est.
3325 2159 3483 2230 idque
3510 2176 3573 2215 ex
3605 2162 3849 2230 prophe-

2264 2246 2353 2306 tia,
2384 2261 2557 2316 neque
2575 2257 2776 2304 tantum
2800 2264 2864 2304 ex
2890 2250 3160 2320 operibus.
3189 2251 3539 2322 Ostenditque
3554 2252 3766 2308 Patrem
3791 2268 3855 2309 se

2264 2337 2333 2392 de
2365 2339 2467 2394 illis
2489 2339 2877 2395 vindicaturum
2908 2356 3049 2405 esse,
3082 2343 3302 2398 dicens:
3333 2340 3503 2398 Donec
3530 2360 3716 2412 ponam
3745 2345 3851 2398 ini-

2265 2428 2418 2482 micos
2468 2440 2578 2485 tuos
2622 2433 2894 2487 scubellum
2947 2435 3129 2503 pedum
3156 2419 3410 2501 tuorum;
3443 2435 3662 2490 multam
3719 2436 3846 2492 inde

2268 2532 2574 2576 monstrans
2623 2537 2743 2578 cum
2793 2524 2951 2579 Patre
2981 2526 3320 2581 concordiam
3347 2541 3641 2597 paremque
3671 2525 3844 2582 bono-

2266 2629 2415 2667 rem:
2447 2614 2636 2684 hisque
2677 2615 2855 2672 verbis
2899 2616 3059 2672 ﬁnem
3099 2617 3396 2672 disserendi
3428 2618 3572 2684 fecit,
3604 2618 3747 2688 quod
3785 2629 3842 2673 et

2266 2704 2492 2759 sublime
2520 2715 2572 2758 et
2603 2721 2852 2774 magnum
2879 2716 3032 2772 erat,
3085 2717 3397 2780 poteratque
3428 2709 3531 2764 illis
3576 2710 3848 2765 silentium

2265 2797 2557 2866 imponere.
2584 2797 2714 2852 Nam
2747 2808 2801 2852 et
2828 2799 3020 2855 exinde
3047 2810 3347 2867 tacuerunt,
3375 2815 3480 2856 non
3503 2811 3718 2871 sponte,
3754 2802 3851 2858 sed

2262 2887 2403 2960 quod
2433 2890 2567 2944 nihil
2600 2890 2883 2946 dicendum
2913 2902 3222 2962 suppeteret
3253 2909 3267 2948 :
3296 2903 3351 2948 et
3379 2901 3486 2947 tam
3514 2910 3730 2965 gravem
3748 2910 3850 2950 ex-

2263 2995 2456 3052 cepere
2487 2982 2718 3052 plagam,
2750 2995 2804 3037 ut
2831 2999 2898 3038 ne
2929 2986 3064 3039 ultra
3086 2985 3272 3039 eadem
3300 2986 3516 3054 aggredi
3549 2986 3846 3051 auderent;

2262 3075 2335 3127 ait
2357 3073 2499 3128 enim
2534 3091 2549 3129 :
2579 3075 2668 3128 46.
2698 3073 2892 3128 Nullus
2917 3092 3069 3130 ausus
3096 3085 3170 3130 est
3219 3077 3281 3129 ab
3307 3076 3398 3131 illa
3424 3078 3508 3130 die
3546 3079 3714 3148 ipsum
3763 3094 3847 3130 m-

2264 3174 2538 3236 terrogare.
2601 3167 2733 3222 Illud
2767 3183 2897 3221 vero
2924 3167 3093 3222 turbis
3136 3185 3241 3222 non
3297 3185 3482 3237 parum
3535 3170 3664 3222 utile.
3706 3177 3846 3225 erat.

2261 3257 2492 3327 Ideoque
2510 3258 2573 3312 ad
2602 3257 2992 3312 multitudinem
3017 3259 3270 3329 deinceps
3293 3273 3596 3314 sermonem
3621 3274 3849 3315 conver-

2265 3350 2347 3414 tit,
2376 3349 2568 3404 arnotis
2597 3350 2759 3419 lupis,
2792 3352 3137 3420 ipsorumque
3165 3349 3370 3405 insidiis
3393 3351 3623 3420 rejectis.

2345 3485 2489 3540 Vana
2513 3488 2678 3558 gloria
2704 3497 2750 3541 et
2777 3504 2840 3542 ea:
2883 3489 3028 3542 malis
3054 3498 3100 3541 et
3136 3504 3200 3542 ea:
3227 3488 3370 3541 bonis
3396 3487 3678 3555 queritur;
3709 3487 3848 3541 ultra

2268 3578 2421 3630 vitam
2452 3579 2765 3632 extenditur.
2797 3608 2866 3619 —
2891 3578 2972 3633 Illi
3002 3578 3146 3632 enim
3179 3576 3310 3630 nihil
3338 3576 3464 3631 hinc
3512 3577 3642 3631 lucri
3674 3575 3848 3646 perci-

2265 3670 2513 3738 piebant,
2547 3686 2680 3724 vana
2703 3670 2867 3741 gloria
2896 3672 3059 3740 capti,
3094 3670 3145 3725 in
3177 3668 3426 3739 hancque
3451 3683 3670 3738 gravem
3704 3683 3846 3723 mor-

2259 3762 2384 3816 bum
2410 3762 2564 3830 lapsi.
2588 3761 2778 3819 Gravis
2802 3763 2944 3818 enim
2975 3771 3032 3818 et
3056 3761 3338 3832 multiceps
3367 3761 3584 3815 morbus
3605 3769 3687 3814 est
3717 3777 3730 3813 :
3755 3761 3847 3815 illo

2259 3854 2402 3907 enim
2429 3853 2571 3908 ducti
2617 3855 2704 3908 alii
2738 3853 3127 3923 principatum,
3173 3854 3262 3908 alii
3316 3853 3589 3924 pecunias,
3617 3851 3703 3906 alii
3745 3866 3845 3922 po-

2261 3947 2478 4000 tentiam
2524 3955 2721 4000 amant.
2759 3945 3080 4015 Progressus
3131 3953 3308 3999 autem
3364 3944 3583 3998 morbus
3627 3943 3750 4008 ille,
3779 3942 3845 3996 ad

2260 4037 2658 4106 clcemosynam
2683 4051 2849 4104 usque
2875 4037 3042 4102 venit,
3085 4035 3368 4104 jejunium,
3425 4034 3764 4102 precationes
3791 4042 3846 4088 et

2258 4129 2598 4194 doctrinam;
2645 4129 2916 4199 multaque
2959 4137 3084 4181 sunt
3134 4127 3290 4195 hujus
3337 4126 3462 4181 forte
3508 4125 3700 4195 capita.
3737 4125 3842 4182 Sed

2257 4221 2397 4292 quod
2421 4221 2487 4276 de
2508 4221 2626 4275 aliis
2656 4236 2846 4275 vanam
2874 4221 3095 4292 gloriam
3133 4229 3466 4288 aucupentur
3487 4259 3502 4284 ,
3552 4218 3684 4272 nihil
3739 4219 3842 4272 mi»

2258 4330 2371 4368 rum
2399 4330 2412 4378 ;
2441 4313 2580 4383 quod
2605 4324 2779 4367 autem
2806 4314 2873 4367 de
2895 4312 3095 4381 jejunio
3120 4320 3175 4366 et
3198 4311 3264 4365 de
3291 4310 3556 4377 oratione,
3590 4310 3691 4364 hoc
3712 4325 3843 4363 sane

2255 4406 2572 4474 stupendum
2586 4415 2639 4458 et
2667 4405 3140 4476 lacrymisdignum
3159 4413 3260 4458 est.
3285 4403 3390 4459 Sed
3411 4418 3475 4457 ne
3496 4403 3839 4457 criminemur

2257 4508 2460 4554 tantum
2486 4541 2500 4565 ,
2543 4513 2660 4569 age,
2694 4499 2910 4552 modum
2953 4497 3068 4564 ejus
3097 4495 3332 4565 fugiendi
3378 4494 3545 4549 morbi
3575 4493 3836 4547 dicamus.

2254 4591 2399 4659 Quos
2424 4606 2551 4662 ergo
2575 4591 2749 4661 primo
2776 4588 3184 4660 aggrediemur?
3208 4603 3274 4642 an
3303 4601 3396 4644 eos
3419 4586 3506 4657 qui
3523 4584 3593 4642 de
3612 4584 3838 4652 divitiis,

2256 4683 2338 4738 vel
2366 4682 2432 4738 de
2458 4683 2792 4738 vestimentis
2816 4681 3151 4753 gloriantur?
3181 4695 3248 4735 an
3277 4695 3372 4736 eos
3400 4678 3490 4749 qui
3519 4679 3588 4733 de
3637 4680 3841 4746 princi-

2254 4776 2424 4846 patu?
2453 4775 2539 4830 vel
2568 4790 2665 4829 eos
2685 4775 2773 4844 qui
2801 4774 2866 4828 de
2892 4774 3140 4828 doctrina
3165 4815 3180 4838 ,
3232 4773 3314 4826 vel
3341 4772 3432 4841 qui
3457 4771 3530 4836 de
3560 4785 3792 4840 corpore
3821 4811 3833 4835 ,

2255 4869 2336 4923 vel
2359 4869 2426 4924 de
2451 4868 2675 4934 artibus,
2701 4869 2783 4922 vel
2810 4867 2875 4923 de
2901 4866 3093 4933 forma,
3125 4867 3208 4921 vel
3237 4867 3305 4920 de
3331 4864 3702 4920 ornamentis?
3753 4863 3835 4917 vel

2251 4962 2338 5030 qui
2387 4962 2454 5016 de
2480 4960 2800 5016 crudelitate
2827 5003 2841 5026 ,
2874 4962 2954 5015 vel
3005 4962 3092 5031 qui
3145 4958 3211 5014 de
3267 4958 3616 5029 benignitate,
3645 4957 3729 5012 vel
3769 4958 3836 5011 de

2251 5052 2634 5122 cleemosyna?
2669 5051 2749 5106 vel
2792 5052 2881 5120 qui
2908 5050 2975 5104 de
3005 5050 3260 5119 nequitia,
3292 5049 3375 5103 vel
3397 5048 3484 5118 qui
3505 5047 3571 5101 de
3615 5045 3836 5101 morte?

2250 5144 2331 5196 vel
2381 5144 2471 5211 qui
2511 5144 2671 5196 etiam
2715 5151 2837 5212 post
2873 5152 3099 5196 mortem
3129 5156 3277 5193 vana:
3330 5139 3514 5208 gloria:
3544 5139 3673 5193 dant
3709 5153 3835 5205 ope-

2250 5235 2403 5288 ram?
2434 5233 2624 5288 Multas
2651 5234 2790 5288 enim
2814 5274 2829 5296 ,
2859 5241 2915 5286 ut
2941 5232 3074 5296 dixi,
3111 5232 3194 5285 hic
3225 5231 3445 5284 morbus
3468 5228 3835 5297 complicatio—

2250 5342 2346 5381 nes
2375 5326 2554 5388 habet,
2585 5327 2851 5395 etiamque
2897 5325 3034 5377 ultra
3083 5324 3244 5376 vitam
3280 5332 3516 5375 nostram
3560 5319 3833 5389 progredi-

2253 5431 2353 5473 tur.
2401 5419 2531 5472 Nam
2564 5419 2721 5487 vulgo
2745 5418 2960 5481 dicitur,
2990 5415 3083 5469 Ille
3111 5414 3321 5484 quidam
3351 5423 3593 5466 mortuus
3618 5421 3700 5465 est
3736 5429 3749 5467 :
3782 5423 3834 5465 et

2251 5523 2306 5566 ut
2329 5511 2664 5565 admirationi
2691 5520 2849 5575 esset,
2887 5510 3000 5562 hcce
3024 5519 3077 5563 et
3099 5508 3187 5561 illa
3239 5507 3351 5560 ﬁeri
3379 5506 3572 5575 jussit:
3608 5507 3832 5574 ideoque

2252 5606 2336 5659 ille
2369 5620 2602 5674 pauper,
2637 5603 2727 5656 ille
2755 5603 2903 5657 dives
2938 5610 3039 5655 est.
3084 5600 3213 5654 Nam
3245 5601 3387 5666 quod
3430 5597 3679 5654 acerbum
3709 5608 3824 5661 est,

2247 5717 2310 5756 ex
2342 5699 2625 5753 coiitrariis
2653 5699 2764 5750 haec
2786 5696 2894 5750 fera
2922 5702 3150 5749 constat.

2318 5815 2373 5870 '5.
2399 5810 2584 5869 Contra
2624 5827 2705 5866 eos
2743 5810 2825 5879 qui
2857 5808 3220 5880 elcemosynam
3259 5808 3380 5860 dant
3430 5805 3496 5860 ad
3543 5795 3836 5859 ostentatio-
