4074 6436
224 451 327 506 665

225 576 361 614 item.
394 587 463 597 —
491 557 764 612 Adversus
791 570 922 624 quos
976 571 1104 625 ergo
1155 558 1327 625 primo
1372 559 1634 613 stabimus
1676 567 1731 613 et
1772 575 1829 611 a-

223 655 361 708 ciem
395 652 767 708 instruemus?
795 650 910 704 Non
947 651 1076 704 satis
1129 652 1324 721 quippe
1374 663 1456 707 est
1497 653 1668 706 oratio
1726 667 1829 705 una

226 743 492 798 adversus
517 757 727 798 omnes.
775 741 1016 796 Vultisne
1054 757 1152 797 eos
1201 744 1574 812 aggrediamur
1616 745 1706 814 qui
1763 743 1830 796 de

225 836 571 906 eleemosyna
587 833 928 902 gloriantur?
961 833 1084 887 Mihi
1130 845 1276 887 certe
1306 835 1356 888 id
1400 845 1825 890 consentaneum

223 928 481 983 videtur:
517 942 638 980 nam
675 941 788 980 rem
820 926 989 994 ipsam
1032 927 1187 980 valde
1207 927 1404 997 diligo,
1448 937 1505 981 et
1544 927 1828 982 labefacta-

225 1031 334 1075 tam
366 1019 615 1088 deploro,
673 1027 728 1072 et
753 1018 902 1086 quasi
957 1018 1117 1086 regiae
1166 1019 1354 1086 puella:
1401 1019 1662 1072 nutricem
1695 1019 1828 1073 insi-

222 1110 463 1164 diantem
494 1124 685 1162 vanam
714 1108 938 1178 gloriam
976 1107 1150 1160 habeo
1176 1125 1189 1172 ;
1224 1110 1319 1162 alit
1345 1110 1539 1178 quippe
1563 1111 1728 1175 illam,
1759 1108 1828 1163 ad

223 1202 613 1269 turpitudinem
659 1210 713 1254 et
752 1200 1005 1254 damnum
1037 1217 1130 1269 per
1158 1202 1482 1270 voluptatem
1538 1202 1776 1256 alliciens
1807 1243 1823 1267 ,

221 1308 278 1352 rt
325 1298 495 1367 patris
521 1300 664 1366 justa
712 1297 992 1364 despicere
1035 1296 1254 1359 does-ns,
1291 1306 1346 1351 ut
1377 1297 1620 1351 scelestis
1651 1297 1828 1366 perdi-

222 1391 402 1460 tisque
424 1406 571 1458 sarpe
604 1390 728 1442 viris
769 1393 1011 1458 placeat:
1065 1402 1284 1443 ornatus
1327 1390 1583 1445 adhibere
1607 1389 1824 1455 suadet,

221 1494 411 1553 turpes
441 1484 798 1552 infamesque,
832 1484 1018 1552 quales
1053 1485 1274 1548 exteris,
1310 1498 1415 1537 non
1449 1483 1584 1552 patri
1617 1483 1830 1551 placere

221 1576 451 1646 possint.
484 1578 597 1644 Age
619 1589 746 1645 ergo
779 1574 874 1628 hos
899 1574 1302 1644 aggrediamur,
1337 1588 1390 1628 et
1419 1579 1489 1628 sit
1515 1576 1822 1644 eleetnosy-

219 1685 289 1724 na
322 1671 472 1740 large
494 1668 660 1722 ell'usa
684 1668 750 1722 ad
782 1669 1214 1722 ostentationem.
1231 1667 1492 1735 Sicigitur
1511 1668 1696 1722 illama
1713 1667 1828 1720 tha-

217 1763 608 1832 lamnpaterno
632 1761 828 1816 educit.
859 1761 1018 1816 Pater
1065 1770 1250 1816 autem
1278 1760 1429 1829 jubet
1449 1775 1517 1815 ne
1546 1759 1612 1813 ad
1643 1758 1830 1814 dexte-

220 1870 336 1907 ram
363 1853 583 1923 quidem
609 1853 880 1922 respicere
910 1870 923 1906 :
950 1853 1036 1905 illa
1059 1867 1187 1907 vero
1217 1855 1448 1920 seipsam
1472 1852 1644 1906 servis
1664 1851 1826 1905 exhi-

220 1943 314 1999 bet
346 1959 410 1997 ac
441 1944 722 2010 quibusvis
764 1944 1103 2010 hominibus,
1153 1946 1243 2014 qui
1286 1960 1353 1999 ne
1381 1944 1561 1999 norint
1611 1944 1827 2014 quidem

218 2037 390 2092 illam.
429 2036 619 2090 Vidisti
669 2037 1006 2092 meretricem
1033 2047 1086 2091 et
1128 2037 1304 2091 lenam
1355 2037 1421 2092 ad
1460 2036 1827 2108 improborum

220 2141 470 2180 amorem
526 2141 649 2181 sese
691 2127 976 2181 dedentetn
1005 2168 1019 2189 ,
1070 2136 1122 2181 ut
1144 2141 1242 2196 pro
1286 2127 1526 2197 ipsorum
1578 2127 1828 2196 cupidine

217 2231 346 2272 sese
376 2216 651 2272 exornet?
687 2215 781 2271 Vis
803 2217 985 2272 videre
1007 2218 1284 2287 quomodo
1333 2234 1438 2272 non
1488 2219 1828 2273 meretricem

218 2307 419 2372 modo,
483 2308 575 2362 sed
633 2309 886 2362 furiosam
933 2309 1076 2362 illam
1131 2309 1364 2363 animam
1406 2308 1647 2364 reddat?
1699 2308 1829 2377 Ejus

218 2408 464 2453 mentem
490 2397 690 2454 edisce.
723 2399 856 2453 Cum
889 2401 1032 2455 enim
1075 2403 1208 2455 cado
1250 2401 1440 2455 relicto
1488 2410 1670 2455 currat
1710 2410 1829 2470 post

222 2488 486 2560 fugitivos
514 2500 570 2544 et
599 2506 791 2545 vernas
831 2506 926 2559 per
947 2493 1094 2545 vicos
1121 2500 1176 2546 et
1215 2493 1551 2562 angiportns,
1585 2492 1653 2547 ad
1681 2493 1828 2547 inse-

219 2581 474 2650 quendos
515 2581 657 2646 illos,
713 2583 801 2652 qui
833 2585 1000 2653 ipsam
1023 2584 1288 2651 oderunt,
1347 2597 1530 2655 turpes
1560 2601 1624 2640 ac
1651 2585 1830 2642 defor-

227 2686 348 2725 mes
377 2671 650 2737 homines,
677 2673 768 2742 qui
790 2689 858 2728 ne
884 2675 1068 2730 videre
1108 2675 1322 2744 quidem
1375 2677 1544 2745 ipsam
1591 2676 1778 2731 volunt
1809 2718 1836 2743 ,λ

219 2763 315 2830 qui
363 2762 616 2831 quoniam
648 2764 729 2817 sui
759 2779 947 2819 amore
995 2775 1204 2833 captam
1246 2765 1451 2833 vident,
1481 2767 1710 2822 oderunt
1758 2768 1826 2822 il-

221 2853 330 2906 lam
365 2870 378 2905 :
412 2853 542 2922 quid
567 2869 816 2925 umquam
848 2855 1100 2910 furiosius
1126 2856 1320 2910 fuerit?
1343 2857 1554 2912 Nullum
1582 2859 1724 2912 enim
1755 2859 1828 2913 ita

221 2943 459 2998 oderunt
488 2945 626 3000 bene
657 2947 830 3012 multi,
865 2957 920 3001 ut
945 2963 1038 3002 eos
1070 2948 1163 3017 qui
1190 2962 1344 3002 suam
1384 2964 1543 3018 opem
1582 2961 1830 3020 qumrunt

228 3037 302 3091 ad
331 3037 556 3106 gloriam
604 3038 915 3107 parandam.
961 3041 1104 3095 Mille
1157 3055 1387 3110 namque
1423 3042 1829 3099 criminationes

225 3127 492 3205 adversus
522 3145 618 3185 eos
637 3132 946 3203 confingunt
973 3151 986 3186 :
1021 3132 1361 3203 idipsumque
1390 3134 1447 3187 fit
1471 3175 1485 3197 ,
1530 3150 1594 3189 ae
1634 3136 1677 3190 si
1709 3137 1829 3205 quis

223 3203 492 3290 virginem
522 3223 661 3292 regis
692 3223 878 3290 ﬁliam,
907 3239 973 3278 ex
999 3225 1146 3294 regio
1177 3225 1314 3279 solio
1346 3225 1641 3294 deiectam,
1669 3203 1827 3297 jube-

226 3322 313 3367 ret
380 3313 775 3384 gladiatoribus
836 3316 1007 3385 ipsam
1071 3319 1453 3374 aversantibus
1517 3335 1636 3376 sese
1700 3335 1830 3389 pro-

231 3405 483 3460 stituere.
511 3405 573 3460 Hi
601 3407 767 3474 enim,
790 3418 986 3478 quanto
1005 3410 1174 3480 magis
1196 3409 1341 3480 ipsos
1364 3411 1684 3482 insequeris,
1707 3422 1827 3468 tan-

225 3505 286 3551 to
315 3497 488 3567 magis
515 3504 568 3551 te
597 3509 949 3554 aversantur:
1011 3501 1152 3556 Deus
1191 3514 1389 3568 autem,
1413 3516 1614 3574 quanto
1663 3507 1832 3575 majo-

228 3604 344 3642 rem
371 3589 442 3644 ab
464 3590 578 3659 ipso
606 3590 830 3660 gloriam
854 3595 1052 3662 qumris
1079 3638 1095 3661 ,
1140 3605 1286 3650 tanto
1315 3599 1484 3668 magis
1508 3609 1559 3654 te
1587 3600 1750 3655 trahit
1777 3611 1832 3657 et

225 3679 433 3747 laudat,
469 3696 822 3752 magnamque
854 3685 945 3738 tibi
995 3689 1298 3744 mercedem
1329 3691 1529 3745 tribuit.
1559 3692 1613 3748 Si
1657 3693 1831 3762 placet

225 3783 410 3828 autem
439 3783 494 3828 et
523 3775 738 3830 aliunde
767 3787 1026 3846 quantum
1066 3781 1134 3834 sit
1179 3782 1432 3837 damnum
1464 3785 1590 3839 illud
1624 3787 1832 3842 edisce-

228 3864 548 3934 re,quando
591 3865 688 3920 das
712 3867 777 3920 ad
826 3871 1238 3926 ostentationem
1265 3883 1320 3928 et
1352 3876 1560 3932 Iaudem
1588 3921 1602 3944 ,
1653 3888 1828 3934 tecum

229 3968 420 4027 reputa
455 3968 687 4030 quantus
719 3960 810 4016 tibi
839 3961 993 4017 dolor
1018 3965 1239 4020 accedat
1269 3983 1284 4032 ;
1312 3978 1366 4023 et
1394 3987 1552 4040 quam
1584 3973 1831 4030 assiduus

229 4065 455 4117 mceror,
486 4050 704 4106 Christo
736 4053 827 4108 tibi
857 4056 1150 4127 inspirante
1180 4076 1242 4115 ac
1265 4062 1495 4128 dicente,
1546 4066 1830 4123 Perdidisti

228 4132 784 4200 omnem'mercedetn
818 4155 958 4201 tuam
985 4149 1003 4220 (
1032 4150 1222 4206 Matth.
1249 4153 1302 4208 6.
1330 4156 1420 4224 2).
1457 4155 1664 4228 Ubique
1697 4177 1830 4216 vana

227 4233 400 4302 gloria
429 4235 594 4302 mala,
628 4238 866 4293 maxime
894 4255 1025 4295 vero
1048 4244 1262 4312 quando
1289 4247 1655 4307 misericordia
1679 4253 1831 4308 exhi-

230 4327 409 4394 betur,
445 4329 496 4384 id
526 4331 668 4400 quod
697 4343 936 4388 extrema
955 4336 1245 4392 crudelitas
1267 4351 1368 4407 est,
1385 4345 1600 4412 quando
1625 4346 1692 4401 de
1709 4349 1832 4403 alio-

236 4436 354 4474 rum
403 4423 709 4478 calamitate
752 4439 872 4480 sese
912 4429 1152 4497 extollit,
1211 4441 1265 4486 et
1310 4437 1459 4504 quasi
1513 4440 1832 4507 pauperibus

228 4513 545 4580 extirobrat.
569 4513 701 4568 Nam
731 4516 774 4569 si
795 4530 888 4572 sua
912 4521 1114 4576 referre
1136 4523 1417 4591 beneficia,
1450 4529 1501 4582 id
1541 4533 1827 4588 conviciari

228 4615 342 4661 est:
372 4607 439 4661 ad
466 4607 601 4661 alios
625 4610 820 4665 multos
848 4611 936 4666 illa
971 4614 1278 4684 traducere,
1307 4621 1430 4687 quid
1458 4637 1576 4677 esse
1592 4624 1789 4681 dixeris
1809 4629 1832 4680 ’ἰ

227 4699 511 4767 Quomodo
545 4714 674 4773 ergo
710 4703 812 4760 hoc
863 4707 1061 4762 malum
1110 4710 1416 4781 fugiamus?
1470 4718 1522 4772 Si
1564 4719 1833 4776 discamus

225 4793 498 4863 quomodo
524 4796 772 4855 misereri
800 4809 1092 4867 Oporteat;
1145 4804 1189 4857 si
1237 4807 1643 4866 consideremus
1691 4830 1830 4884 quo-

227 4899 476 4938 rumnam
505 4885 733 4956 gloriam
777 4893 1090 4958 quzerimus.
1123 4895 1215 4951 Dic
1242 4898 1396 4966 mihi,
1446 4903 1566 4972 quis
1593 4906 1832 4962 eleetno-

224 4992 378 5049 synte
409 4978 599 5033 artifex
628 4983 752 5035 est?
778 4983 876 5051 Qui
903 5002 1016 5041 rem
1049 4988 1192 5043 illam
1220 4991 1421 5060 docuit,
1456 5013 1648 5068 nempe
1668 5001 1828 5070 Deus,

227 5069 353 5138 quid
403 5069 529 5126 illud
564 5074 796 5130 maxime
857 5080 1036 5145 novit,
1071 5092 1124 5136 et
1175 5084 1226 5136 in
1279 5087 1541 5144 inﬁnitum
1591 5069 1826 5152 exercet.

227 5159 364 5228 Quid
397 5164 562 5233 ergo?
591 5165 635 5218 si
671 5167 972 5234 palaestram
1007 5173 1241 5231 disceres
1263 5220 1277 5243 ,
1317 5179 1382 5233 ad
1437 5199 1571 5251 quos
1600 5189 1834 5257 respice-

227 5266 332 5316 res,
361 5269 430 5308 an
459 5255 526 5310 ad
555 5272 677 5311 eum
705 5261 792 5329 qui
818 5261 965 5318 olera
989 5268 1192 5336 vendit,
1215 5282 1266 5325 et
1296 5274 1490 5341 pisces,
1520 5293 1588 5332 an
1616 5255 1701 5335 adv
1723 5299 1833 5353 pa:-

231 5342 498 5401 dutribatn
527 5350 550 5402 ἲ
576 5347 733 5406 Certe
779 5355 850 5409 illi
881 5360 1028 5412 tnnlti
1059 5374 1203 5429 sunt,
1248 5365 1331 5421 hic
1375 5385 1508 5425 unus
1537 5383 1638 5430 est.
1681 5342 1817 5445 Quid

229 5441 576 5508 t:rgo,si.illo
605 5453 655 5498 te
683 5446 982 5505 admirante
1029 5455 1116 5508 alii
1165 5458 1486 5527 irridet-ent,
1546 5441 1725 5524 annon
1777 5483 1832 5528 ιιι

227 5542 347 5583 cum
376 5530 470 5586 illo
496 5533 646 5603 ipsos
679 5537 976 5594 irrideres?
1021 5544 1158 5611 Quid
1189 5549 1234 5604 si
1277 5556 1572 5622 pugilatum
1624 5560 1833 5619 edisce-

229 5623 355 5678 res?
378 5640 560 5682 annon
587 5629 837 5686 similiter
863 5634 929 5689 ad
957 5651 1077 5692 eum
1109 5645 1428 5713 respiceres,
1460 5651 1550 5718 qui
1581 5668 1643 5706 ea
1668 5654 1719 5708 in
1748 5671 1836 5711 ar-

230 5721 282 5768 te
305 5715 498 5773 doctor
517 5721 645 5777 est?
688 5723 745 5778 Si
776 5728 962 5782 orandi
1010 5733 1243 5790 studium
1275 5715 1598 5810 susciperes,
1653 5761 1833 5805 annon

231 5812 462 5868 rhetoris
488 5813 676 5874 laudes
706 5821 983 5892 cxcipcres
1009 5869 1024 5896 ,
1071 5830 1296 5888 aliorum
1326 5850 1454 5893 vero
1508 5849 1824 5901 contemne-

1210 445 1272 502 IN
1315 445 1725 503 MXTTHIEUM
1767 448 1997 504 IIOMIL.
2043 450 2223 506 LXXI.
2259 453 2333 507 al.
2375 454 2585 512 LXXII.

3447 467 3551 522 6ὅῦ

1939 561 2369 629 res?Quomodo
2396 582 2526 638 ergo
2550 569 2844 625 absurdum
2891 589 2994 626 non
3043 573 3203 630 fuerit
3233 618 3246 640 ,
3312 578 3364 631 in
3423 581 3550 636 aliis

1949 652 2158 709 artibus
2183 655 2250 710 ad
2281 656 2560 715 doctorem
2592 670 2798 717 tantum
2822 665 3117 734 respicere,
3141 667 3229 724 hic
3251 683 3383 725 vero
3409 685 3544 725 con-

1937 745 2164 800 trarium
2213 747 2418 814 facere,
2445 753 2661 807 etiamsi
2695 770 2801 809 non
2836 772 2930 825 par
2959 760 3213 831 utrinque
3269 763 3342 818 sit
3387 763 3540 819 dam-

1936 839 2104 891 num?
2135 839 2207 894 lbi
2226 843 2392 907 enim,
2414 845 2456 899 si
2489 846 2556 901 ad
2586 847 2726 919 vulgi
2758 850 3033 919 placitum,
3065 870 3170 910 non
3192 856 3258 912 ad
3281 857 3542 925 doctoris,

1936 941 2161 998 pugnes,
2194 933 2246 986 in
2278 949 2452 1005 pugna
2501 946 2672 993 totum
2719 941 3105 999 detrimentum
3144 959 3257 1014 est;
3294 950 3382 1004 hic
3413 967 3543 1005 vero

1943 1037 1997 1074 tn
2033 1022 2144 1076 vita
2168 1032 2395 1077 eterna.
2430 1023 2744 1082 Secundum
2776 1030 3212 1085 misericordiam
3248 1035 3447 1089 similis
3469 1049 3536 1090 eo

1945 1111 2055 1168 Deo
2079 1133 2091 1169 :
2115 1126 2233 1170 esto
2265 1117 2431 1185 igitur
2458 1119 2532 1172 illi
2561 1121 2784 1188 similis,
2824 1125 3247 1180 ostentationem
3281 1129 3539 1186 vitando.

1937 1201 2158 1259 Dicebat
2181 1207 2327 1262 enim
2357 1209 2448 1264 ille
2474 1225 2596 1265 cum
2627 1223 2890 1279 curaret,
2924 1215 3125 1269 nemini
3172 1224 3233 1269 ut
3273 1214 3541 1271 dicerent.

1935 1294 2040 1350 Sed
2075 1298 2155 1351 vis
2184 1299 2498 1356 misericors
2520 1303 2660 1372 apud
2688 1304 2935 1360 homines
2953 1307 3177 1362 vocari?
3222 1306 3360 1375 Quid
3416 1308 3542 1364 inde

1935 1385 2115 1442 lucri?
2170 1389 2315 1445 Nihil
2371 1393 2583 1463 utique,
2629 1395 2723 1450 sed
2766 1397 3023 1452 damnum
3095 1398 3385 1454 inﬁnitum.
3438 1399 3545 1470 lpsi

1935 1488 2100 1546 enim,
2130 1499 2268 1554 quos
2292 1486 2358 1540 ad
2387 1489 2754 1544 testimonium
2782 1506 2964 1558 vocas,
2989 1491 3134 1548 fures
3162 1505 3291 1548 sunt
3323 1493 3544 1549 thesau-

1935 1592 2116 1632 rorum
2147 1580 2197 1632 in
2226 1579 2376 1634 czelis
2421 1583 2818 1651 repositorum;
2864 1587 2972 1640 imo
3004 1605 3109 1642 non
3135 1588 3254 1665 illi,
3298 1589 3395 1644 sed
3447 1604 3548 1644 nos

1937 1669 2036 1738 ipsi
2065 1670 2156 1738 qui
2189 1680 2372 1726 nostra
2405 1673 2560 1728 nobis
2591 1673 2857 1742 furatnur,
2883 1687 2937 1734 et
2959 1680 3150 1748 qumin
3181 1682 3316 1736 cmlo
3367 1681 3544 1751 posita

1935 1771 2062 1815 sunt
2093 1762 2440 1834 dissipamus.
2489 1765 2535 1822 0
2587 1783 2780 1823 novam
2832 1772 3226 1828 calamitatem!
3261 1791 3295 1830 ο
3324 1785 3544 1846 stupen-

1935 1853 2063 1908 dum
2091 1857 2374 1912 morbum!
2409 1858 2508 1916 Ubi
2546 1863 2687 1916 tinea
2716 1878 2824 1917 non
2875 1864 3168 1921 demolitur
3194 1910 3209 1934 ,
3257 1869 3346 1924 tibi
3399 1869 3548 1924 fures

1943 1961 2050 1999 non
2107 1947 2411 2015 eﬂ'odiunt,
2459 1967 2594 2006 vana
2626 1954 2796 2024 gloria
2850 1956 3098 2028 dissipat.
3141 1959 3268 2014 Haec
3291 1969 3377 2015 est
3403 1962 3558 2016 tinea

1935 2039 2171 2093 caelestis
2199 2041 2469 2110 thesauri,
2495 2043 2584 2099 hic
2615 2045 2703 2100 fur
2729 2049 3020 2116 opulentiae
3047 2051 3304 2118 caelestis,
3336 2055 3426 2120 qui
3461 2054 3546 2108 di-

1936 2133 2095 2187 vitias
2126 2133 2248 2189 illas
2283 2144 2397 2190 tuto
2419 2137 2712 2196 collocatas
2751 2142 2968 2212 abripit.
3028 2144 3142 2200 lloe
3194 2147 3375 2201 omnia
3427 2163 3550 2218 pes-

1935 2224 2149 2279 sumdat
2198 2236 2253 2281 et
2311 2229 2508 2298 perdit.
2561 2232 2695 2301 Quia
2766 2236 2908 2290 enim
2959 2238 3094 2291 vidit
3157 2239 3442 2304 diabolus,
3493 2252 3550 2295 et

1935 2313 2142 2371 furibus
2185 2329 2240 2373 et
2288 2321 2463 2375 vermi
2506 2324 2733 2390 aliisque
2784 2325 2991 2381 insidiis
3042 2329 3374 2384 inaccessum
3426 2345 3551 2384 esse

1935 2406 2110 2461 locum
2143 2409 2310 2474 illum,
2335 2427 2428 2480 per
2449 2429 2639 2468 vanam
2667 2415 2894 2486 gloriam
2917 2418 3132 2474 divitias
3153 2421 3272 2474 illas
3294 2422 3546 2491 subripit.

2007 2500 2062 2554 4.
2129 2500 2574 2567 Quemadmodum
2603 2507 2744 2564 Deus
2765 2511 2857 2564 sub
2874 2513 3103 2583 mysterii
3125 2515 3234 2566 velo
3258 2531 3407 2568 suam
3452 2517 3552 2568 mi-

1933 2591 2263 2645 sericordiam
2304 2594 2520 2667 largitur
2556 2607 2606 2651 et
2635 2600 2889 2670 signiﬁcat
2910 2643 2926 2668 ,
2951 2603 3025 2657 sic
3054 2620 3147 2658 nos
3177 2605 3548 2676 eteemosynant

1935 2692 2161 2736 nostram
2176 2686 2430 2742 occultare
2453 2688 2710 2745 debemus.
2739 2722 2812 2732 —
2837 2691 2944 2748 Sed
2975 2695 3162 2765 gloria:
3186 2696 3416 2766 cupidus
3441 2711 3500 2752 es
3526 2699 3550 2751 ἲ

1937 2776 2129 2830 Annon
2173 2779 2265 2832 tibi
2295 2782 2427 2835 satis
2459 2793 2540 2836 est
2581 2783 2669 2838 illa
2699 2801 2860 2854 quam
2889 2787 2958 2842 ab
2985 2789 3286 2858 accipiente
3336 2789 3502 2845 habes
3531 2831 3547 2854 ,

1935 2879 1964 2918 a
1995 2865 2380 2937 benignissimo
2401 2872 2532 2938 Deo,
2561 2875 2656 2929 sed
2685 2876 2845 2930 etiam
2873 2879 3101 2947 gloriam
3130 2881 3271 2950 apud
3302 2881 3550 2936 homines

1935 2961 2174 3026 qua-ris?
2234 2961 2367 3018 Vide
2394 2980 2464 3020 ne
2507 2971 2838 3024 contrarium
2889 2973 3145 3040 patiaris;
3201 2989 3269 3028 ne
3312 2974 3435 3045 quis
3487 2984 3540 3030 te

1936 3050 2160 3107 damnet
2189 3057 2340 3124 quasi
2378 3072 2486 3112 non
2517 3061 2864 3117 miserantem
2895 3105 2908 3128 ,
2941 3065 3038 3119 scd
3070 3065 3229 3121 fastui
3281 3076 3337 3122 et
3380 3066 3552 3122 ambi-

1934 3145 2067 3200 tioni
2095 3145 2363 3216 deditum,
2387 3160 2548 3221 atque
2566 3154 2775 3208 alienas
2794 3157 3123 3212 calamitates
3157 3159 3547 3217 traducentem.

1935 3237 2070 3293 Nam
2103 3243 2419 3312 mysterium
2450 3255 2533 3300 est
2563 3248 2930 3320 eleemosyna.
2955 3250 3159 3305 Claude
3180 3267 3313 3324 ergo
3331 3256 3546 3322 januas,

1936 3345 2005 3384 ne
2053 3332 2175 3400 quis
2221 3333 2309 3386 illa
2351 3335 2533 3391 videat
2583 3353 2706 3407 qua:
2760 3348 3036 3396 ostentare
3085 3341 3239 3398 nefas
3281 3353 3386 3398 est.
3436 3345 3550 3400 Hoc

1934 3423 2135 3495 quippe
2166 3436 2289 3481 sunt
2321 3430 2554 3486 maxime
2574 3434 2830 3503 mysteria
2873 3444 3056 3489 nostra
3083 3478 3098 3503 ,
3133 3438 3503 3494 misericordia
3530 3481 3547 3507 ,

1937 3527 1993 3572 et
2041 3519 2346 3590 benignitas
2406 3523 2542 3580 Dei:
2596 3541 2719 3580 nam
2768 3527 3065 3585 secundum
3117 3530 3548 3589 misericordiam

1937 3628 2090 3667 suam
2131 3631 2380 3686 magnam
2411 3633 2511 3674 nos
2533 3620 2950 3692 inobsequentes
2991 3625 3281 3680 miseratus
3324 3635 3426 3681 est.
3473 3627 3542 3682 Et

1938 3707 2110 3776 prima
2142 3709 2401 3776 precatio,
2425 3726 2587 3780 quam
2635 3729 2732 3779 pro
2752 3717 3132 3785 energumenis
3184 3717 3506 3774 adhibemus
3529 3763 3548 3790 ,

1938 3796 2327 3855 misericordia:
2367 3808 2887 3862 commemoratione
2937 3809 3095 3878 plena
3137 3821 3261 3876 est;
3311 3813 3550 3869 secunda

1937 3906 2171 3961 quoque,
2201 3910 2298 3963 pro
2322 3895 2385 3950 iis
2406 3897 2496 3966 qui
2525 3899 2579 3954 in
2605 3901 2918 3967 ptettitentia
2942 3912 3090 3972 sunt,
3122 3906 3347 3961 multam
3378 3910 3546 3965 mise-

1937 3985 2226 4040 ricordiam
2274 3991 2537 4058 postulat:
2591 3994 2746 4048 tertia
2791 3995 3041 4064 demum,
3073 4013 3173 4067 pro
3203 4000 3358 4055 nobis
3396 4002 3548 4072 ipsis,

1939 4079 2119 4147 populi
2148 4080 2376 4136 infantes
2404 4083 2724 4141 innocentes
2753 4087 2994 4157 inducit,
3033 4091 3202 4147 Deum
3230 4094 3297 4148 ad
3332 4095 3550 4150 misert-

1937 4171 2179 4226 cordiam
2211 4183 2588 4241 provocantes.
2621 4177 2754 4246 Quia
2778 4182 2922 4234 enim
2972 4197 3071 4237 nos
3115 4197 3336 4254 peccata
3360 4196 3550 4242 nostra

1937 4262 2279 4330 damnamus,
2310 4283 2408 4337 pro
2457 4268 2522 4322 iis
2545 4270 2635 4339 qui
2670 4273 2895 4326 multum
2928 4286 3245 4344 peccarunt,
3287 4286 3342 4332 et
3385 4295 3548 4333 accu-

1941 4356 2047 4409 sari
2076 4357 2310 4423 debent,
2359 4374 2458 4414 nos
2505 4376 2827 4430 precamur:
2862 4382 2959 4436 pro
2990 4368 3149 4424 nobis
3196 4385 3326 4425 vero
3373 4373 3548 4441 pueri,

1941 4461 2172 4517 quorum
2199 4450 2559 4521 simplicitatis
2590 4454 2889 4512 imitatores
2915 4473 3139 4530 regnum
3169 4463 3425 4517 cmlorunt
3448 4480 3547 4518 ex-

1939 4553 2172 4611 Spectat.
2204 4543 2320 4616 Ipsa
2351 4547 2493 4600 enim
2528 4551 2781 4617 precandi
2824 4552 2993 4608 forma
3029 4554 3079 4609 id
3111 4557 3379 4612 ostendit:
3424 4575 3548 4615 nam

1939 4635 2217 4704 quiinstar
2235 4653 2529 4708 puerorum
2549 4642 2779 4699 humiles
2809 4655 2936 4701 sunt
2957 4657 3007 4702 et
3037 4649 3255 4716 sinceri,
3287 4650 3339 4705 hi
3369 4654 3546 4707 maxi-

1939 4745 2027 4784 me
2058 4740 2280 4799 possunt
2307 4748 2405 4802 pro
2431 4735 2539 4788 reis
2563 4737 2793 4806 precari.
2824 4739 2996 4808 Ipsum
3019 4743 3335 4812 mysterium
3375 4761 3551 4815 quan-

1939 4824 2412 4880 tmmisericordiae
2443 4869 2457 4893 ,
2512 4837 2726 4899 quantm
2785 4831 3131 4903 benignitatis
3178 4837 3248 4892 sit
3288 4838 3544 4908 plenum,

1947 4919 2124 4973 sciunt
2147 4921 2359 4974 initiati.
2391 4922 2459 4976 Et
2481 4932 2533 4977 tu
2559 4925 2739 4995 igitur,
2772 4941 2893 4980 eum
2918 4929 3123 4984 homini
3159 4930 3289 4986 facis
3311 4933 3548 4987 eleemo-

1940 5026 2129 5082 synam
2151 5054 2166 5077 ,
2193 5012 2383 5068 claude
2405 5014 2623 5082 januam
2655 5026 2798 5071 tuam
2833 5036 2846 5074 :
2883 5020 2996 5090 ipse
3023 5023 3112 5089 qui
3143 5025 3371 5092 accipit,
3400 5026 3550 5079 solus

1941 5104 2139 5170 videat;
2165 5106 2272 5160 imo
2300 5107 2344 5161 si
2378 5107 2495 5162 fieri
2528 5111 2717 5178 possit,
2747 5113 2946 5182 neipse
2973 5116 3210 5185 quidem.
3244 5117 3298 5172 Si
3326 5117 3547 5188 januam

1940 5197 2170 5265 aperias,
2199 5201 2511 5269 mysterium
2539 5212 2684 5257 tuum
2710 5215 2967 5262 ostentas.
2993 5210 3176 5279 Cogita
3205 5227 3326 5266 eum
3349 5213 3546 5282 ipsum,

1940 5302 1968 5340 a
2001 5304 2108 5358 quo
2136 5291 2358 5360 gloriam
2382 5294 2591 5362 expetis
2615 5338 2630 5361 ,
2665 5305 2716 5351 te
2745 5297 3124 5355 damnatorum
3151 5318 3291 5357 esse.
3327 5306 3382 5358 Si
3416 5307 3551 5359 anti-

1941 5398 2037 5438 cus
2064 5386 2154 5448 sit,
2205 5396 2258 5441 te
2288 5389 2426 5457 apud
2459 5405 2517 5444 se
2543 5391 2951 5458 criminabitur;
2987 5396 3031 5449 si
3083 5397 3352 5463 inimicus,
3405 5401 3548 5468 apud

1942 5478 2079 5532 alios
2112 5487 2163 5532 te
2193 5481 2470 5548 traducet,
2517 5494 2570 5536 et
2592 5487 2865 5540 contraria
2907 5486 3002 5541 tibi
3049 5493 3342 5557 evenient,
3389 5508 3549 5562 quam

1940 5568 2310 5627 desiderabas.
2341 5573 2420 5628 Tu
2450 5575 2593 5630 enim
2631 5577 2914 5648 cupiebas,
2967 5589 3024 5634 ut
3084 5581 3198 5648 ipse
3244 5583 3451 5639 diceret
3500 5596 3552 5640 te

1941 5662 2390 5732 misericordem;
2440 5668 2528 5724 ille
2555 5683 2688 5725 vero
2723 5687 2827 5726 non
2858 5672 2960 5727 hoc
2983 5675 3158 5740 dicet,
3193 5676 3288 5731 sed
3323 5688 3373 5731 te
3397 5693 3550 5733 vana:

1941 5753 2127 5824 gloria:
2149 5758 2405 5825 cupidum
2434 5801 2448 5825 ,
2481 5776 2666 5815 auram
2700 5762 2976 5819 hominum
3005 5777 3313 5838 captantem
3361 5770 3552 5838 appela

1945 5846 2096 5915 labit,
2125 5848 2335 5921 aliaque
2362 5854 2606 5922 graviora
2638 5854 2994 5926 adjicirt.'Siu
3027 5861 3380 5916 occultavrris
3408 5907 3420 5930 ,
3453 5863 3536 5918 his
