4074 6430
587 431 686 487 667

587 545 808 599 omnino
833 534 1096 599 contraria
1123 543 1280 607 dicet,
1335 541 1620 612 benignum
1647 539 2160 610 miscricordcmque

585 635 888 704 appellabit.
921 635 1103 703 Neque
1128 636 1267 689 enim
1300 634 1438 689 Deus
1469 634 1582 690 haec
1604 633 1854 688 occultari
1889 631 2165 702 permittit.

588 727 644 782 Si
689 737 740 781 tu
767 728 1138 792 occultweris,
1172 727 1261 782 ille
1291 726 1627 781 manifestum
1659 725 1878 781 reddet:
1914 725 2035 778 hinc
2051 739 2166 778 ma-

584 821 667 888 jor
695 818 979 872 admiratio
1004 826 1057 872 et
1076 819 1344 887 copiosius
1375 819 1580 874 lucrum
1630 815 1855 871 accedit.
1891 815 2072 883 Itaque
2098 813 2164 867 ad

583 910 804 976 gloriam
833 909 1123 980 parandam
1147 909 1309 963 allicit
1348 909 1665 971 ostentatio;
1697 907 1763 961 ad
1799 906 1846 960 id
1875 906 2014 975 quod
2044 904 2166 958 dili-

583 1010 770 1069 genter
791 1002 1098 1070 quaerimus,
1133 1000 1283 1055 obest
1307 1000 1391 1054 illa
1420 1001 1531 1068 ipsa
1555 998 1842 1066 inquisitio.
1868 996 1980 1052 Non
2005 998 2164 1052 modo

581 1094 720 1148 enim
753 1093 1130 1146 misericordia:
1153 1093 1359 1146 laudem
1386 1107 1487 1146 non
1507 1092 1830 1161 acquirimus
1861 1131 1876 1156 ,
1908 1091 2000 1145 sed
2029 1105 2161 1145 con-

652 1215 926 1225 —-——-—.—

1394 425 1433 480 S
1483 424 1757 481 .lilA-NNIS
1795 420 2261 479 CIIRYSOSTOIII
2299 423 2612 480 ARCIllEP.
2655 422 3184 481 CONS’I‘ANTINOP.

2283 539 2497 592 trarium
2527 542 2860 611 assequimur
2884 559 2898 596 :
2928 541 2994 595 ad
3020 541 3134 594 haec
3155 553 3281 595 vero
3307 539 3530 595 multum
3553 539 3679 596 hinc
3704 541 3875 595 dani-

2272 631 2324 685 ni
2372 631 2523 685 nohis
2551 632 2744 686 oritur.
2801 632 3001 686 Horum
3039 633 3216 701 itaque
3263 632 3503 686 omnium
3553 647 3712 685 causa
3747 632 3876 685 ina-

2271 738 2391 778 nem
2413 724 2635 792 gloriam
2667 739 2980 793 reSpuamus
3002 766 3015 790 ,
3050 725 3326 792 solamque
3355 723 3448 777 Dei
3479 724 3703 791 gloriam
3733 723 3874 777 dili-

2270 832 2472 887 gamus.
2504 816 2591 871 Sic
2634 819 2776 872 enim
2832 827 2883 871 ct
2935 817 3158 886 gloriam
3200 816 3285 870 hic
3330 831 3744 885 consequemur,
3815 824 3876 868 et

2269 909 2486 963 aeternis
2514 908 2750 962 fruemur
2777 907 2952 973 bonis,
2975 909 3146 978 gratia
3196 917 3252 963 et
3281 909 3610 978 benignitate
3643 907 3872 962 Domini

2268 1002 2434 1055 nostri
2457 1000 2584 1056 Jesu
2615 1001 2839 1067 Christi,
2867 1004 2952 1054 cui
2986 1001 3153 1070 gloria
3185 1010 3238 1055 et
3270 1001 3624 1070 imperiumin
3659 1000 3871 1056 smcula

2267 1093 2604 1147 seculorum.
2633 1095 2824 1147 Amen.

1611 1274 1953 1336 HOMILIA
1998 1272 2254 1334 LXXII.
2304 1272 2390 1334 al.
2436 1273 2720 1333 LXXIII.

579 1423 704 1478 Car.
757 1423 829 1477 ‘23
895 1440 947 1476 ν.
1002 1425 1054 1478 -l.
1106 1421 1244 1476 Tunc
1285 1422 1434 1476 Jesus
1484 1425 1719 1490 loquutus
1777 1411 1846 1477 est
1896 1421 2052 1475 turbis
2115 1431 2163 1474 et

652 1513 915 1582 discipulis
959 1514 1064 1566 suis
1083 1555 1098 1577 ,
1126 1511 1180 1566 9..
1212 1512 1418 1566 dicens:
1448 1511 1614 1576 Super
1645 1511 1936 1570 cathedram
1970 1511 2164 1581 Moysis

650 1605 886 1658 sederunt
905 1604 1146 1656 scribare!
1171 1601 1439 1656 Pharisaei.
1465 1604 1518 1658 5.
1547 1603 1729 1656 Omnia
1753 1620 1892 1674 ergo,
1917 1619 2164 1672 quiremu-

649 1713 743 1767 que
769 1697 988 1749 dixerint
1018 1695 1173 1760 vobis,
1207 1695 1360 1764 facite
1381 1710 1400 1748 :
1425 1695 1701 1748 secundum
1746 1710 1899 1764 Opera
1925 1711 2036 1748 vero
2076 1710 2162 1747 eo-

648 1804 758 1839 rum
784 1803 882 1840 non
909 1787 1057 1858 facite
1071 1789 1110 1844 ί.

652 1878 705 1932 l.
737 1876 898 1939 Tunc,
933 1877 1308 1947 quandonam?
1360 1876 1582 1946 Quando
1613 1875 1726 1931 lucc
1750 1877 1919 1940 dixit;
1949 1876 2163 1947 quando

579 1967 706 2036 ipsis
725 1967 996 2022 silentium
1025 1969 1292 2038 imposuit;
1320 1967 1530 2038 quando
1559 1967 1637 2022 sic
1660 1968 1938 2036 repressit,
1970 1977 2025 2022 ut
2049 1981 2153 2021 non

576 2058 833 2113 auderent
857 2060 989 2113 ultra
1022 2060 1192 2128 ipsum
1227 2067 1464 2122 tentare;
1495 2059 1708 2129 quando
1737 2059 1970 2114 ostendit
2012 2059 2156 2129 ipsos

577 2149 846 2203 incurabili
871 2148 1060 2204 morbo
1081 2149 1342 2203 laborare.
1373 2149 1565 2203 Verum
1589 2150 1838 2217 quoniam
1865 2149 2071 2203 Domini
2098 2157 2154 2202 et

587 2241 788 2294 Domini
813 2241 1136 2295 mentionem
1170 2240 1326 2305 fecit,
1363 2256 1552 2295 rursus
1590 2240 1654 2292 ad
1687 2240 1856 2310 legem
1911 2240 2155 2294 recurrit.

575 2331 735 2401 Atqui
765 2331 871 2395 lex,
900 2332 1138 2401 inquies,
1175 2330 1302 2386 nihil
1333 2330 1634 2399 hujusmodi
1663 2330 1831 2396 dixit;
1887 2331 1982 2385 sed
2005 2371 2020 2396 ,
2054 2329 2160 2384 Do-

577 2425 742 2478 minus
764 2423 900 2478 Deus
922 2436 1058 2491 tuus,
1087 2423 1335 2478 Dominus
1357 2440 1485 2477 unus
1519 2433 1589 2477 est
1616 2422 1809 2493 (Deut.
1841 2422 1894 2478 6.
1922 2423 1955 2478 4
1983 2423 2023 2492 ).
2053 2422 2157 2477 Vc-

583 2531 698 2569 rum
723 2515 804 2569 lex
835 2515 887 2570 in
911 2516 1184 2585 Scriptura
1211 2526 1375 2571 totum
1405 2514 1570 2570 Vetus
1592 2515 1990 2570 Testamentum
2015 2514 2154 2568 dici-

577 2617 682 2658 tur.
715 2605 841 2660 llaec
881 2621 1045 2676 porro
1067 2605 1192 2662 dicit
1225 2648 1238 2671 ,
1266 2607 1552 2662 ostendens
1582 2621 1679 2677 per
1699 2607 1876 2661 omnia
1909 2621 2154 2675 magnam

572 2713 722 2753 suam
749 2713 870 2754 cum
903 2699 1060 2755 Patre
1091 2701 1453 2756 concordiam.
1506 2700 1633 2753 Nam
1661 2700 1704 2752 si
1741 2703 2038 2755 contrarius
2068 2717 2155 2756 es-

573 2789 1035 2852 set,contrarium
1087 2791 1228 2845 circa
1282 2791 1448 2858 legem
1498 2789 1732 2852 diceret;
1791 2806 1932 2845 nunc
1973 2801 2153 2846 autem

577 2891 773 2934 tantam
799 2879 951 2950 jubet
992 2895 1115 2950 erga
1163 2883 1330 2950 ipsam
1366 2881 1604 2936 exhiberi
1660 2882 2050 2948 reverentiam,
2098 2890 2154 2936 ut

573 2971 671 3024 etsi
699 2971 934 3042 corrupti
959 2971 1206 3026 doctores
1231 2983 1404 3037 erant,
1439 2971 1582 3026 illam
1616 2981 1792 3027 tamen
1815 2973 1998 3042 jubeat
2029 2987 2144 3026 ser-

571 3064 704 3116 vari.
733 3063 828 3118 llic
853 3079 981 3119 vero
1007 3065 1165 3119 etiam
1190 3065 1257 3120 de
1287 3066 1406 3120 vita:
1429 3065 1668 3120 instituto
1694 3066 1800 3136 agit
1824 3106 1839 3130 ,
1869 3065 1990 3136 quia
2020 3063 2150 3119 illud

572 3155 804 3210 maxime
833 3170 991 3210 causa
1024 3155 1416 3211 incredulitatis
1471 3157 1600 3228 ipsis
1639 3161 1773 3222 erat,
1815 3158 1919 3212 vita
1955 3173 2149 3228 nempe

571 3258 840 3320 corrupta,
873 3261 924 3305 et
953 3251 1134 3320 gloriae
1162 3265 1332 3305 amor.
1367 3250 1651 3306 Auditores
1682 3252 1838 3320 igitur
1868 3261 1924 3304 ut
1954 3265 2145 3306 emen-

573 3341 683 3405 det,
717 3340 842 3395 illud
889 3341 1118 3397 maxime
1154 3341 1307 3410 jubet
1350 3341 1492 3412 quod
1532 3343 1760 3411 primum
1809 3342 1877 3397 ad
1924 3343 2149 3398 salutem

569 3429 938 3494 conducebat,
968 3447 1158 3502 nempe
1202 3433 1448 3488 doctores
1496 3448 1602 3487 non
1650 3442 2022 3499 contenmere,
2053 3450 2153 3489 nec

571 3535 757 3579 contra
783 3525 1089 3580 sacerdotes
1112 3526 1405 3596 insurgere.
1433 3525 1615 3596 Neque
1643 3526 1803 3580 modo
1835 3526 2010 3597 jubet,
2054 3527 2149 3582 sed

571 3619 730 3673 etiam
765 3618 877 3687 ipse
905 3628 1100 3674 servat.
1131 3619 1260 3674 Nam
1288 3633 1569 3690 corruptos
1613 3621 1729 3674 illos
1756 3635 1787 3675 e
1831 3620 1997 3691 gradu
2044 3637 2148 3675 non

569 3709 788 3779 dejicit;
817 3725 916 3780 qua
946 3711 1152 3766 ratione
1179 3712 1281 3766 illis
1305 3715 1518 3782 gravius
1553 3712 1810 3782 judicium
1829 3711 2149 3773 attrahebat,

573 3802 814 3871 disipulis
836 3819 962 3858 vero
984 3805 1179 3858 nullam
1230 3805 1563 3874 relinquebat
1593 3805 1967 3859 inobedientia:
1995 3819 2150 3860 occa-

570 3898 800 3948 sionem.
832 3894 908 3949 Nc
947 3896 1065 3965 quis
1121 3906 1293 3966 porro"
1309 3897 1505 3953 diceret
1527 3938 1542 3963 ,
1571 3897 1703 3965 Quia
1737 3898 2009 3967 improbus
2048 3896 2148 3950 do-

571 3996 688 4041 ctor
712 3997 814 4054 est,
847 3988 966 4044 ideo
994 3991 1209 4059 segnior
1224 3992 1367 4046 evasi
1400 4009 1413 4046 :
1447 3991 1584 4046 hunc
1613 4007 1824 4062 quoque
1871 3992 2147 4047 obtentum

568 4079 762 4132 aufert.
834 4079 923 4134 Sic
974 4096 1104 4151 ergo
1153 4082 1365 4136 illorum
1427 4082 1780 4153 principatum
1852 4083 2148 4148 constituit,

568 4172 776 4226 etiamsi
805 4173 1033 4242 improbi
1066 4183 1265 4239 essent,
1297 4176 1365 4229 ita
1395 4183 1452 4228 ut
1481 4185 1598 4242 post
1620 4184 1818 4229 tantam
1847 4175 1974 4243 ipsis
2002 4175 2152 4229 ohla-

572 4273 678 4317 tam
710 4265 1136 4319 criminationem
1168 4267 1409 4322 diceret:
1452 4266 1655 4331 Omnia,
1700 4283 2024 4337 quazcumque
2067 4267 2149 4319 di-

571 4358 738 4411 a'erint
766 4358 918 4421 vobis,
953 4359 1104 4429 facile
1127 4375 1147 4411 :
1179 4375 1350 4430 neque
1377 4361 1518 4414 enim
1548 4376 1639 4414 sua
1669 4360 1874 4425 dicunt,
1907 4361 2001 4415 sed
2029 4375 2148 4428 qum

576 4447 666 4502 Dei
690 4456 834 4514 sunt,
865 4464 984 4518 quae
1005 4463 1102 4518 per
1131 4449 1346 4520 Moysen
1374 4451 1460 4505 ille
1487 4451 1756 4522 prmccpit.
1792 4451 2148 4508 Animadver-

573 4547 625 4591 te
673 4547 926 4606 qnantum
970 4537 1135 4608 Moysi
1179 4539 1384 4595 deferat
1417 4539 1711 4606 honorem,
1768 4557 1953 4597 rursus
1997 4557 2150 4597 suam

574 4645 695 4682 eum
725 4631 888 4684 veteri
920 4630 1036 4700 lege
1088 4632 1427 4686 concordiam
1457 4633 1766 4698 ostendens,
1814 4633 2151 4704 quandoqui-

576 4719 696 4772 dem
723 4719 848 4774 hinc
879 4720 996 4774 illos
1029 4721 1364 4776 venerabiles
1403 4722 1593 4777 reddit.
1638 4723 1807 4792 Super
1857 4725 2150 4778 cathedram

577 4810 749 4880 Moysi
768 4813 1021 4876 sederunt,
1043 4812 1229 4882 inquit.
1252 4813 1382 4880 Quia
1424 4829 1529 4868 non
1555 4823 1760 4882 poterat
1810 4814 1928 4870 illos
1948 4831 2012 4869 ex
2043 4816 2148 4868 vita

573 4902 953 4957 commendare
974 4943 990 4969 ,
1012 4919 1041 4956 a
1071 4905 1260 4973 quibus
1285 4905 1477 4961 licebat
1501 4905 1550 4960 id
1574 4904 1717 4970 facit,
1741 4921 1772 4959 a
1799 4907 1926 4961 sede
1955 4921 2148 4976 nempe

574 5009 628 5048 et
650 5010 677 5045 a
707 4995 1049 5050 successione
1068 4997 1109 5049 '.
1145 4995 1328 5050 Omnia
1348 5010 1522 5053 autem
1550 5014 1669 5054 cum
1693 4998 1864 5064 audis,
1892 5015 1958 5054 ne
1982 5009 2142 5055 totam

576 5086 748 5154 legem
775 5101 894 5140 esse
926 5090 1109 5157 putes;
1155 5088 1222 5143 de
1247 5089 1378 5143 cibis
1409 5107 1599 5157 nempe
1619 5131 1635 5156 ,
1675 5090 1742 5146 de
1772 5093 2048 5147 sacriﬁciis
2096 5101 2152 5146 et

576 5176 858 5231 similibus.
886 5178 1164 5244 Quomodo
1185 5181 1326 5235 enim
1350 5179 1463 5236 lucc
1483 5182 1719 5237 dicturus
1741 5193 1876 5249 erat,
1905 5186 1995 5253 qui
2027 5197 2150 5239 ante

576 5269 896 5325 sustulerat?
918 5269 1020 5326 Sed
1049 5270 1234 5326 Omnia
1253 5272 1399 5339 dicit,
1429 5291 1546 5344 qua:
1575 5291 1749 5330 mores
1776 5276 2148 5341 emendarent,

576 5373 632 5418 et
655 5365 1022 5434 corrigerent,
1071 5381 1295 5436 qumque
1316 5383 1436 5422 cum
1486 5384 1637 5423 nova:
1686 5370 1817 5440 li-gis
1871 5373 2150 5440 prmceptis

582 5466 956 5525 congruerent,
983 5474 1157 5529 neque
1186 5462 1320 5514 ultra
1351 5460 1587 5516 sinerent
1615 5463 1713 5516 sub
1731 5465 1859 5533 jugo
1893 5465 2023 5533 legis
2066 5479 2151 5519 es-

584 5565 665 5604 re.
693 5549 803 5604 Cur
827 5565 955 5621 ergo
983 5567 1086 5607 non
1105 5569 1132 5606 a
1165 5553 1279 5623 lege
1305 5555 1489 5624 gratia:
1535 5555 1583 5609 id
1632 5557 1925 5622 constituit,
1981 5557 2071 5611 scd
2122 5573 2152 5613 a

643 5703 658 5733 ⁸
682 5701 868 5751 Titulus
891 5702 1200 5774 apud‘ttorel.
1224 5706 1403 5774 desinit
1424 5706 1516 5774 hoc
1537 5707 1704 5759 modo:
1727 5710 1990 5774 seCttttdttm
2007 5723 2155 5774 opera

579 5776 687 5812 two
709 5777 874 5813 eorum
898 5777 990 5814 non
1013 5765 1155 5825 facite
1178 5780 1196 5817 :
1224 5767 1384 5820 dicunt
1406 5768 1550 5823 enim.
1565 5778 1611 5820 et
1633 5783 1724 5821 non
1746 5773 1943 5831 ﬂtcium.

641 5850 660 5882 ³
683 5847 878 5907 Qtudam
905 5855 955 5900 ct
980 5849 1142 5901 norcl.
1167 5851 1365 5918 habent,
1385 5853 1622 5918 doctrina,
1649 5869 1754 5921 pro,
1777 5856 2088 5910 successione.

2275 1415 2388 1484 lege
2428 1414 2666 1485 Moysis?
2693 1415 2824 1482 Quia
2846 1425 2968 1471 ante
2997 1430 3209 1472 crucem
3231 1425 3439 1487 tempus
3462 1431 3566 1471 non
3597 1427 3709 1471 erat
3740 1418 3868 1471 lucc

2267 1508 2416 1561 clare
2449 1508 2721 1575 loquendi.
2753 1509 2830 1562 Ad
2864 1509 2977 1563 hanc
3004 1525 3132 1563 vero
3179 1511 3307 1564 mihi
3364 1509 3580 1580 quidem
3639 1512 3869 1566 videtur

2266 1597 2406 1650 aliud
2438 1596 2709 1669 quidpiam
2752 1600 2837 1652 hic
2871 1601 3017 1667 prius
3044 1599 3348 1668 providere.
3399 1602 3530 1670 Quia
3569 1604 3714 1656 enim
3762 1617 3865 1657 ac»

2266 1699 2546 1745 cusaturus
2571 1691 2688 1744 illos
2714 1701 2850 1758 erat,
2880 1708 2946 1746 ne
2975 1692 3042 1745 ab
3074 1693 3272 1746 insanis
3295 1693 3608 1762 quibusdam
3639 1703 3853 1763 putare.

2269 1789 2354 1833 tur
2393 1795 2578 1834 eorum
2628 1781 2977 1851 principatum
3027 1782 3252 1848 ambire,
3282 1793 3372 1837 aut
3397 1799 3461 1837 ex
3493 1783 3768 1838 inimicitia
3803 1783 3863 1837 id

2267 1872 2460 1936 facere,
2491 1873 2626 1926 hanc
2653 1875 2824 1944 priuto
2864 1875 3001 1928 tollit
3025 1875 3408 1943 suspicionem,
3439 1887 3491 1929 et
3539 1875 3606 1929 ab
3651 1875 3754 1930 hac
3782 1877 3860 1931 li-

2266 1963 2364 2017 ber
2386 1979 2641 2020 accusare
2671 1966 2873 2035 incipit.
2905 1967 3014 2020 Cur
3038 1977 3214 2021 autem
3246 1969 3419 2038 arguit
3447 1968 3588 2030 illos,
3631 1969 3862 2038 longos-

2264 2069 2367 2123 quc
2386 2070 2447 2108 ea
2476 2054 2542 2111 de
2564 2073 2622 2111 re
2641 2071 2918 2113 sermones
2946 2059 3116 2113 texit?
3162 2059 3226 2114 Ut
3253 2071 3438 2114 caveat
3468 2061 3754 2115 multitudo
3786 2077 3862 2115 na

2266 2145 2316 2198 in
2348 2146 2470 2200 talia
2501 2147 2716 2202 incidat.
2764 2149 2878 2204 Non
2905 2151 3046 2205 enim
3075 2151 3250 2205 simile
3279 2161 3362 2205 est
3389 2151 3712 2208 interdicere
3737 2194 3752 2216 ,
3802 2163 3862 2208 et

2264 2246 2546 2304 peccantes
2571 2239 2888 2294 ostendere:
2913 2242 3053 2295 sicut
3083 2257 3188 2295 non
3214 2242 3388 2296 simile
3415 2251 3496 2296 est
3524 2242 3660 2296 bona
3688 2259 3860 2312 apem

2262 2327 2496 2392 laudare,
2529 2337 2581 2382 et
2609 2328 2721 2384 haec
2747 2341 3034 2399 operantes
3059 2332 3365 2387 inmedium
3389 2333 3677 2389 adducere.
3712 2333 3860 2389 ldeo~

2261 2433 2365 2486 que
2408 2419 2522 2474 ltazc
2546 2419 2729 2476 dicere
2760 2433 3100 2494 praeoccupat
3126 2443 3138 2476 :
3174 2424 3466 2478 Secundum
3495 2437 3665 2479 autem
3696 2442 3860 2496 opera

2261 2525 2436 2563 eorum
2463 2512 2620 2565 nolite
2659 2514 2844 2582 facere.
2893 2514 2970 2570 Ne
3000 2527 3285 2586 putarent,
3334 2533 3488 2587 quem
3531 2519 3718 2572 audire
3758 2534 3859 2575 eos

2260 2603 2563 2668 oportebat,
2597 2605 2756 2658 etiam
2788 2607 2979 2660 imitari
3013 2619 3280 2678 oportere.
3314 2609 3412 2663 hac
3444 2611 3610 2664 utitur
3651 2625 3846 2664 emcn-

2259 2690 2497 2759 datione,
2523 2703 2578 2750 et
2607 2697 2746 2761 quod
2777 2697 2881 2750 illis
2911 2697 3188 2752 videbatur
3215 2699 3403 2753 honori
3425 2713 3544 2754 esse
3567 2742 3581 2765 ,
3615 2701 3667 2753 in
3690 2716 3855 2755 accit-

2259 2785 2519 2838 sationem
2570 2788 2747 2840 vertit.
2795 2788 2930 2855 Quid
2964 2790 3106 2844 enim
3147 2789 3366 2846 doctore
3423 2792 3512 2847 illo
3560 2793 3852 2848 miserabi-

2260 2874 2364 2930 lius
2389 2917 2404 2941 ,
2448 2877 2535 2947 qui
2573 2878 2861 2949 discipulos
2888 2883 2956 2936 ita
2988 2883 3160 2937 solum
3202 2899 3417 2938 servare
3443 2885 3630 2953 possit.
3665 2885 3708 2938 si
3742 2901 3852 2940 non

2255 2969 2530 3025 attendant
2559 2972 2724 3041 ipsius
2753 2974 3038 3043 operibus?
3069 2976 3141 3029 Ita
3167 2988 3222 3030 ut
3251 2977 3341 3048 qui
3372 2977 3580 3032 videtur
3609 2979 3716 3032 illis
3746 2978 3851 3032 ho-

2254 3078 2358 3117 nor
2378 3062 2592 3130 haheri,
2625 3069 2854 3122 maxime
2877 3071 2946 3123 sit
2970 3071 3275 3136 accusatio,
3318 3070 3530 3140 quando
3554 3070 3714 3126 talem
3762 3073 3851 3126 vi-

2255 3161 2360 3208 tam
2388 3154 2607 3222 ducunt,
2646 3173 2750 3226 qua
2782 3159 3077 3215 imitatores
3105 3161 3186 3215 sui
3213 3171 3643 3230 corrumpantur.
3696 3163 3852 3218 Ideo-

2253 3261 2358 3316 que
2387 3248 2455 3302 ad
2501 3249 2824 3306 iucusandos
2866 3252 2983 3307 illos
3012 3269 3071 3309 se
3095 3255 3380 3312 convertit.
3412 3255 3598 3327 Neque
3637 3272 3702 3312 ca
3754 3273 3850 3314 so-

2257 3340 2364 3394 lum
2387 3340 2454 3396 de
2480 3357 2638 3397 causa
2661 3385 2675 3408 ,
2710 3343 2803 3398 sed
2831 3354 2888 3398 ut
2927 3346 3193 3409 ostendat.
3237 3347 3662 3404 incredulitatem
3695 3351 3848 3420 prio-

2257 3449 2369 3488 rcnt
2393 3449 2600 3500 eorum,
2634 3443 2688 3490 et
2711 3436 3057 3506 cruciligendi
3091 3437 3294 3492 facinus
3323 3439 3464 3510 quod
3493 3449 3675 3508 postea
3719 3456 3846 3496 sus-

2256 3537 2530 3595 ceperunt,
2560 3542 2664 3580 non
2693 3528 2951 3594 cruciﬁxi,
2983 3530 3065 3582 cui
3099 3546 3204 3583 non
3236 3531 3599 3598 crediderunt,
3628 3533 3847 3602 culpam

2260 3631 2401 3683 esse,
2430 3616 2524 3672 sed
2567 3618 2932 3687 improborum
2986 3621 3422 3690 iugratorumque
3449 3622 3681 3678 illorum.
3715 3625 3848 3678 l'cr-

2258 3709 2429 3780 pende
2457 3720 2634 3763 autem
2668 3709 2808 3765 unde
2847 3712 3085 3782 incipiat,
3115 3723 3168 3767 et
3197 3713 3335 3767 unde
3360 3713 3585 3768 crimina
3625 3725 3842 3784 augeat.

2256 3801 2473 3868 Dicunt,
2509 3803 2696 3873 inquit,
2726 3812 2891 3858 etnon
2913 3807 3125 3875 faciunt.
3150 3805 3377 3876 Singuli,
3398 3807 3589 3878 inquit,
3621 3810 3849 3878 perinde

2253 3894 2502 3962 culpandi
2546 3903 2703 3959 sunt,
2735 3896 2822 3965 qui
2869 3897 3039 3966 legem
3074 3899 3577 3965 transgrediuntur;
3608 3899 3848 3958 maxime

2254 3999 2433 4063 autem
2482 3987 2527 4042 is
2580 3989 2667 4056 qui
2707 3987 2932 4044 docendi
2981 3990 3353 4044 auctoritatem
3402 3989 3589 4046 habet:
3643 3991 3847 4063 duplici

2254 4057 2450 4156 qufppe
2491 4088 2544 4132 et
2583 4079 2775 4146 triplici
2821 4079 3150 4134 damnationi
3199 4081 3463 4136 obnoxius
3511 4091 3613 4137 est.
3656 4057 3846 4141 Primo

2255 4168 2492 4238 quidem,
2537 4169 2676 4238 quod
2719 4169 3174 4241 trausgrediatur;
3215 4173 3484 4235 secundo,
3530 4174 3672 4243 quod
3720 4190 3847 4232 cum

2254 4260 2387 4314 alios
2427 4261 2712 4316 emendare
2755 4260 2998 4326 deberet,
3048 4263 3242 4318 deinde
3295 4265 3434 4334 quod
3457 4265 3760 4322 claudicans
3789 4269 3843 4323 id

2255 4349 2432 4416 faciat,
2462 4351 2531 4406 ob
2563 4353 2728 4422 ipsam
2758 4352 3067 4423 dignitatem
3098 4355 3284 4423 majori
3321 4371 3474 4424 paena
3503 4355 3696 4426 dignus
3717 4369 3842 4421 est;

2259 4444 2418 4499 tertio
2439 4485 2454 4510 ,
2484 4443 2628 4515 quod
2657 4446 2879 4513 majoris
2911 4447 3230 4516 corruptela!
3268 4460 3427 4501 causa
3469 4447 3568 4512 sit,
3617 4449 3740 4518 quia
3787 4453 3845 4504 in

2253 4535 2490 4591 doctoris
2509 4537 2699 4591 ordine
2726 4536 2839 4591 haec
2858 4548 3155 4608 perpetret.
3187 4539 3267 4593 Ad
3296 4544 3409 4594 lucc
3453 4539 3594 4595 aliud
3626 4556 3845 4612 quoque

2241 4626 2380 4696 ipsis
2405 4628 2605 4682 crimen
2637 4627 2846 4697 objicit,
2875 4630 3018 4697 quod
3062 4643 3186 4698 erga
3215 4631 3350 4684 alios
3375 4631 3484 4685 sint
3511 4631 3692 4686 acerbi
3720 4650 3734 4688 :
3779 4634 3840 4689 4.

2251 4718 2478 4790 Alligant
2502 4718 2634 4773 enim
2659 4735 2816 4773 onera
2845 4721 3018 4790 gravia
3035 4729 3080 4772 ct
3101 4721 3466 4790 importabilia,
3496 4732 3543 4775 et
3571 4724 3845 4793 imponunt

2251 4813 2301 4865 in
2322 4814 2556 4865 humeros
2576 4811 2869 4876 hominum;
2899 4814 3059 4884 digito
3086 4822 3252 4866 autem
3291 4829 3384 4868 suo
3421 4815 3599 4879 nolunt
3624 4833 3683 4870 ea
3725 4834 3844 4872 nio-

2251 4919 2381 4958 vcre.
2418 4904 2688 4972 Duplieem
2722 4903 2808 4959 hic
2834 4905 3122 4974 nequitiam
3157 4916 3453 4971 memorat,
3491 4909 3632 4978 quod
3654 4925 3681 4962 a
3710 4912 3847 4965 sub-

2251 4996 2377 5051 ditis
2429 4995 2551 5050 sine
2584 4996 2684 5049 ulla
2713 4997 2864 5050 venia
2897 4996 3139 5052 sedulam
3186 4999 3463 5068 requirant
3487 5000 3607 5056 vita:
3634 5003 3842 5071 purita-

2253 5089 2715 5157 tem,multamque
2742 5088 2839 5141 sibi
2882 5088 3146 5144 licentiam
3178 5091 3512 5157 permittant;
3543 5095 3683 5163 quod
3710 5109 3846 5148 con-

2254 5184 2473 5238 trurium
2509 5191 2591 5236 est
2623 5181 2747 5235 boni
2781 5182 3036 5250 principis
3069 5182 3281 5247 cilicio,
3321 5185 3460 5254 quod
3493 5188 3648 5241 estin
3681 5188 3845 5246 rebus

2253 5289 2312 5328 se
2357 5273 2722 5341 spectantibus
2754 5272 2988 5342 judicem
3031 5288 3150 5328 esse
3183 5288 3429 5330 severum
3460 5292 3522 5331 ac
3568 5279 3687 5335 sine
3737 5281 3844 5336 ulla

2252 5364 2406 5418 venia
2435 5379 2448 5426 ;
2493 5363 2542 5416 in
2574 5363 2904 5417 subditorum
2935 5377 3064 5417 vero
3094 5365 3327 5432 peccatis
3356 5367 3534 5421 mitem
3561 5378 3616 5427 et
3647 5370 3712 5423 ad
3747 5387 3842 5426 ve-

2254 5459 2393 5513 niam
2415 5455 2643 5511 dandam
2669 5471 2889 5524 pronum
2923 5473 2937 5510 :
2971 5455 3024 5512 bi
3039 5471 3167 5511 vero
3200 5461 3524 5514 contrarium
3551 5462 3842 5521 faciebant.

2315 5575 2370 5629 2.
2387 5576 2545 5629 Tales
2562 5583 2689 5630 sunt
2707 5573 2741 5627 ii
2760 5587 2950 5628 omnes
2973 5573 3065 5644 qui
3082 5576 3257 5632 verbis
3274 5577 3751 5652 philosophantur,
3764 5601 3844 5641 se-

2259 5669 2369 5722 veri
2394 5683 2586 5737 nempe
2601 5677 2655 5722 ct
2673 5665 3153 5732 immisericordes,
3174 5679 3359 5740 utpote
3383 5673 3566 5742 operis
3602 5676 3839 5732 difﬁcul-

2262 5772 2423 5817 tatem
2455 5775 2562 5815 non
2602 5761 2826 5831 experti.
2868 5757 2981 5814 Nec
3013 5761 3222 5816 modica
3257 5773 3339 5818 est
3364 5764 3452 5818 illa
3493 5766 3815 5836 improbitas

2263 5872 2327 5911 uc
2339 5869 2438 5928 que
2458 5869 2646 5925 parum
2668 5864 2826 5926 augct
2845 5853 3298 5911 criminationem.
3317 5855 3395 5912 Tu
3413 5873 3538 5914 vero
3557 5860 3686 5915 mihi
3709 5875 3841 5917 con-
