4074 6426
261 412 365 470 669

257 532 469 585 sitleres
489 526 648 580 velim
664 562 680 587 ,
708 520 985 593 quomodo
1004 520 1211 575 crimen
1250 527 1464 588 augeat.
1489 515 1674 586 Neque
1695 519 1842 569 enin.

254 624 413 686 dixit,
434 622 551 675 Non
570 625 819 689 possunt,
835 614 952 678 sed,
969 613 1207 667 Nolunt:
1222 627 1400 682 neque
1420 611 1576 676 dixit,
1599 610 1846 670 Portare,

251 718 372 778 sed,
400 714 583 783 οἱςὶιο
601 725 819 774 mouere,
846 708 897 762 id
921 717 1023 771 est,
1044 720 1144 760 nec
1167 719 1330 774 prope
1354 703 1640 764 accedere,
1667 712 1846 769 neque

259 816 501 866 tangere.
545 802 649 858 Sed
695 801 908 855 ubinam
951 797 1171 853 studiosi
1208 805 1262 850 et
1287 796 1570 862 diligentes
1598 787 1765 842 sunt?
1791 787 1846 840 In

259 897 544 968 prohibitis
569 912 584 959 ;
614 910 732 948 nam
759 893 834 948 ait
862 911 874 943 :
908 891 961 946 5.
997 885 1184 944 Omnia
1211 887 1511 952 enimapera
1527 899 1618 937 suo
1631 881 1846 968 faciunt,

257 999 311 1042 at
358 988 626 1040 rideantur
667 986 730 1037 ab
769 982 1066 1036 hominibus.
1096 979 1270 1033 Inanis
1297 975 1481 1046 gloriae
1505 972 1850 1060 cupiditatem

257 1093 444 1131 eorum
496 1075 579 1128 bis
610 1073 866 1137 traducit,
895 1085 998 1141 qua
1027 1070 1316 1139 perierunt.
1349 1066 1528 1120 Priora
1557 1064 1700 1118 enim
1724 1072 1847 1116 cru”-

254 1168 492 1221 delitatis
529 1176 583 1218 et
625 1164 842 1218 desidia:
887 1172 1073 1224 erant,
1123 1159 1238 1214 haec
1267 1168 1442 1213 autem
1471 1156 1642 1209 inanis
1668 1152 1852 1219 gloria:

257 1256 586 1325 cupiditatis.
635 1255 746 1309 Hoc
790 1233 916 1308 illos
956 1268 986 1304 a
1030 1253 1139 1306 Deo
1166 1249 1430 1305 removit:
1461 1247 1562 1301 hoc
1591 1243 1768 1299 effecit
1796 1249 1852 1296 ut

259 1349 310 1402 in
355 1348 464 1401 alio
506 1347 714 1400 theatro
755 1351 1156 1410 concertarent,
1198 1351 1250 1395 et
1297 1340 1551 1409 perirent.
1581 1335 1716 1390 Nam
1741 1333 1852 1388 suis

260 1439 655 1510 spectatoribus
693 1437 914 1507 quisque
946 1435 1158 1504 placere
1179 1431 1358 1490 studet
1387 1446 1480 1500 per
1499 1428 1853 1522 certaminum

259 1533 572 1600 qualitatem
603 1548 616 1583 ε
649 1530 736 1599 qui
763 1539 887 1585 ante
910 1529 1327 1601 virosstrenuos
1359 1532 1558 1595 pugnat
1589 1522 1707 1576 talia
1735 1531 1820 1574 stu
1839 1549 1852 1560 -

261 1622 353 1677 det
382 1621 672 1676 certamina
697 1622 932 1686 referre;
963 1622 1050 1691 qui
1078 1635 1206 1674 vero
1234 1629 1358 1673 ante
1381 1616 1596 1672 timidos
1620 1625 1674 1670 et
1703 1616 1852 1685 igua-

261 1727 359 1766 vos
379 1752 393 1776 ,
448 1713 563 1780 ipse
610 1727 819 1782 quoque
850 1711 1070 1780 ignavus
1100 1709 1346 1766 efﬁcitur.
1381 1708 1539 1763 Verbi
1567 1707 1734 1777 gratia
1759 1745 1775 1768 ,
1807 1705 1852 1758 si

263 1803 385 1870 quis
414 1810 768 1870 spectatorem
797 1800 994 1856 habeat
1017 1801 1181 1855 risum
1212 1809 1479 1854 amantem
1498 1839 1514 1865 ,
1542 1798 1708 1851 risum
1739 1797 1855 1865 ipse

266 1900 483 1956 movet,
532 1900 584 1946 ut
633 1902 987 1960 spectatorem
1029 1891 1298 1955 delectet;
1331 1891 1470 1945 alius
1499 1888 1585 1959 qui
1621 1887 1852 1958 philoso-

263 1981 428 2050 phum
477 1995 532 2038 et
577 1983 872 2037 studiosum
901 1983 1060 2038 habet
1084 1991 1439 2051 spectatorem
1459 2021 1477 2047 ,
1510 1979 1630 2034 talis
1655 1989 1712 2035 et
1741 1979 1856 2048 ipse

264 2073 402 2126 el'lici
426 2081 594 2126 curat
614 2115 627 2134 .
660 2073 778 2142 quin
811 2075 932 2126 talis
961 2081 1045 2126 est
1070 2072 1336 2127 laudantis
1358 2073 1586 2125 animus.
1613 2069 1710 2123 llic
1739 2084 1856 2122 rur-

262 2179 380 2217 sum
431 2162 550 2216 vide
594 2163 862 2233 quomodo
902 2163 1106 2216 crimen
1151 2161 1459 2231 ampliﬁcet.
1503 2161 1686 2230 Neque
1710 2159 1854 2214 enim

262 2253 364 2307 alia
410 2253 489 2307 sic
509 2295 523 2316 ,
557 2253 660 2307 alia
682 2269 806 2308 vero
835 2270 939 2308 non
967 2254 1044 2308 sic
1073 2252 1306 2319 faciunt;
1339 2252 1433 2308 sed
1460 2253 1638 2307 omnia
1665 2251 1854 2311 similis

265 2355 364 2398 ter.
417 2344 618 2399 Deinde
669 2353 948 2416 postquam
995 2361 1144 2400 vana:
1191 2345 1379 2416 gloria:
1425 2347 1853 2400 criminationem

264 2434 394 2503 ipsis
438 2434 748 2501 obtulerat,
793 2443 1055 2489 monstrat
1096 2451 1192 2490 eos
1217 2450 1324 2489 non
1351 2437 1418 2489 de
1449 2438 1652 2506 magnis
1678 2444 1732 2490 et
1761 2449 1853 2488 ne-

265 2527 515 2579 cessariis
561 2525 775 2595 gloriari
823 2524 975 2597 (nihil
1022 2529 1164 2582 enim
1213 2527 1318 2580 tale
1364 2526 1667 2590 habebant;
1701 2535 1855 2580 erant

261 2617 460 2686 quippe
506 2617 660 2670 bouis
697 2618 946 2688 operibus
991 2632 1210 2687 prorsus
1253 2617 1468 2688 vacui),
1508 2618 1602 2673 sed
1654 2617 1722 2672 de
1761 2616 1854 2670 fri-

265 2708 402 2776 gidis
439 2716 496 2763 et
540 2707 610 2776 dp
654 2710 888 2764 minimis
929 2710 1091 2764 rebus
1141 2711 1196 2776 ³,
1241 2725 1361 2779 qua:
1406 2719 1560 2764 erant
1602 2709 1852 2778 nequitia:

264 2801 476 2856 illorum
509 2802 722 2856 indicia.
756 2801 984 2857 Dilatant
1013 2803 1146 2857 enim
1174 2803 1486 2873 pltylacteria
1509 2819 1622 2868 sua,
1649 2803 1849 2872 inquit;

259 2902 309 2945 at
331 2892 659 2961 magniﬁcam
676 2891 900 2960 fimbrias
917 2894 1318 2947 vestimentorum
1338 2909 1566 2947 sacram.

331 2979 665 3052 Phylacteria
708 2984 828 3052 quid
873 2995 1054 3038 essent.
1085 3014 1150 3026 -ν
1195 2985 1369 3056 Ecqua
1397 2996 1521 3040 sunt
1551 2985 1636 3040 illa
1664 2984 1853 3056 phyla-

255 3073 427 3126 cteria
448 3110 465 3138 ,
509 3082 628 3142 qua:
658 3073 879 3128 (imbris:
899 3074 924 3125 Ἰ
948 3075 1080 3142 Quia
1115 3090 1257 3144 saepe
1283 3076 1733 3132 obliviscebantnr
1765 3077 1856 3131 he-

258 3161 575 3218 neﬂciorum
609 3163 722 3228 Dei,
745 3164 902 3234 jussit
933 3169 983 3220 in
1015 3167 1250 3222 minima:
1275 3168 1432 3220 molis
1449 3168 1596 3222 libris
1621 3169 1851 3222 describi

258 3257 516 3311 miracula
560 3257 762 3326 ipsius,
811 3268 866 3313 et
906 3261 1135 3330 appendi
1165 3261 1408 3315 manibus
1437 3277 1644 3316 eornm.
1677 3262 1852 3329 Quare

255 3347 392 3402 dixit
434 3369 448 3404 :
504 3347 613 3402 Nec
661 3351 1043 3404 remouebantur
1081 3352 1144 3406 ab
1169 3353 1329 3406 oculis
1357 3353 1454 3406 tuis
1484 3352 1661 3424 (Deut.
1690 3355 1742 3408 6.
1772 3352 1850 3425 8).

255 3441 390 3511 Quae
436 3442 795 3513 phylacteria,
840 3446 992 3521 quasi
1035 3445 1183 3500 dicas
1225 3448 1624 3500 conservatoris
1649 3489 1664 3514 ,
1694 3461 1852 3501 voca-

257 3534 483 3600 bantur,
517 3542 575 3588 ut
610 3536 790 3589 multa:
833 3551 974 3590 nunc
1013 3537 1268 3591 mulieres
1304 3538 1580 3608 evangelia
1616 3553 1682 3592 ex
1711 3537 1853 3593 collo

257 3625 547 3696 pendentia
593 3626 790 3681 habent
815 3644 829 3694 ;
857 3636 911 3682 et
941 3636 998 3682 ut
1023 3618 1239 3683 aliunde
1270 3630 1322 3682 in
1350 3632 1664 3684 memoriam
1692 3630 1852 3684 redu-

255 3728 488 3781 cantur,
531 3717 585 3771 id
633 3719 775 3788 quod
820 3719 970 3772 multi
996 3733 1140 3789 sa>pe
1183 3719 1420 3786 faciunt,
1468 3719 1750 3776 oblivionis
1775 3721 1853 3775 vi-

258 3807 438 3862 tanda:
456 3822 616 3862 causa
645 3809 753 3863 lino
777 3818 868 3864 aut
897 3809 984 3863 ﬁlo
1006 3810 1228 3880 digitum
1256 3811 1481 3881 ligantes
1499 3851 1515 3877 ,
1544 3811 1644 3867 hoc
1668 3813 1774 3867 illis
1797 3821 1854 3867 ut

261 3903 444 3968 pueris
484 3900 623 3955 Deus
660 3899 837 3958 facere
865 3904 1134 3973 prmeepit,
1157 3903 1556 3974 hyacinthiuam
1586 3905 1770 3960 vittam
1798 3907 1850 3960 in

259 4005 358 4046 ora
385 3993 550 4046 vestis
573 3993 713 4047 circa
744 3993 910 4062 pedes
941 4009 1162 4050 assuere
1185 3994 1376 4063 (Nam.
1405 3997 1495 4050 15.
1520 3996 1613 4066 38)
1639 4038 1654 4060 ,
1685 4009 1739 4051 ut
1768 3997 1854 4052 his

257 4086 499 4140 animum
525 4085 842 4158 adhibentes
875 4099 1263 4156 praeceptorum
1285 4089 1735 4155 recordarentur;
1763 4105 1852 4145 vo-

246 4176 626 4246 ‘cabanturque
669 4165 913 4232 ﬁmbriae.
954 4179 1011 4234 In
1058 4179 1140 4234 bis
1167 4196 1295 4250 ergo
1321 4181 1545 4236 studiosi
1571 4191 1720 4236 erant
1743 4222 1759 4248 ,
1791 4182 1852 4237 li-

257 4266 448 4336 gacula
488 4265 749 4321 librorum
791 4269 1140 4326 extendentes
1164 4310 1179 4335 ,
1227 4280 1281 4326 et
1323 4273 1561 4328 ﬁmbrias
1600 4274 1734 4328 latas
1769 4271 1853 4330 τις

257 4359 504 4424 cientes;
531 4358 672 4431 quod
703 4361 875 4416 inanis
904 4363 1087 4431 gloritn
1112 4376 1410 4420 extremum
1432 4375 1566 4421 erat.
1591 4365 1700 4420 Cur
1724 4383 1854 4438 ergo

259 4449 352 4504 illa
379 4449 664 4506 ambitiose
685 4452 932 4507 extendis
951 4455 976 4505 ῗ
997 4468 1064 4510 an
1091 4454 1143 4509 id
1171 4456 1290 4509 boni
1314 4460 1491 4525 Operis
1513 4458 1631 4513 loco
1652 4458 1855 4515 habes?

261 4556 390 4596 num
418 4543 546 4611 quid
573 4543 662 4598 tibi
695 4555 950 4632 prosunt,
980 4548 1082 4602 nisi
1127 4548 1259 4610 hine
1277 4551 1400 4618 quid
1446 4550 1710 4607 lucraris?
1735 4553 1851 4610 Non

258 4635 404 4687 enim
449 4635 643 4700 quasrit
671 4635 810 4690 Dens
837 4647 895 4691 ut
921 4637 1008 4692 illa
1032 4640 1290 4695 extendas
1322 4652 1373 4697 et
1401 4644 1696 4714 amplillces
1716 4685 1731 4710 ,
1757 4647 1852 4702 sed

259 4733 319 4778 ut
344 4724 548 4780 eximia
565 4740 726 4795 opera
742 4729 862 4797 ejus
877 4732 1356 4812 memoriateneas.
1379 4734 1531 4802 Quod
1559 4739 1602 4792 si
1623 4737 1692 4793 de
1706 4739 1852 4795 elee-

261 4831 487 4889 mosyna
515 4827 571 4874 et
591 4819 816 4889 jejunio,
846 4837 966 4891 qua:
991 4824 1252 4880 laboriosa
1273 4838 1397 4882 sunt
1426 4839 1480 4883 et
1507 4830 1849 4901 bona-Opera,

261 4907 522 4972 nou‘lieet
543 4909 757 4979 gloriari
790 4931 804 4966 :
833 4927 930 4968 cur
948 4921 1002 4968 tu
1021 4914 1107 4968 illa
1135 4927 1370 4973 ostentas
1389 4961 1403 4984 ,
1427 4937 1459 4974 o
1487 4921 1671 4977 Jud:ee
1689 4967 1705 4992 ,
1734 4940 1854 4995 quae

262 4997 527 5053 desidiam
551 5010 696 5056 tuam
720 5005 953 5059 maxime
977 5010 1242 5075 arguunt?
1267 5011 1344 5064 Illi
1365 5027 1494 5066 vero
1524 5016 1715 5069 nonad
1740 5016 1854 5072 haec

260 5091 436 5143 solum
457 5131 475 5157 ,
496 5091 591 5146 sed
622 5101 678 5146 et
704 5094 771 5148 ad
793 5095 896 5149 alia
922 5100 1121 5152 minora
1151 5103 1394 5165 morbum
1424 5122 1578 5160 suum
1606 5111 1856 5166 extende-

260 5181 412 5236 bant.
437 5181 496 5238 ϐ.
523 5183 709 5239 Amant
741 5189 896 5251 attint.
934 5191 1134 5260 inquit,
1165 5196 1353 5262 primos
1382 5202 1640 5256 accubitus
1669 5206 1721 5258 in
1749 5222 1852 5260 cm-

260 5273 372 5336 ais,
413 5283 464 5328 ct
507 5277 697 5342 primos
736 5294 996 5336 consessus
1031 5284 1086 5338 in
1109 5289 1412 5358 συνωμοσία,
1439 5293 1488 5346 7.
1520 5304 1567 5347 et
1589 5297 1857 5352 salutatio-

261 5378 351 5419 ια
386 5363 444 5419 in
487 5369 632 5438 foro,
674 5378 721 5422 et
745 5375 916 5427 vocari
943 5375 1006 5428 ab
1035 5379 1346 5450 hominibus,
1387 5384 1564 5441 Rabbi.
1601 5389 1726 5444 lltcc
1753 5394 1854 5448 etsi

255 5470 425 5523 parva
468 5459 756 5517 videantur
799 5482 952 5532 esse,
996 5473 1274 5540 grandiora
1324 5487 1498 5533 tamen
1545 5495 1663 5537 sunt
1695 5500 1854 5540 causa

265 5549 551 5606 malorum.
598 5551 724 5609 Hac
762 5566 814 5612 et
857 5561 1098 5616 civitates
1143 5575 1197 5620 et
1228 5567 1494 5624 Eetlesins
1524 5587 1852 5637 everterunt.

266 5635 448 5711 Neque
496 5657 530 5701 a
575 5643 826 5720 lacrymis
869 5654 1140 5712 abstinere
1187 5676 1442 5732 possum,
1490 5680 1611 5723 cum
1638 5671 1857 5741 primos

327 5792 348 5827 ι
374 5793 498 5851 Alii.
515 5798 578 5855 de
595 5802 738 5858 rebus
759 5804 968 5861 ntininis
993 5817 1037 5862 et
1059 5811 1240 5867 nullius
1260 5817 1427 5878 pretii.

1205 399 1274 456 lN
1308 399 1726 458 MATTHAEUI!
1765 393 1998 454 BOMIL.
2037 383 2364 451 LXXILal.
2404 393 2640 452 LXXIII.

1955 524 2245 567 consessus
2291 510 2452 581 audio
2497 519 2552 565 et
2595 510 2980 578 salutationes,
3027 517 3087 568 et
3133 511 3312 583 cogito
3359 524 3558 582 quanta

1955 600 2082 656 hinc
2133 601 2273 668 mala
2320 601 2416 658 Dei
2466 600 2721 658 Ecclesiis
2748 602 3084 671 pariantur;
3116 618 3237 672 qnze
3260 602 3371 673 jam
3406 603 3562 658 vobis

1953 691 2222 746 recenseri
2271 706 2557 761 opusnon
2609 700 2693 747 est
2725 709 2738 745 :
2771 692 3013 748 seniores
3046 695 3241 764 quippe
3269 695 3319 748 id
3346 710 3372 747 a
3403 695 3560 750 nobis

1953 779 2193 836 ediscere
2237 797 2342 836 non
2394 781 2613 838 debent.
2652 782 2740 838 -Τα
2791 799 2920 839 vero
2968 786 3273 855 perpende,
3302 797 3563 857 quantum

1954 883 2101 929 esset
2145 874 2319 929 inanis
2370 874 2557 944 gloria
2601 874 2873 943 studium,
2919 877 3008 931 ubi
3043 878 3369 945 jubebantur
3410 878 3560 934 illam

1956 962 2180 1033 fugere;
2230 966 2284 1020 in
2332 966 2621 1037 synagogis
2653 982 2875 1038 nempe,
2908 967 2996 1021 nhi
3024 970 3159 1024 alios
3187 970 3435 1026 edoctum
3465 985 3562 1025 ve-

1956 1055 2198 1111 niebant.
2232 1054 2288 1111 in
2318 1058 2492 1112 c'cenis
2515 1057 2659 1112 enim
2692 1058 2822 1125 illud
2849 1059 3059 1113 admitti
3088 1061 3254 1130 magis
3282 1061 3560 1116 ferendum

1957 1146 2170 1200 videtur
2211 1163 2228 1200 :
2277 1161 2604 1219 quamquam
2653 1158 2708 1203 et
2747 1149 2854 1204 illic
2893 1149 3167 1204 doctorem
3195 1153 3404 1207 caeteris
3426 1169 3564 1224 pra:-

1955 1247 2102 1293 stare
2147 1252 2242 1308 par
2282 1249 2434 1308 erat,
2468 1256 2576 1296 non
2603 1243 2656 1296 in
2682 1243 2926 1298 ecclesiis
2953 1253 3156 1299 tantum
3181 1286 3196 1311 ,
3230 1245 3326 1301 sed
3356 1253 3413 1300 et
3440 1248 3560 1301 ubi-

1957 1344 2083 1398 que.
2107 1331 2570 1402 Quemadmodum
2603 1334 2746 1388 euim
2777 1334 2973 1402 homo,
3005 1327 3344 1407 quocumque
3368 1337 3562 1395 inloco

1957 1430 2248 1490 appareat,
2278 1422 2491 1477 caeteris
2519 1424 2882 1480 animantibus
2911 1437 3165 1496 praestare
3188 1428 3558 1499 dignoscitur:

1958 1513 2038 1568 sic
2081 1513 2358 1569 doctorem
2385 1525 2439 1570 et
2467 1515 2774 1586 loquentem
2805 1527 2858 1573 et
2884 1528 3182 1586 tacentem,
3211 1531 3266 1576 et
3294 1522 3565 1591 pranden-

1962 1615 2067 1659 tem
2110 1614 2167 1659 et
2193 1605 2406 1675 quidvis
2441 1605 2759 1674 facientem,
2788 1611 2998 1665 exteris
3026 1613 3284 1681 praestare
3314 1629 3410 1683 par
3438 1624 3561 1683 est,

1959 1694 2021 1749 in
2061 1695 2309 1762 incessu,
2362 1699 2414 1752 in
2466 1711 2720 1769 aspectu.
2761 1702 2813 1756 in
2855 1702 3075 1772 habitu,
3121 1711 3176 1759 et
3205 1705 3258 1760 in
3287 1707 3562 1763 omnibus.

1961 1784 2040 1839 illi
2084 1801 2211 1842 vero
2248 1789 2485 1860 undique
2533 1791 2743 1846 ridiculi
2774 1801 2963 1860 erant,
2992 1786 3560 1871 et'undique'turpes,

1959 1877 2080 1948 quia
2111 1879 2200 1934 illa
2232 1881 2479 1950 persequi
2520 1883 2850 1949 studebant,
2878 1901 2998 1954 qua:
3024 1886 3212 1957 lugere,
3255 1889 3560 1959 oportebat.

1958 1969 2180 2035 Amant,
2229 1972 2432 2041 inquit;
2481 1974 2525 2027 si
2573 1989 2758 2031 amare
2799 1977 3004 2032 crimen
3040 1987 3158 2043 est,
3193 1978 3370 2036 facere
3394 1996 3566 2051 quan-

1964 2069 2074 2112 tum
2118 2063 2259 2116 erit?
2307 2062 2395 2118 illa
2437 2065 2653 2132 venari,
2687 2077 2740 2121 et
2766 2068 2981 2138 assequi
3026 2071 3273 2138 studere,
3303 2082 3565 2143 quantum

1961 2152 2064 2204 erit
2094 2153 2290 2207 malum
2319 2157 2343 2203 ‘I

2033 2242 2086 2295 3.
2120 2241 2175 2296 lu
2202 2244 2414 2299 exteris
2442 2245 2660 2315 quidem
2685 2261 2941 2304 accusare
2969 2251 3098 2305 satis
3129 2251 3312 2308 habuit
3333 2296 3348 2320 ,
3377 2266 3566 2325 utpote

1960 2347 2081 2402 qua:
2129 2349 2289 2404 parva
2336 2346 2518 2393 essent
2564 2349 2618 2392 et
2663 2340 2822 2408 vilia,
2868 2357 2969 2398 nec
3016 2343 3278 2402 deberent
3314 2347 3564 2417 discipuli

1961 2426 2102 2480 circa
2154 2427 2239 2482 illa
2288 2430 2482 2500 corrigi
2542 2447 2557 2487 :
2606 2432 2749 2501 quod
2798 2442 2977 2490 autem
3026 2439 3268 2494 omnium
3297 2441 3565 2496 malorum

1960 2529 2122 2569 causa
2168 2528 2318 2584 erat,
2369 2523 2698 2591 principatus
2743 2540 2982 2581 amorem
3004 2567 3018 2589 ,
3048 2537 3104 2582 et
3130 2528 3395 2584 doctrina:
3418 2533 3567 2588 sedis

1961 2598 2294 2664 invasionem
2316 2651 2332 2675 ,
2384 2612 2517 2669 illud
2539 2657 2554 2681 ,
2607 2617 2860 2687 inquam,
2891 2617 2944 2672 in
2976 2619 3213 2674 medium
3244 2622 3518 2679 adducens
3545 2667 3564 2694 ,

1957 2699 2248 2771 diligenter
2287 2707 2558 2777 corrigere
2603 2711 2816 2777 studet,
2856 2712 2908 2766 in
2940 2711 3026 2768 his
3052 2714 3403 2772 vehementer
3430 2700 3564 2773 insi-

1959 2799 2130 2846 stens.
2160 2794 2296 2861 Quid
2327 2798 2469 2851 enim
2496 2800 2616 2853 ait?
2641 2803 2693 2856 8.
2724 2783 2844 2857 τγοέ
2867 2818 2986 2858 vero
3003 2803 3160 2861 nolite
3183 2807 3356 2862 vocari
3375 2806 3563 2866 Rabbi.

1963 2881 2097 2937 Hinc
2135 2899 2294 2940 causa
2335 2888 2716 2961 subjungitur:
2749 2892 2896 2950 Unus
2936 2906 3010 2951 est
3038 2899 3173 2954 enim
3203 2899 3453 2973 Magister
3471 2917 3562 2958 ve-

1959 2981 2101 3040 ster;
2148 2990 2323 3032 omnes
2346 2991 2513 3034 astet»
2540 2997 2628 3036 vos
2671 2984 2858 3052 fratres
2899 2988 3059 3054 estis;
3089 3004 3190 3051 nec
3218 2991 3356 3047 alter
3384 2993 3560 3049 altero

1961 3069 2299 3132 prtestautior
2335 3082 2454 3138 est,
2479 3087 2601 3128 cum
2631 3077 2761 3131 nihil
2792 3093 2861 3133 ex
2890 3083 3071 3149 seipse
3096 3082 3310 3141 habeat.
3341 3085 3468 3143 Ideo
3489 3089 3563 3145 ait

1959 3153 2155 3210 Paulus
2199 3159 2394 3250 :V’Quis
2443 3159 2644 3218 Paulus
2694 3181 2715 3220 :
2755 3174 2868 3239 quis
2901 3170 3132 3238 Apollo?
3172 3176 3285 3245 quis
3322 3175 3565 3250 Captus?

1959 3260 2125 3300 nonne
2155 3249 2369 3304 ministri
2397 3252 2476 3318 (l.
2510 3252 2629 3310 Cor.
2664 3257 2718 3311 ὅ.
2747 3259 2803 3313 4.
2833 3259 2936 3330 5)τ
2963 3262 3081 3319 Νοη
3099 3265 3252 3334 dicit,
3270 3263 3560 3329 Doctores.

1958 3336 2028 3392 Et
2073 3339 2265 3396 iterum
2314 3360 2329 3396 :
2376 3343 2428 3399 9.
2480 3345 2565 3402 Ne
2610 3352 2794 3406 vocetis
2825 3351 3033 3409 Patrem
3062 3371 3083 3412 :
3110 3351 3216 3414 non
3244 3372 3300 3415 ut
3327 3378 3435 3418 non
3462 3345 3563 3420 vo-

1959 3435 2258 3526 cent,‘sed
2300 3446 2358 3491 ut
2395 3439 2570 3496 sciant
2607 3457 2765 3514 quem
2815 3450 3029 3516 proprie
3053 3449 3266 3508 Patrem
3291 3457 3566 3526 appellare

1961 3536 2056 3590 par
2101 3523 2189 3578 sit.
2235 3525 2700 3594 Quemadmodum
2735 3538 2880 3592 enim
2908 3539 3100 3596 dontor
3130 3559 3238 3600 non
3263 3523 3348 3602 esi
3368 3523 3566 3620 th'teci-

1959 3626 2095 3682 pnus
2122 3615 2312 3672 doctor
2344 3637 2358 3672 :
2389 3621 2469 3676 sic
2496 3624 2671 3693 neque
2699 3637 2869 3696 pater.
2903 3629 2996 3686 Ille
3021 3632 3166 3688 enim
3195 3644 3251 3690 ct
3277 3615 3561 3698 doctorum

1959 3712 2012 3757 et
2047 3716 2258 3774 patrum
2303 3713 2545 3768 omnium
2568 3729 2730 3772 causa
2757 3728 2862 3774 est.
2894 3719 3091 3778 lterum
3121 3725 3398 3802 subjungit
3426 3749 3441 3786 :
3473 3733 3560 3789 l0.

1961 3795 2073 3853 Nec
2100 3803 2344 3857 memini
2373 3808 2606 3877 magistri
2633 3826 2654 3865 :
2673 3801 2806 3867 unus
2831 3825 2907 3869 est
2929 3818 3064 3870 enim
3093 3795 3350 3892 Magister:
3369 3835 3526 3880 vester
3545 3869 3561 3890 ,

1961 3888 2214 3981 Clarium.
2257 3893 2366 3950 Nec
2391 3895 2555 3964 dicit,
2589 3899 2723 3971 Ego.
2751 3902 2902 3960 Sicut
2926 3908 3071 3962 enim
3103 3911 3154 3964 in
3185 3888 3560 3981 superioribus

1959 3979 2038 4076 sic
2065 3980 2298 4076 loquitur
2316 4026 2332 4048 ,
2366 3986 2506 4054 Quid
2532 3991 2669 4046 uobis
2690 3994 2886 4050 videtur
2909 3998 2973 4051 de
2995 3997 3197 4056 Christo
3223 3979 3436 4076 (illattlt.
3467 4007 3561 4065 2‘2.

1958 4070 2099 4141 42)?
2125 4089 2299 4146 neque
2322 4077 2488 4148 dicit,
2523 4081 2598 4137 De
2623 4101 2708 4140 me
2735 4105 2747 4141 :
2772 4087 2851 4143 sic
2875 4095 2932 4145 et
2951 4089 3053 4146 hoc
3082 4070 3356 4151 loco.‘Sed
3387 4097 3565 4155 liben-

1962 4169 2043 4258 ter
2075 4162 2162 4219 hic
2192 4161 2581 4258 interrogarem
2602 4216 2618 4241 ,
2648 4176 2775 4246 quid
2802 4179 3071 4250 dixerint,
3101 4186 3189 4254 qui
3218 4202 3364 4257 saspe
3390 4189 3516 4245 illud
3543 4233 3563 4258 ,

1965 4253 2112 4351 linus
2136 4264 2193 4312 et
2221 4256 2366 4314 Unus
2384 4303 2401 4328 ,
2428 4261 2570 4328 Patri
2600 4266 2925 4326 adscribunt
2942 4273 3064 4338 soli,
3096 4253 3162 4330 ad
3192 4253 3563 4351 contemptum

1963 4346 2254 4420 Unigeniti.
2307 4355 2498 4410 Annon
2533 4357 2693 4416 Pater
2719 4373 2802 4417 est
2831 4367 3130 4436 magister?
3158 4371 3360 4427 Omnes
3391 4346 3565 4429 laten-

1961 4449 2082 4508 tur,
2133 4459 2400 4516 nemoque
2445 4454 2742 4523 negaverit.
2795 4459 2957 4529 Atqui
3012 4477 3188 4530 unus,
3237 4467 3442 4538 inquit,
3484 4480 3568 4528 est

1959 4541 2259 4602 praeceptor
2292 4546 2501 4608 vester,
2552 4540 2820 4600 Christus.
2869 4552 2940 4606 At
2984 4554 3123 4608 sicut
3158 4555 3400 4613 Christus
3429 4575 3569 4618 unus

1962 4639 2263 4698 prteceptor
2302 4630 2478 4688 dictus
2510 4651 2615 4690 non
2645 4640 2882 4696 excludit
2913 4643 3126 4702 Patrem
3161 4666 3175 4704 :
3204 4650 3282 4706 sic
3313 4654 3570 4723 magister

1958 4715 2136 4774 dictus
2181 4720 2339 4778 Pater
2385 4730 2756 4786 nonexcludit
2781 4751 2811 4787 a
2840 4737 3157 4806 magistratu
3179 4715 3569 4803 Filinmilllud

1959 4812 2137 4881 enim,
2168 4813 2316 4870 Unus
2351 4827 2407 4874 et
2445 4818 2624 4889 Unus,
2657 4824 2723 4879 ad
2745 4825 3102 4885 diﬂ'erentiam
3134 4833 3409 4891 hominum
3439 4838 3572 4894 dici-

1959 4909 2050 4957 tur
2073 4945 2090 4971 ,
2142 4906 2578 4982 reliquarumque
2613 4927 3000 4976 creaturarum.
3033 4922 3164 4977 Cum
3195 4941 3325 4995 ergo
3349 4945 3568 4998 gravem

1961 4995 2112 5053 illum
2141 5003 2386 5058 morbum
2411 5004 2706 5076 depulisset
2735 5021 2790 5065 et
2818 5023 3082 5082 curasset,
3110 5018 3270 5076 docet
3294 4995 3572 5093 quomodo

1963 5088 2054 5144 ille
2084 5091 2368 5162 eﬁugiatur
2411 5113 2506 5166 per
2532 5101 2911 5159 humilitatem.
2946 5088 3522 5184 Quamobrem—adjicit
3552 5137 3569 5176 :

1963 5179 2052 5234 Η.
2088 5180 2189 5246 Qui
2214 5194 2288 5238 est
2319 5192 2486 5258 major
2514 5201 2760 5256 uestrum.
2792 5197 2856 5250 sit
2889 5200 3114 5256 minister
3139 5215 3317 5260 vester.
3346 5179 3430 5262 12‘.
3472 5210 3572 5278 Qui

1961 5272 2095 5326 enim
2129 5291 2184 5329 se
2213 5279 2510 5334 excitauerit
2533 5324 2548 5347 ,
2593 5284 2988 5356 humiliabitur;
3014 5305 3061 5347 et
3086 5296 3171 5363 qui
3193 5313 3246 5350 se
3265 5272 3572 5354 humiliatio-

1960 5366 2065 5429 νει,
2113 5370 2441 5426 excitabitur.
2491 5375 2633 5431 Nihil
2679 5380 2821 5435 enim
2874 5385 3137 5441 modestia
3186 5395 3567 5458 prtestantius;

1961 5455 2188 5529 ideoque
2231 5464 2368 5519 hanc
2412 5468 2668 5524 virtutem
2714 5472 3024 5543 frequenter
3071 5455 3568 5540 illis—commendat.

1961 5549 2029 5605 Et
2050 5556 2264 5623 quando
2285 5561 2538 5625 parvulos
2558 5562 2608 5616 in
2633 5565 2865 5620 medium
2889 5569 3128 5638 adduxit,
3144 5585 3197 5629 et
3221 5593 3361 5632 nunc
3379 5581 3563 5643 etiam,

1961 5658 2173 5700 ac-cum
2202 5648 2253 5701 in
2282 5663 2466 5707 monte
2494 5654 2849 5714 beatitudines
2887 5661 3106 5718 eﬁ'erret
3125 5707 3138 5733 ,
3176 5665 3302 5723 hinc
3329 5669 3561 5739 incepit:

1965 5733 2054 5790 hic
2082 5751 2211 5792 vero
2237 5742 2544 5815 superbiam
2580 5747 2837 5806 radicitus
2867 5754 3081 5822 evellit,
3116 5773 3237 5812 cum
3266 5759 3397 5814 dicit
3423 5733 3569 5828 :qui

1970 5827 2207 5884 humiliat
2257 5834 2502 5906 scipsum,
2541 5841 3027 5917 e.1:altubilur(Luc.
3063 5851 3148 5906 Η.
3182 5852 3292 5919 Η).
3326 5827 3566 5911 Vidistin'
