4074 6432
559 388 658 446 δτι

558 509 827 582 quomodo
870 507 935 563 ad
975 502 1297 563 contrarium
1328 517 1394 557 ex
1415 500 1679 556 diametro
1704 495 1998 551 auditorem
2030 489 2133 544 im-

561 601 766 673 pellat?
809 600 988 670 Neque
1024 612 1166 653 etum
1191 596 1364 652 solum
1395 591 1614 662 impedit
1636 588 1894 662 primatus
1920 596 2134 647 amare,

558 693 651 747 sed
678 700 729 747 ct
753 700 988 745 extrema
1014 686 1163 758 sequi
1184 686 1355 757 jubet.
1387 684 1475 739 Sic
1492 682 1633 737 enim
1650 686 1824 749 optata
1840 688 2137 742 conseque-

558 786 632 839 ris
650 825 665 847 ,
697 783 881 852 inquit.
926 779 1047 835 Ideo
1076 786 1289 849 oportet
1315 792 1433 832 cum
1454 818 1469 844 ,
1498 776 1587 846 qui
1614 773 1904 845 primarum
1931 768 2134 823 sodium

555 874 899 943 cupiditatem
956 870 1151 941 pellit.
1210 880 1507 925 extremum
1557 863 1799 921 orditietn
1857 871 2132 932 appetere.

556 964 687 1019 Nam
719 962 818 1030 Qui
841 979 895 1018 se
920 961 1257 1016 homilioverit
1276 1000 1290 1022 ,
1318 958 1639 1017 exaltnhilur.
1671 956 1736 1010 Et
1762 953 1848 1007 ubi
1877 953 2013 1007 hanc
2039 952 2137 1007 ltu-

556 1057 838 1112 militatetn
884 1052 1254 1123 reperiamus?
1285 1049 1525 1104 Voltisne
1570 1063 1779 1103 rursum
1828 1048 1879 1102 in
1925 1048 2134 1103 virtutis

553 1148 821 1202 civitatem
868 1161 1089 1211 eamus,
1140 1152 1443 1197 sanctorum
1498 1141 1833 1196 tabernacula
1861 1182 1876 1207 ,
1925 1150 2132 1193 montes

554 1240 695 1301 dico,
726 1249 886 1308 atque
908 1236 1110 1292 saltus?
1135 1236 1208 1291 lbi
1233 1250 1460 1307 namque
1487 1235 1768 1291 sublimem
1796 1237 1937 1290 illam
1960 1236 2133 1291 humi-

556 1329 758 1384 litatem
803 1329 1146 1397 reperiemus.
1200 1327 1456 1382 Homines
1498 1328 1690 1397 quippe
1712 1366 1728 1393 ,
1761 1330 1849 1398 qui
1875 1328 1956 1383 vel
1985 1342 2015 1382 a
2043 1329 2128 1383 di-
2197 1385 2204 1390 _

551 1424 787 1492 gnitatc,
816 1423 901 1477 vel
945 1437 975 1476 a
1003 1422 1203 1477 divitiis
1232 1423 1498 1493 conspicui
1533 1431 1718 1488 erant,
1751 1420 1982 1493 undique
2009 1439 2131 1481 sese

553 1514 885 1584 deprimunt,
928 1530 958 1567 a
985 1524 1165 1578 veste,
1192 1529 1224 1569 τι
1253 1514 1439 1579 domo,
1469 1528 1497 1569 a
1526 1512 1849 1579 ministerio,
1882 1526 2039 1585 atque
2062 1504 2129 1571 ex

552 1607 637 1661 his
680 1608 923 1663 omnibus
962 1607 1108 1677 quasi
1139 1607 1301 1663 literis
1332 1606 1680 1661 humilitatem
1706 1606 2127 1675 descripserunt.

549 1698 679 1765 Quae
702 1713 828 1753 vero
864 1697 930 1753 ad
957 1697 1565 1767 superbiamincendunt
1589 1737 1607 1779 η
1638 1699 1863 1752 vestium
1890 1697 2130 1768 uiagnili-

549 1793 758 1856 centia,
805 1790 1027 1847 a-dilicia
1069 1792 1341 1861 splendida
1373 1831 1389 1856 ,
1437 1791 1755 1846 famulorum
1804 1790 2127 1857 multitudo,

554 1898 674 1951 qua:
703 1884 786 1937 vel
812 1883 1004 1938 invitos
1044 1897 1188 1953 saepe
1221 1883 1272 1937 in
1303 1882 1606 1952 superbiam
1637 1882 1959 1953 conjiciunt;
1990 1882 2124 1947 hzec,

548 1976 799 2044 inquam,
852 1976 1027 2029 omnia
1072 1974 1216 2030 illinc
1259 1974 1464 2029 sublata
1504 1983 1647 2029 sunt.
1693 1972 1770 2027 illi
1821 1975 1917 2043 ipsi
1950 1975 2124 2044 ignem

545 2066 844 2122 accendunt
864 2107 879 2130 ,
929 2066 1065 2136 ligna
1093 2075 1277 2121 secant
1300 2106 1316 2131 ,
1343 2075 1575 2135 coquunt
1593 2106 1611 2131 ,
1645 2066 1938 2135 hospitibus
1965 2065 2123 2119 mini-

438 2225 447 2230 _
545 2169 736 2216 stram.
775 2157 1050 2215 Neminem
1094 2158 1200 2213 illic
1227 2159 1671 2214 contumeliosum
1701 2160 1887 2214 audire
1910 2159 2122 2213 contin-

543 2252 653 2321 git,
687 2265 856 2320 neque
875 2250 1212 2305 contumeliis
1236 2250 1482 2305 allectum
1509 2249 1691 2304 videre
1713 2291 1726 2314 ,
1752 2250 2017 2305 neminem
2037 2250 2123 2305 cui

546 2344 919 2413 praecipiatur,
960 2344 1228 2399 neminem
1276 2343 1674 2413 praecipientem
1734 2360 1747 2396 :
1798 2343 1891 2399 sed
1936 2357 2123 2399 omnes

544 2435 769 2490 ministri
818 2443 975 2501 sunt,
1013 2435 1226 2503 singuli-
1256 2435 1523 2505 hospitum
1572 2435 1734 2506 pedes
1768 2436 2022 2502 abluunt,
2070 2445 2125 2491 et

542 2543 731 2598 magna
775 2527 872 2582 hac
899 2530 949 2581 in
978 2543 1035 2583 re
1072 2537 1154 2582 est
1178 2529 1504 2584 concertatio
1541 2530 1580 2582 ί.
1611 2528 1664 2583 ltl
1692 2544 1853 2598 porro
1884 2528 2082 2584 faciunt
2102 2567 2119 2595 ,

545 2634 649 2673 non
696 2620 1023 2689 iuquireutes
1066 2620 1186 2690 quis
1229 2621 1331 2683 sit,
1377 2635 1444 2675 an
1476 2636 1664 2677 servus
1688 2664 1703 2687 ,
1735 2636 1803 2675 au
1826 2621 1997 2686 liber;
2029 2621 2121 2676 sed

542 2727 666 2781 ergo
695 2725 881 2766 onmes
907 2711 1006 2766 hoc
1044 2712 1397 2767 ministerium
1424 2713 1665 2782 implent.
1694 2713 1879 2767 Nullus
1906 2713 1975 2767 ibi
2009 2728 2121 2766 nta-

540 2816 679 2872 gnus
697 2840 713 2866 ,
752 2810 847 2855 aut
888 2816 1098 2871 parvus.
1143 2803 1277 2869 Quid
1306 2803 1462 2873 igitur
1488 2805 1593 2859 ian
1620 2804 1904 2859 confusio?
1929 2805 2116 2869 Absit;

539 2891 635 2945 sed
674 2891 905 2962 optimus
949 2893 1101 2945 ordo.
1131 2891 1349 2948 Etiamsi
1372 2893 1512 2947 enim
1539 2894 1658 2964 quis
1686 2908 1877 2964 parvus
1901 2896 2000 2957 sit,
2029 2897 2116 2965 qui

539 3000 763 3056 magnus
788 2996 871 3041 est
898 2984 963 3039 ad
992 2985 1042 3039 id
1073 3001 1175 3039 non
1204 2986 1454 3055 respicit,
1486 2988 1578 3042 sed
1607 3001 1667 3042 se
1692 2988 1783 3041 illo
1814 2983 2117 3042 inferiorem

541 3087 724 3147 putat,
774 3087 828 3132 et
868 3079 988 3134 ideo
1025 3080 1194 3147 major
1219 3079 1468 3134 cflicitur.
1498 3078 1612 3135 Una
1641 3096 1821 3136 mensa
1848 3082 2116 3148 omnibus,

540 3171 911 3236 servientibus,
939 3170 1264 3237 sedentibus,
1287 3173 1474 3229 eadem
1495 3174 1763 3241 alimenta,
1787 3177 2113 3243 indumenta,

538 3259 741 3316 ett-dem
782 3261 955 3328 domi,
992 3271 1049 3316 et
1073 3278 1239 3333 genus
1262 3264 1469 3319 vivendi
1498 3265 1657 3320 idem.
1690 3267 1909 3335 Magnus
1936 3268 2005 3322 ibi
2036 3277 2119 3323 est

537 3354 625 3422 qui
659 3354 842 3407 viliora
870 3369 1030 3425 opera
1059 3355 1272 3426 abripit.
1298 3356 1411 3412 Non
1443 3367 1526 3412 cst
1554 3357 1625 3411 ibi
1656 3355 2113 3426 MeumetTuum;

539 3444 634 3499 sed
674 3446 774 3501 hoc
815 3448 1034 3503 verbum
1078 3447 1203 3504 inde
1238 3450 1489 3517 exsulat,
1516 3450 1658 3522 quod
1683 3451 1828 3507 mille
1854 3450 2115 3512 bellorum

535 3559 699 3601 causa
716 3552 822 3603 est.

607 3638 661 3692 4.
693 3637 891 3707 Ecquid
920 3638 1150 3704 miraris,
1179 3640 1222 3694 si
1256 3655 1424 3710 genus
1452 3640 1685 3711 vivendi,
1720 3657 1922 3707 mensa,
1950 3643 2115 3699 vestis

537 3745 642 3785 una
671 3732 741 3785 sit
780 3732 1025 3787 omnibus
1050 3772 1066 3797 ,
1115 3732 1541 3803 quandoquidem
1585 3743 1639 3789 et
1677 3736 1851 3789 anima
1883 3751 1982 3789 una
2031 3746 2113 3791 est

538 3823 788 3877 onmibus
818 3822 915 3895 (α),
948 3840 1053 3878 non
1085 3825 1374 3880 secundum
1400 3826 1751 3881 substantiam
1776 3827 1934 3883 modo
1961 3829 2113 3899 (ba-c

535 3915 678 3969 enim
704 3928 804 3968 una
832 3915 885 3969 in
908 3917 1155 3971 omnibus
1181 3917 1308 3986 est),
1340 3917 1432 3972 sed
1462 3919 1756 3974 secundum
1780 3920 2057 3975 caritatem
2086 3920 2111 3974 ἲ

533 4006 811 4072 Quomodo
855 4007 1009 4078 igitur
1040 4009 1151 4078 ipsa
1182 4022 1361 4064 contra
1406 4012 1637 4081 seipsam
1673 4012 1943 4083 superbiat
1991 4028 2111 4067 um-

536 4102 732 4171 quam?
756 4101 872 4157 Non
904 4114 987 4171 est
1014 4104 1085 4158 ibi
1118 4114 1433 4172 paupertas,
1483 4121 1587 4161 non
1618 4106 1833 4172 divitiae,
1865 4121 1969 4160 non
1998 4108 2112 4177 glo-

534 4195 611 4247 ria
636 4233 652 4258 ,
683 4208 787 4249 non
828 4193 1065 4248 infamia.
1096 4195 1374 4264 Quomodo
1404 4196 1527 4251 illuc
1565 4208 1835 4267 receptum
1885 4198 2113 4254 habeant

532 4285 778 4354 superbia
807 4295 860 4340 et
896 4288 1195 4357 arrogantia
1213 4285 1239 4339 ?
1265 4285 1400 4343 Sunt
1425 4288 1568 4343 enim
1591 4297 1647 4344 ct
1671 4289 1875 4344 minimi
1916 4300 1973 4345 et
1999 4307 2112 4347 nia-

528 4376 617 4446 gni
648 4378 935 4431 secumdum
968 4378 1226 4433 rationein
1254 4380 1497 4446 virtutis;
1524 4380 1616 4436 sed
1643 4423 1658 4449 ,
1689 4391 1746 4436 ut
1769 4382 1877 4438 dixi
1905 4423 1920 4448 ,
1950 4399 2109 4441 nemo

531 4467 631 4523 huc
657 4467 818 4523 videt.
858 4467 957 4537 Qui
988 4485 1186 4539 parvus
1226 4480 1306 4526 est
1335 4488 1439 4527 non
1470 4473 1682 4545 angitur
1725 4477 1875 4545 quasi
1914 4476 2107 4547 despe-

525 4570 681 4616 ctus:
724 4577 881 4617 nemo
920 4563 1117 4648 quippe
1156 4572 1241 4620 est
1282 4564 1369 4634 qui
1414 4565 1700 4635 despiciat;
1738 4570 1945 4623 etiamsi
1982 4585 2121 4626 vero-

528 4662 669 4706 esset
692 4654 781 4722 qui
804 4653 1142 4724 despiceret,
1176 4656 1228 4710 in
1258 4654 1358 4711 hoc
1402 4658 1632 4712 maxime
1660 4658 1976 4714 erudiuntur
2002 4701 2015 4724 ,
2050 4670 2107 4716 ut

529 4744 818 4809 contemni,
840 4745 1061 4815 despici,
1083 4748 1332 4817 vilipendi
1356 4760 1683 4823 assuescant,
1704 4752 1900 4819 verbis,
1926 4754 2106 4821 rebus,

526 4850 648 4892 cum
678 4837 933 4893 mendicis
963 4848 1016 4893 et
1044 4841 1238 4895 motilis
1269 4852 1547 4898 versentur
1569 4884 1584 4909 ,
1616 4853 1672 4899 et
1709 4844 1761 4898 in
1790 4860 1975 4901 mensa
2022 4848 2107 4915 ipa

524 4944 707 4983 sorum
739 4929 935 4985 multos
980 4929 1278 5000 huiusmodi
1316 4935 1567 4989 convivas
1614 4934 1832 5002 videas;
1879 4936 2105 5008 ideoque

524 5022 659 5079 calo
682 5033 805 5077 sunt
830 5023 997 5094 digni.
1028 5026 1177 5080 Alius
1202 5028 1423 5083 volnera
1460 5037 1612 5085 curat
1634 5029 1761 5100 τεθτὶ
1783 5071 1798 5095 ,
1828 5030 1964 5085 alios
1991 5045 2099 5087 cte-

522 5132 645 5170 cum
675 5115 841 5181 ducit,
870 5116 1008 5171 alius
1031 5119 1270 5172 tnuti'um
1294 5131 1483 5190 gestat.
1511 5122 1625 5178 Non
1663 5124 1734 5179 ibi
1762 5125 2097 5184 adulatorum

524 5218 744 5275 emtum,
773 5225 879 5266 non
907 5212 1261 5279 parasitorum
1287 5214 1465 5269 videas
1488 5233 1501 5267 :
1528 5216 1634 5271 imo
1655 5234 1755 5275 nec
1780 5219 1956 5275 sciunt
1976 5222 2099 5288 quid

523 5305 595 5358 sit
636 5304 886 5360 adulatio.
921 5305 1194 5361 Undenam
1222 5322 1351 5376 ergo
1377 5308 1654 5377 superbire
1684 5314 1938 5381 possent?
1964 5313 2095 5368 Nam

525 5397 687 5451 multa
716 5397 854 5467 apud
884 5397 1001 5454 illos
1030 5398 1303 5469 a:qualitas
1331 5408 1414 5454 est
1447 5417 1458 5453 :
1489 5400 1610 5457 ideo
1643 5404 1807 5459 multa
1835 5404 1901 5459 ad
1932 5408 2099 5461 virtu-

588 5595 604 5627 ⁸
633 5589 713 5642 Itis
724 5593 901 5656 adjecit
923 5596 1107 5655 Morel.,
1132 5604 1262 5648 tanta
1286 5606 1354 5650 est
1376 5598 1570 5652 illorum
1590 5600 1854 5655 humilitas.

584 5657 806 5731 (culice,
820 5658 1217 5731 quandoquidem
1234 5669 1279 5713 et
1302 5663 1462 5713 animo
1484 5677 1580 5714 una
1600 5671 1670 5731 est
1692 5666 1929 5731 omnibus,
1953 5683 1981 5719 a
2004 5669 2098 5723 Co-

521 5718 628 5787 dice
650 5717 758 5775 θυι,
786 5717 886 5787 eth—a
908 5717 1076 5769 savilio
1100 5729 1312 5787 nntluata
1330 5733 1469 5785 sunt;
1494 5726 1618 5787 apud
1642 5717 2102 5785 Morel.ethtmi1i:-

521 5781 607 5831 lin.
631 5792 803 5829 causa
826 5780 1018 5833 fuerant
1041 5789 1237 5847 propter
1255 5780 1685 5841 btuuazoteleulon.

1280 382 1336 439 S.
1375 373 1651 436 JOANNIS
1676 369 2149 431 CllitYSOSTOMI
2188 369 2499 429 ARCHIEP.
2540 373 3077 434 CONSTANTINOP.

3729 378 3829 438 θη

2249 493 2357 541 tem
2380 486 2624 546 facilitas.
2658 492 2867 548 Etenim
2898 493 2961 549 iis
2988 492 3230 549 rudiores
3255 496 3423 565 magis
3451 495 3826 567 instituuntur,

2242 596 2399 651 quam
2424 583 2469 637 sl
2498 593 2815 654 cogerentur
2843 586 2971 655 ipsis
3016 586 3215 656 primas
3255 586 3570 643 concedere.
3623 588 3826 656 Quem-

2241 674 2525 731 admodum
2554 676 2695 732 enim
2724 678 2978 735 audacem
3010 720 3027 746 ,
3058 679 3146 749 qui
3185 694 3469 750 percussus
3490 681 3671 748 cedit,
3702 697 3827 737 eru-

2240 767 2357 823 dire
2396 769 2534 824 solet
2570 786 2584 823 :
2629 769 2707 824 sic
2747 779 2803 825 et
2856 770 3194 825 ambitiosum
3239 771 3282 826 is
3321 772 3409 841 qui
3453 773 3678 842 gloriam
3719 791 3827 830 non

2239 862 2428 931 quatrit
2456 903 2472 928 ,
2514 861 2607 917 sed
2634 862 2880 933 despicit.
2927 864 2982 918 Id
3007 864 3148 933 quod
3189 864 3263 918 illi
3298 864 3708 935 diligentissime
3748 866 3828 920 fa-

2240 953 2385 1007 ciunt
2410 971 2425 1007 :
2457 963 2511 1009 et
2539 962 2792 1025 quantum
2821 968 2918 1008 nos
2941 970 3235 1024 pugnamus
3259 997 3273 1019 ,
3304 966 3361 1011 ut
3402 957 3601 1026 primas
3628 972 3830 1014 conse-

2239 1060 2487 1115 quamur,
2520 1056 2721 1102 tantum
2753 1048 2827 1102 illi
2852 1047 3151 1115 decertant,
3180 1058 3236 1104 ut
3262 1066 3366 1104 non
3396 1064 3823 1121 censequautur,

2239 1135 2331 1190 sed
2354 1137 2704 1207 dejiciantur;
2732 1138 3055 1210 studentque
3075 1149 3133 1195 ut
3162 1140 3383 1194 honoris
3407 1140 3634 1195 multum
3674 1139 3825 1198 defe-

2238 1237 2377 1292 rant,
2409 1242 2514 1282 non
2547 1236 2603 1282 ut
2626 1229 2941 1298 recipiant‘.

2310 1318 2593 1375 Monachus
2621 1322 2727 1391 ipse
2771 1323 2969 1377 uiuendi
2994 1323 3173 1377 modus
3196 1322 3265 1376 ad
3290 1322 3628 1377 humilitatem
3679 1325 3826 1378 incli-

2235 1420 2347 1466 nat.
2390 1409 2638 1481 Exempla
2666 1414 2965 1470 humilitatis
2992 1431 3022 1467 a
3046 1414 3232 1468 sanctis
3270 1414 3457 1468 tradita
3474 1454 3489 1480 ,
3520 1416 3701 1486 quibus
3722 1432 3825 1471 non

2238 1500 2569 1555 humilitatem
2597 1505 2869 1573 perniciem
2898 1504 3467 1574 afferent.-Alioquin
3499 1514 3678 1561 autem
3710 1509 3822 1576 ipsa

2236 1606 2397 1663 opera
2428 1593 2742 1655 modestiam
2774 1595 3030 1652 exhibere
3053 1595 3269 1664 docent,
3301 1611 3400 1653 nec
3428 1600 3615 1653 sinunt
3650 1608 3826 1654 tume-

2232 1699 2311 1738 re.
2360 1685 2490 1752 Quis
2513 1685 2655 1739 enim
2680 1729 2695 1753 ,
2741 1702 2922 1758 quaeso
2946 1728 2960 1751 ,
2992 1698 3189 1743 terram
3219 1689 3426 1744 fodiens
3455 1731 3469 1756 ,
3512 1689 3744 1760 irrigans
3769 1700 3826 1745 et

2235 1775 2498 1844 plantans,
2522 1777 2787 1847 sportulas
2814 1787 3053 1846 nectens,
3081 1792 3402 1851 saccumque
3424 1794 3713 1846 consueris,
3739 1780 3823 1835 vel

2232 1870 2604 1941 aliaquazdam
2636 1879 2891 1936 tractans,
2922 1872 3085 1926 altum
3111 1887 3361 1942 umquam
3385 1874 3595 1942 sapiat?
3621 1876 3742 1944 quis
3767 1878 3821 1929 in

2232 1970 2542 2031 paupertate
2568 1963 2773 2025 vivens.
2805 1973 2856 2018 et
2881 1977 3001 2019 cum
3033 1963 3172 2020 fame
3192 1980 3431 2035 pugnans
3452 2006 3468 2031 ,
3499 1966 3602 2022 hoc
3629 1967 3824 2024 morbo

2231 2050 2529 2106 laborabit?
2552 2051 2719 2108 Nemo
2745 2064 2911 2110 certe.
2944 2054 3066 2109 Ideo
3094 2055 3262 2111 l'acilis
3287 2055 3391 2111 illis
3415 2066 3498 2111 est
3522 2057 3819 2111 humilitas.

2229 2142 2308 2197 Ac
2333 2144 2779 2214 quemadmodum
2807 2146 2892 2202 hic
2918 2147 3177 2203 modestia
3207 2148 3444 2204 difﬁcilis
3471 2157 3555 2204 est
3578 2149 3651 2205 ob
3673 2149 3819 2205 mol-

2230 2234 2507 2291 titudiuem
2557 2236 2918 2305 plaudentium
2950 2248 3003 2294 et
3030 2237 3375 2294 u'iirantium:
3406 2240 3484 2294 sic
3515 2239 3585 2293 ibi
3626 2239 3818 2296 admo-

2236 2328 2363 2383 dum
2409 2328 2577 2383 facilis
2617 2339 2717 2383 est.
2768 2328 3057 2385 Monachus
3109 2332 3252 2387 enim
3299 2330 3571 2387 solitudini
3614 2338 3820 2386 tantum

2229 2420 2478 2487 attendit,
2501 2435 2628 2475 aves
2653 2422 2795 2476 videt
2821 2423 3081 2490 volantes,
3105 2424 3430 2494 arboresque
3457 2434 3619 2479 vento
3647 2424 3820 2495 agita-

2231 2521 2331 2579 las,
2363 2514 2653 2583 spirantem
2684 2515 2997 2586 zephyrum,
3032 2526 3298 2573 torrentes
3323 2533 3419 2588 per
3445 2518 3610 2573 valles
3634 2516 3818 2574 defer-

2227 2604 2293 2658 ri.
2329 2603 2479 2661 Unde
2504 2620 2634 2675 ergo
2658 2605 2945 2661 extollatur
2984 2606 3072 2675 qui
3100 2608 3152 2661 in
3181 2607 3488 2679 hnjusmodi
3525 2608 3820 2666 solitudine

2227 2697 2399 2751 vivat?
2423 2697 2540 2752 Non
2570 2708 2745 2754 tamen
2773 2698 2893 2753 ideo
2913 2700 3312 2755 excusationem
3340 2715 3442 2756 nos
3472 2699 3815 2768 habebimus,

2224 2791 2348 2859 quia
2403 2789 2454 2844 in
2505 2789 2681 2845 media
2724 2791 3065 2846 multitudine
3104 2800 3414 2857 versantes,
3459 2792 3627 2845 altum
3668 2792 3818 2861 sapi-

2223 2896 2362 2935 mus.
2412 2880 2623 2936 Etenim
2680 2881 2948 2936 Abraham
3015 2884 3154 2938 inter
3206 2884 3535 2938 Cbananazos
3592 2898 3817 2938 versans

2224 2973 2434 3029 diccbat
2459 2994 2472 3028 :
2506 2974 2619 3045 Ego
2649 2990 2759 3029 sum
2789 2985 2941 3039 terra,
2976 2984 3022 3029 et
3050 2976 3176 3029 cinis
3197 2974 3350 3038 (Ceu.
3383 2977 3470 3031 18.
3493 2976 3613 3045 26);
3634 2987 3683 3032 el
3711 2977 3815 3030 Da-

2225 3064 2309 3119 vid
2337 3066 2387 3119 in
2416 3067 2594 3121 medio
2623 3070 2863 3122 exercitu
2890 3085 2903 3121 :
2940 3066 3050 3137 Ego
3075 3079 3243 3123 autent
3266 3084 3377 3122 sunt
3409 3070 3609 3134 verutis,
3642 3078 3689 3122 et
3709 3085 3813 3124 non

2222 3157 2371 3210 homo
2402 3157 2574 3225 (Prol.
2623 3160 2715 3213 21.
2764 3159 2820 3230 6)
2850 3175 2863 3211 :
2898 3167 2953 3214 et
2982 3157 3267 3228 Apostolus
3316 3160 3369 3212 in
3418 3157 3594 3213 mcho
3642 3159 3810 3215 orbe:

2224 3247 2346 3304 Non
2374 3267 2487 3324 sum
2510 3251 2690 3322 dignus
2718 3252 2889 3306 vocari
2914 3252 3172 3321 apostolus
3198 3252 3275 3322 (i.
3307 3249 3425 3307 Cor.
3461 3252 3549 3307 15.
3578 3252 3655 3322 9).
3680 3251 3813 3321 Quae

2225 3342 2382 3412 igitur
2411 3343 2564 3397 nobis
2591 3346 2691 3397 erit
2732 3346 3029 3399 consiilatio
3052 3384 3067 3408 ,
3096 3359 3215 3414 quae
3243 3344 3522 3409 defensio.
3567 3360 3688 3400 cum
3736 3355 3812 3401 tot

2223 3433 2508 3503 propositis
2529 3436 2788 3505 exemplis
2808 3453 2913 3491 non
2939 3436 3179 3493 modeste
3205 3438 3465 3507 agamus?
3492 3436 3642 3493 Sicut
3664 3439 3811 3493 enim

2222 3525 2297 3579 illi
2328 3525 2471 3579 mille
2502 3536 2624 3580 sunt
2646 3528 2861 3582 coronis
2892 3528 3072 3598 digni,
3105 3529 3194 3601 qui
3227 3530 3380 3600 primi
3426 3531 3639 3586 virtutis
3668 3532 3808 3585 viam

2221 3616 2455 3671 inierunt
2483 3634 2497 3671 :
2524 3619 2603 3672 sic
2630 3633 2727 3672 nos
2753 3621 2900 3675 mille
2936 3621 3206 3690 suppliciis
3244 3621 3320 3678 rei
3342 3637 3563 3690 smnus,
3591 3623 3683 3693 qui
3730 3632 3811 3679 tot

2218 3711 2459 3777 exetupla
2512 3712 2782 3779 proposita
2822 3720 2877 3767 et
2916 3712 3179 3783 descripta
3211 3713 3504 3780 habentes,
3554 3726 3674 3785 post
3717 3714 3809 3772 illa

2218 3815 2325 3853 non
2348 3800 2589 3855 modeste
2615 3802 2852 3871 sapimus
2874 3841 2893 3869 ,
2919 3818 3092 3873 neque
3124 3805 3245 3860 illos
3265 3804 3545 3861 defunctos
3569 3846 3587 3873 ,
3629 3821 3811 3877 neque

2218 3890 2316 3946 hos
2344 3908 2485 3947 nunc
2519 3894 2759 3951 viventes
2781 3936 2797 3961 ,
2839 3904 2894 3951 et
2917 3911 2984 3951 ex
3004 3897 3170 3966 gestis
3194 3897 3534 3953 admirationi
3567 3898 3807 3965 habitos,

2218 3984 2410 4038 imitari
2440 3988 2830 4044 contendimus.
2858 3988 2993 4057 Quid
3020 3990 3162 4045 enim
3185 3990 3363 4045 dicere
3394 3990 3589 4061 possis,
3621 3992 3667 4046 si
3697 4006 3809 4049 non

2218 4078 2533 4146 resipisces?
2560 4080 2764 4135 Literas
2792 4097 2900 4137 non
2930 4084 3091 4149 nosti,
3122 4098 3219 4139 nec
3244 4082 3550 4153 Scripturas
3588 4085 3761 4152 legisti
3786 4126 3805 4151 ,

2219 4179 2277 4223 ut
2319 4172 2828 4227 veteruurvirtutes
2867 4174 3176 4228 edisceres?
3204 4176 3362 4246 Atqui
3405 4174 3519 4230 haec
3571 4178 3805 4232 maxima
3904 4176 3908 4181 ⁴

2216 4263 2367 4332 culpa
2398 4272 2484 4317 tua
2515 4273 2615 4327 est,
2650 4265 2792 4334 quod
2820 4265 3046 4320 ecclesia
3077 4267 3169 4321 tibi
3199 4282 3415 4337 semper
3441 4277 3638 4338 pateat,
3666 4280 3723 4323 ut
3749 4271 3805 4326 in

2216 4355 2362 4423 puris
2407 4356 2513 4410 illis
2560 4356 2773 4412 liuentis
2821 4356 3054 4411 haurias.
3105 4358 3365 4414 Caeterum
3412 4360 3459 4415 si
3510 4360 3631 4415 illos
3671 4362 3805 4419 olim

2214 4454 2427 4500 sanctos
2476 4462 2570 4515 per
2611 4447 2900 4518 Scriptura:
2931 4450 3211 4504 lectionem
3256 4465 3361 4505 non
3413 4452 3667 4519 noveris,
3703 4454 3805 4507 bos

2215 4552 2343 4593 sane
2371 4539 2611 4595 viventes
2634 4540 2829 4595 vidisse
2855 4541 3104 4609 Oportuit.
3142 4542 3247 4600 Sed
3285 4544 3462 4599 nullos
3503 4556 3585 4599 est
3611 4545 3702 4615 qui
3748 4554 3803 4601 te

2214 4629 2409 4685 ducat?
2436 4632 2515 4686 Ad
2540 4647 2627 4687 me
2652 4633 2868 4697 accede,
2900 4648 3000 4704 ego
3028 4634 3118 4689 tibi
3151 4636 3463 4690 monstrabo
3491 4647 3799 4694 sanctorum

2213 4721 2525 4777 diversoria.
2582 4721 2751 4789 Veni,
2783 4735 2850 4779 et.
2878 4724 2947 4780 ab
2969 4725 3088 4781 aliis
3130 4741 3251 4795 quae
3302 4726 3512 4783 utilitati
3550 4729 3646 4784 tibi
3690 4732 3802 4785 sint

2212 4814 2353 4868 audi.
2407 4815 2467 4869 lli
2497 4816 2729 4871 lucernae
2770 4827 2893 4870 sunt
2926 4832 3019 4887 per
3046 4825 3214 4872 totum
3258 4819 3443 4874 orbem
3494 4820 3795 4893 fulgentes:

2213 4921 2311 4977 pro
2368 4911 2535 4961 muris
2577 4916 2701 4963 sunt
2740 4908 2974 4966 urbibus.
3023 4910 3147 4965 Ideo
3189 4911 3531 4969 solitudinem
3570 4928 3802 4986 (κουρη-

2213 5008 2369 5063 runt,
2400 5010 2458 5053 ut
2485 5010 2536 5055 te
2564 5000 2791 5055 doceant
2837 5002 3090 5056 tumultus
3117 5002 3351 5058 civitatis
3380 5002 3675 5076 despicere.
3717 5006 3797 5061 Illi

2216 5092 2357 5147 cnim
2389 5102 2568 5161 utpote
2600 5094 2849 5149 fortiores
2877 5134 2891 5155 ,
2924 5084 3145 5163 possunt
3184 5095 3236 5149 in
3264 5095 3438 5151 media
3480 5106 3799 5167 tempestate

2212 5186 2592 5256 tranquillitate
2618 5186 2717 5240 frui
2744 5202 2757 5239 :
2790 5186 2882 5241 tibi
2910 5201 3039 5241 vero
3062 5226 3077 5253 ,
3109 5188 3197 5256 qui
3226 5187 3462 5259 undique
3482 5188 3792 5259 exagitaris,

2208 5279 2387 5350 quiete
2413 5294 2547 5347 Opus
2576 5288 2677 5344 est,
2707 5290 2763 5333 ut
2790 5279 3061 5349 paululum
3090 5294 3119 5333 a
3145 5279 3511 5351 frequentibus
3542 5282 3795 5342 procellis

2208 5371 2475 5441 respirare
2520 5372 2713 5440 possis.
2760 5371 2883 5427 Illos
2930 5372 3105 5443 itaque
3150 5370 3456 5443 frequenter
3496 5372 3688 5439 adeas,
3736 5381 3798 5430 ut

2208 5477 2392 5519 eorum
2443 5463 2688 5533 precibus
2722 5474 2778 5521 et
2807 5464 3024 5520 monitis
3059 5464 3293 5519 maculas
3332 5464 3515 5532 cluas,
3558 5476 3611 5520 et
3652 5463 3795 5521 hanc

2209 5559 2367 5611 vitam
2394 5558 2598 5628 optime
2622 5558 2828 5614 emetiri
2870 5558 3077 5628 possis,
3120 5567 3179 5612 ut
3203 5556 3378 5613 futura
3429 5557 3567 5614 bona
3595 5572 3788 5615 conse-

2207 5740 2527 5856 mi’gt‘g‘tdam,
2550 5740 2831 5807 stridentqu
2871 5739 3053 5807 prima:
3093 5748 3281 5805 tenere,
3306 5739 3668 5805 humiliationis,
3694 5754 3798 5793 non
