4074 6434
1837 114 1862 198 κ,

304 351 409 414 673

305 472 529 543 quaris,
591 470 760 543 gratia
808 473 864 522 et
910 460 1240 534 benignitate
1299 453 1509 512 Domini
1557 449 1746 548 nostri.
1780 445 1907 501 Iesu

305 563 529 628 Christi,
581 578 678 634 per
715 574 873 630 quem
914 566 969 614 et
1013 571 1136 611 cum
1179 569 1285 623 quo
1326 549 1470 606 Patri
1497 547 1663 616 gloria
1690 584 1704 609 ,
1732 547 1906 608 impe-

1265 339 1332 396 ΙΝ
1369 330 1775 395 MATTIIASUM
1816 325 2048 384 llOIrllL.
2089 324 2326 383 LXXIII.
2367 325 2418 380 al
2458 321 2693 380 LXXIV.

3523 321 3632 380 6τῦ

2018 442 2180 504 rium,
2215 443 2388 497 honor
2411 484 2425 505 ,
2455 457 2560 496 una
2587 455 2708 495 cum
2738 447 2928 494 sancto
2967 437 3192 509 Spiritu,
3224 452 3368 494 nunc
3394 448 3448 493 et
3478 452 3630 493 sem-

2018 549 2138 603 per,
2171 543 2225 587 ct
2256 533 2308 586 in
2343 532 2537 586 smcula
2567 531 2912 585 satculorum.
2945 534 3139 585 Amen.

312 649 3634 698 ___________________________________,____________

1391 727 1742 796 HOMILIA
1784 715 2081 784 LXXIII.
2128 714 2215 775 al.
2264 714 2552 775 LXXIV.

307 897 439 951 Cu.
478 895 570 950 2'5.
601 892 769 947 v.14.
810 888 900 944 νω
941 887 1111 951 vobis,
1145 883 1321 937 scribta
1362 887 1408 933 et
1449 873 1702 930 Pharisazi
1746 871 1909 939 hypo-

377 993 564 1054 critc,
611 988 732 1058 quia
789 984 1038 1039 devoratis
1087 981 1264 1033 domos
1324 975 1632 1034 viduarum,
1682 966 1912 1019 oratione

379 1085 534 1152 longa
565 1089 766 1134 orantes
806 1077 880 1148 (a)
916 1091 933 1129 :
965 1081 1233 1144 propterea
1253 1066 1514 1138 judicium
1547 1059 1768 1130 amplius
1816 1070 1906 1108 ac-

379 1174 425 1226 ci
429 1173 603 1242 pictis.

382 1265 438 1319 1.
472 1263 607 1318 Hinc
656 1261 766 1331 jam
801 1267 1018 1329 propter
1047 1253 1335 1325 ingluviem
1365 1250 1416 1304 in
1450 1249 1569 1303 illos
1597 1243 1908 1300 invehitur:

309 1355 561 1427 quodque
586 1353 801 1424 gravius
830 1359 932 1416 est,
949 1349 1068 1418 quia
1091 1363 1196 1400 non
1225 1359 1287 1398 ex
1319 1342 1544 1396 divitum
1564 1379 1580 1404 ,
1608 1335 1702 1391 sed
1733 1350 1797 1390 ex
1829 1333 1910 1385 vi-

310 1449 540 1503 duarum
588 1443 885 1499 substantia
936 1449 1155 1493 ventres
1213 1433 1549 1504 implebant,
1595 1429 1913 1494 illarumque

312 1547 680 1611 paupertatem
712 1535 1042 1595 atterebant,
1088 1529 1173 1584 cui
1225 1525 1511 1581 subvenire
1565 1521 1913 1611 Oportuisset.

309 1609 431 1689 Non
473 1632 616 1686 enim
662 1627 976 1697 simpliciter
1018 1621 1278 1681 edebant,
1324 1615 1418 1671 sed
1463 1623 1517 1668 et
1557 1609 1909 1666 devorabant.

312 1723 517 1778 Deinde
545 1734 674 1776 vero
705 1717 908 1772 fraudis
935 1714 1123 1768 modus
1150 1710 1364 1780 gravior
1391 1702 1708 1774 exprimitur
1735 1719 1748 1753 :
1782 1698 1914 1751 Ora.

313 1818 449 1870 tione
475 1814 628 1883 longa
652 1818 870 1865 orantes.
898 1807 1150 1876 Quisquis
1177 1802 1314 1856 male
1340 1809 1616 1867 Operatur,
1651 1790 1915 1860 supplicio

308 1908 508 1978 dignus
536 1914 655 1960 est:
686 1902 929 1971 quisquis
970 1909 1151 1952 autem
1180 1894 1392 1965 pietatis
1421 1892 1643 1945 obtentu
1675 1887 1723 1940 id
1766 1884 1912 1978 facit,

312 1975 577 2053 et'fallaci
609 1994 788 2064 specie
831 1992 996 2044 utitur
1025 1987 1089 2041 ad
1121 1985 1411 2054 nequitiam
1441 2023 1452 2045 ,
1485 1980 1641 2048 longe
1681 1975 1913 2046 graviori

314 2099 397 2144 est
429 2087 693 2157 supplicio
735 2081 1018 2138 obnoxius.
1065 2079 1130 2132 Et
1159 2092 1255 2132 cur
1295 2090 1398 2129 non
1429 2071 1596 2142 gradu
1625 2069 1822 2138 dejecit
1847 2067 1913 2120 il-

313 2180 438 2235 los?
487 2179 620 2248 Quia
670 2176 720 2231 id
766 2174 1006 2229 nondum
1039 2181 1248 2238 tempus
1279 2164 1642 2237 permittebat.
1677 2161 1800 2216 Ideo
1833 2161 1914 2214 in-

316 2273 476 2328 terim
517 2271 638 2326 illos
685 2267 981 2339 relinquit;
1014 2263 1108 2317 sed
1141 2261 1316 2316 verbis
1371 2259 1482 2314 suis
1534 2265 1686 2312 curat
1743 2265 1800 2308 ut
1849 2268 1918 2308 ne

318 2364 554 2436 populus
565 2361 880 2433 decipiatur,
902 2374 968 2413 ne
994 2357 1133 2422 illos,
1153 2363 1336 2423 utpote
1363 2353 1415 2407 in
1443 2351 1702 2419 dignitate
1718 2347 1919 2404 con5ti~

317 2465 465 2512 tutos
487 2497 502 2522 ,
550 2453 745 2510 imitari
791 2449 1089 2506 studerent.
1138 2445 1270 2512 Quia
1303 2443 1449 2499 enim
1477 2443 1691 2497 dixerat
1713 2481 1728 2506 ,
1765 2440 1919 2506 Quc-

317 2565 531 2620 cumque
574 2545 712 2600 vobis
754 2543 975 2597 dixerint
1023 2539 1212 2610 facite,
1259 2535 1495 2590 ostendit
1540 2547 1785 2603 quasnam
1833 2530 1919 2584 illa

317 2643 427 2696 sint
457 2659 472 2694 :
504 2653 568 2694 ea
611 2636 819 2692 scilicet
847 2648 966 2703 qua:
993 2630 1094 2701 ipsi
1135 2645 1238 2683 non
1274 2635 1469 2696 praeter
1492 2625 1580 2695 jus
1614 2624 1797 2694 fasque
1843 2621 1919 2676 fe-

319 2731 493 2787 cerint
513 2770 528 2796 ,
563 2743 630 2783 ne
659 2727 834 2780 minus
862 2738 990 2779 sana
1022 2730 1200 2775 mente
1229 2718 1435 2788 praediti
1467 2729 1714 2786 putarent
1739 2716 1917 2769 omnia

319 2837 442 2893 quae
473 2821 547 2876 illi
588 2821 823 2873 facerent
871 2814 1128 2884 permitti.
1177 2812 1264 2866 15.
1320 2808 1409 2863 Vae
1437 2809 1610 2873 vobis,
1659 2806 1836 2860 scribae
1877 2814 1921 2859 et

321 2913 579 2970 Pharistzi
603 2953 619 2978 ,
672 2910 792 2979 quia
834 2907 1072 2961 clauditis
1109 2921 1319 2974 regnum
1360 2914 1480 2956 ante
1525 2903 1769 2956 homines.
1823 2899 1922 2953 Vos

321 3009 456 3061 enim
487 3021 588 3059 non
616 3002 819 3056 intratis
845 3042 859 3065 ,
893 3016 984 3054 nec
1013 2999 1257 3052 intrantes
1289 2996 1577 3066 permittitis
1609 2995 1820 3047 intrare.
1864 2992 1920 3047 Si

321 3102 467 3155 enim
500 3097 703 3153 nemini
747 3094 1007 3164 prodesse
1036 3092 1241 3146 crimen
1281 3098 1364 3144 est
1385 3131 1402 3155 ,
1450 3103 1646 3142 nocere
1671 3097 1724 3141 et
1756 3086 1925 3154 impe-

320 3191 438 3246 dire
463 3204 624 3259 quam
653 3186 864 3242 veniam
893 3181 1195 3239 mereatur?
1223 3180 1358 3247 Quid
1387 3190 1471 3234 est
1512 3177 1637 3232 illud
1659 3219 1675 3245 ,
1706 3176 1921 3231 Intran-

323 3281 438 3336 tes?
472 3279 524 3333 Id
554 3289 656 3340 est,
687 3276 929 3332 idoneos.
956 3273 1086 3328 Nam
1114 3271 1327 3341 quando
1351 3271 1470 3324 aliis
1498 3279 1763 3338 prmcepta
1792 3267 1922 3322 dare

323 3371 630 3445 oportebat,
661 3384 822 3424 onera
865 3366 1218 3422 intolerabilia
1265 3363 1648 3434 imponebant;
1679 3377 1800 3416 cum
1830 3376 1925 3414 au-

324 3477 446 3520 tem'
466 3465 611 3532 ipsos
634 3461 759 3532 quid
792 3470 1046 3530 prtestare
1077 3473 1172 3527 par
1206 3465 1352 3518 erat,
1387 3465 1515 3510 tunc
1544 3471 1575 3510 e
1605 3454 1878 3510 contrario
1903 3494 1922 3520 ,

323 3573 432 3613 non
461 3555 624 3612 modo
654 3554 786 3609 nihil
830 3553 1134 3616 faciebant,
1168 3550 1260 3604 sed
1292 3550 1434 3619 quod
1478 3550 1638 3619 longe
1687 3549 1923 3604 deterius

324 3659 428 3712 est,
460 3649 596 3703 alios
621 3647 779 3702 etiam
803 3643 1239 3713 corrumpebant.
1273 3641 1335 3695 lli
1358 3651 1484 3696 sunt
1507 3642 1596 3711 qui
1632 3651 1810 3708 pestes
1831 3656 1925 3707 ap-

327 3740 598 3811 pellantur
620 3779 636 3803 ,
665 3739 755 3808 qui
801 3737 852 3790 in
885 3751 1021 3804 opus
1061 3733 1162 3787 sibi
1190 3739 1429 3786 statuunt
1472 3731 1703 3785 aliorum
1746 3731 1926 3799 perni-

325 3836 504 3897 ciem,
532 3833 674 3886 veris
699 3831 1012 3885 doctoribus
1039 3843 1104 3882 ex
1133 3827 1398 3880 diametro
1428 3823 1683 3892 Oppositi.
1716 3823 1846 3876 Nam
1878 3823 1924 3876 si

325 3923 565 3978 doctoris
590 3931 672 3976 est
704 3929 1016 3988 pereuntem
1045 3932 1260 3971 servare
1285 3956 1299 3981 ,
1347 3915 1576 3984 perdere
1619 3930 1742 3968 eum
1769 3954 1786 3979 ,
1834 3912 1925 3981 qni

326 4011 625 4068 servandus
654 4020 768 4066 erat
791 4052 806 4074 ,
847 4008 1082 4079 pestifcri
1137 4005 1368 4060 hominis
1396 4015 1498 4058 est.
1528 4004 1687 4058 Aliud
1730 4001 1926 4058 deinde

327 4104 532 4158 crimen
583 4103 862 4171 sequitur:
897 4100 983 4154 15.
1034 4099 1270 4153 Circuitis
1321 4113 1460 4149 mare
1488 4105 1536 4148 et
1581 4097 1782 4148 aridam
1810 4138 1824 4159 ,
1872 4105 1926 4148 ut

327 4198 638 4267 proselytum
667 4210 826 4247 unum
855 4193 1088 4264 faciatis;
1135 4201 1182 4244 et
1223 4206 1340 4243 cum
1379 4188 1705 4252 inveneritis,
1757 4189 1926 4255 facitis

329 4289 476 4344 illum
521 4290 682 4356 ﬁlium
729 4287 971 4357 gehennae
1001 4285 1156 4354 duplo
1187 4285 1346 4354 nmgis
1375 4299 1526 4352 quam
1558 4298 1675 4347 vos,
1709 4281 1760 4335 id
1799 4291 1879 4336 est
1907 4321 1922 4346 ,

329 4380 460 4434 Cum
488 4378 572 4432 vix
600 4395 723 4432 eum
766 4388 819 4431 et
865 4385 984 4447 post
1010 4377 1205 4430 multos
1253 4378 1462 4429 labores
1493 4375 1746 4445 ceperitis
1768 4416 1781 4436 ,
1819 4391 1925 4428 non

331 4471 548 4542 parcitis
577 4481 753 4524 tamen
797 4469 906 4534 illi;
953 4484 1075 4523 cum
1107 4477 1284 4522 tamen
1326 4483 1387 4519 ea
1427 4483 1545 4536 qua:
1574 4468 1658 4519 vix
1702 4481 1924 4534 compa.

332 4579 454 4616 rare
495 4562 769 4632 potuimus
794 4601 808 4623 ,
843 4559 1031 4625 maiori
1061 4559 1238 4612 studio
1280 4573 1591 4610 servemus:
1627 4573 1722 4611 vos
1748 4568 1928 4611 autem

332 4670 400 4708 ne
451 4655 500 4707 id
546 4654 758 4723 quidem
805 4653 1193 4707 moderatiores
1231 4649 1426 4704 reddit.
1481 4649 1577 4703 llic
1621 4665 1782 4717 porro
1821 4649 1930 4701 duo

332 4749 438 4802 illis
467 4748 691 4802 crimina
735 4745 925 4810 offert;
961 4745 1168 4814 primo,
1206 4743 1347 4812 quod
1385 4743 1449 4794 ad
1477 4743 1700 4796 salutem
1730 4742 1929 4796 multo-

332 4857 452 4895 rum
481 4841 694 4894 inutilcs
723 4841 863 4902 sint,
898 4854 1020 4892 cum
1063 4837 1231 4890 nmlto
1260 4835 1458 4889 sudore
1495 4852 1630 4904 opus
1663 4835 1889 4890 habeant
1913 4878 1926 4900 ,

335 4943 392 4985 nt
436 4949 599 4987 unum
631 4931 936 4994 attraham;
981 4929 1217 4984 secundo
1240 4971 1253 4993 ,
1285 4929 1425 4998 quod
1456 4931 1784 4999 negligentes
1824 4931 1932 4982 sint

335 5025 400 5078 ad
426 5025 722 5079 custodiam
757 5024 872 5093 ejus
896 5039 1052 5091 quem
1084 5022 1260 5090 adepti
1293 5031 1451 5085 sunt;
1483 5024 1591 5076 imo
1630 5040 1733 5076 non
1767 5023 1927 5077 modo

338 5117 660 5185 negligentes
686 5157 699 5178 ,
730 5115 824 5168 sed
855 5115 1015 5168 etiam
1041 5114 1372 5182 proditores,
1403 5130 1522 5168 cum
1566 5130 1660 5168 eos
1690 5131 1752 5168 ex
1783 5117 1920 5170 male

336 5206 545 5262 vivendi
575 5207 822 5275 exemplo
868 5207 1165 5260 deteriores
1193 5205 1409 5259 faciant.
1459 5204 1592 5259 Cum
1622 5207 1764 5259 enim
1800 5208 1932 5261 tales

336 5301 587 5355 doctores
608 5299 899 5367 discipulus
929 5297 1136 5359 viderit,
1172 5298 1323 5365 pejor
1352 5297 1588 5350 redditur
1615 5317 1625 5349 :
1660 5314 1763 5352 non
1791 5301 1931 5353 enim

339 5390 560 5459 gradum
590 5390 730 5442 sistit
762 5391 813 5443 in
842 5389 1075 5442 doctoris
1106 5390 1184 5441 sui
1219 5390 1488 5457 nequitia;
1521 5391 1612 5442 sed
1658 5391 1700 5444 si
1737 5393 1934 5459 probus

340 5481 499 5536 fuerit
522 5525 536 5544 ,
569 5483 740 5550 ipsum
771 5482 1040 5543 imitator;
1075 5482 1154 5534 sin
1186 5481 1457 5549 improbus
1481 5523 1493 5545 ,
1525 5483 1686 5536 etiam
1717 5497 1934 5552 superat

338 5577 410 5630 ob
451 5575 757 5630 facilitatem
795 5575 858 5628 ad
902 5577 1080 5645 pejora
1116 5576 1458 5644 procedendi.
1512 5575 1706 5630 Filium
1755 5590 1931 5634 autem

406 5748 495 5820 (αλ
513 5751 752 5820 Innrzeco,
781 5766 837 5802 καὶ
849 5767 1033 5820 ’πρθφάριιε
1052 5767 1167 5815 μιαρὰ
1192 5768 1462 5815 προσιυξηέφιίνςε
1481 5795 1490 5810 .
1528 5770 1637 5820 quin
1662 5759 1719 5808 ad
1745 5758 1937 5809 literam

336 5812 630 5877 signiﬁcant,
656 5815 706 5863 in
730 5812 945 5877 speciem
961 5812 1183 5866 diuturne
1208 5812 1478 5881 precantes.

2018 859 2261 928 gehennae
2283 867 2459 922 vocat,
2496 859 2673 924 idest,
2700 859 2868 927 ipsam
2895 857 3217 928 gehennam.
3253 860 3393 914 Dixit
3420 869 3626 925 autem,

2018 949 2193 1020 Duplo
2221 954 2384 1022 magis
2427 969 2580 1022 quam
2609 967 2696 1004 vos
2717 992 2731 1014 ,
2781 961 2838 1005 ut
2877 961 2932 1006 et
2964 951 3090 1007 illos
3133 961 3398 1018 terreret,
3443 963 3497 1007 et
3529 952 3629 1008 hos

2019 1043 2390 1096 vehementius
2440 1044 2862 1123 perstringeret,
2910 1045 3033 1112 quia
3082 1042 3333 1098 doctores
3376 1044 3631 1113 nequitia:

2018 1143 2162 1185 sunt.
2212 1131 2397 1201 Neque
2432 1132 2534 1184 hoc
2577 1141 2820 1200 tantum,
2867 1132 2961 1186 sed
2987 1133 3153 1187 etiam
3195 1131 3336 1200 quod
3370 1134 3631 1201 majorem

2019 1223 2298 1292 discipulis
2345 1224 2608 1277 malitiam
2643 1224 2830 1279 indere
2862 1233 3093 1290 curent,
3133 1222 3448 1278 inducentes
3487 1225 3633 1293 ipsos

2021 1315 2086 1367 ad
2116 1315 2398 1384 majorem,
2428 1331 2587 1378 quam
2619 1317 2722 1386 ipsi
2746 1316 3000 1380 habeant,
3027 1316 3322 1383 nequitiam
3350 1333 3362 1368 :
3394 1315 3445 1370 id
3477 1315 3621 1385 quod

1957 1441 1962 1444 -
2021 1405 2253 1458 maxime
2269 1407 2332 1458 ad
2361 1406 2594 1460 animam
2611 1415 2918 1476 corruptam
2939 1405 3190 1474 pertinet.
3215 1406 3415 1461 Deinde
3442 1421 3632 1461 amen-

2023 1497 2151 1550 tiam
2185 1497 2315 1566 ipsis
2347 1499 2654 1565 exprobrat,
2683 1497 2827 1567 quod
2858 1498 3062 1566 majora
3092 1508 3357 1567 praecepta
3385 1497 3636 1566 despice-

2021 1603 2080 1643 re
2103 1589 2353 1658 juberent
2378 1606 2392 1644 :
2423 1589 2568 1659 atqui
2591 1590 2918 1644 COllll'aI‘Illlll
2950 1606 3112 1660 supra
3138 1590 3372 1653 dicebat,
3403 1589 3638 1661 Alliga"!

2023 1696 2178 1733 onera
2214 1681 2450 1751 graviora
2476 1692 2522 1735 et
2551 1681 2896 1752 importabilia
2924 1681 3137 1752 (Matth.
3163 1682 3252 1738 25.
3275 1682 3351 1753 4).
3379 1682 3486 1737 Sed
3518 1681 3637 1736 luce

2023 1773 2185 1825 etiam
2217 1787 2404 1826 rursus
2427 1771 2693 1826 faciebant
2727 1814 2740 1836 ,
2775 1772 3015 1842 nihilque
3045 1788 3153 1826 non
3180 1777 3412 1843 agebant
3447 1781 3505 1826 ut
3530 1773 3638 1826 sibi

2022 1863 2266 1918 subditos
2329 1872 2786 1934 corrumperent,
2839 1865 2891 1918 in
2944 1865 3184 1920 minimis
3235 1867 3634 1921 accurationem

2022 1968 2346 2026 quzcrentes,
2372 1968 2424 2013 et
2448 1974 2637 2028 magna
2652 1959 3033 2028 despicientes.
3054 1957 3146 2013 ‘25.
3171 1957 3446 2014 Decimatis
3462 1959 3631 2025 enim,

2024 2049 2217 2118 inquit,
2250 2051 2507 2104 mentham
2533 2059 2578 2104 et
2600 2051 2859 2112 anethum,
2882 2058 2926 2102 et
2955 2049 3231 2119 reliquistis
3256 2065 3373 2117 qua:
3400 2051 3637 2120 grauiora

2023 2150 2141 2193 sunt
2186 2140 2340 2210 legis,
2366 2141 2622 2211 judicium
2665 2149 2713 2193 et
2756 2141 3158 2194 misericordiam
3194 2150 3243 2195 et
3280 2141 3456 2206 fidem.
3508 2140 3636 2195 Hmc

2023 2231 2285 2300 oportebat
2309 2235 2476 2302 facere
2499 2272 2514 2297 ,
2554 2240 2602 2285 et
2643 2231 2737 2285 illa
2783 2248 2886 2285 non
2927 2232 3172 2285 omittere.
3211 2231 3323 2286 lloc
3351 2232 3471 2287 loco
3507 2249 3638 2304 ergo

2023 2337 2056 2377 e
2083 2339 2141 2377 re
2170 2323 2410 2392 loquitur
2441 2341 2453 2378 :
2479 2323 2566 2378 ubi
2594 2323 2804 2378 decima
2834 2331 2937 2387 est,
2971 2323 3041 2377 ibi
3071 2323 3235 2377 etiam
3259 2325 3630 2396 eleemosyna.

2025 2414 2162 2480 Quid
2192 2416 2337 2470 enim
2380 2416 2784 2487 eleemosynam
2831 2415 2962 2470 dare
2999 2416 3201 2471 nocet?
3228 2415 3335 2471 Sed
3381 2417 3482 2471 hoc
3524 2434 3634 2473 non

2024 2506 2154 2561 dicit
2200 2507 2356 2576 quasi
2396 2507 2496 2577 ipsi
2521 2509 2694 2577 legem
2739 2508 3136 2572 observarent;
3165 2523 3341 2578 neque
3371 2511 3514 2564 enim
3557 2510 3638 2564 sic

2027 2598 2143 2668 ipse
2189 2600 2443 2670 loquitur.
2481 2599 2608 2655 Ideo
2653 2602 2739 2654 hic
2781 2600 3000 2669 quidem
3046 2600 3375 2656 dicit:ch
3411 2605 3638 2672 oportuit

2027 2693 2195 2759 facere
2227 2731 2241 2756 ,
2275 2701 2322 2744 et
2361 2692 2454 2745 illa
2482 2709 2582 2746 non
2607 2694 2854 2747 omittere.
2891 2691 2991 2748 Ubi
3021 2702 3201 2747 autem
3245 2695 3311 2748 de
3338 2695 3552 2750 mundis
3582 2705 3639 2752 et

2028 2782 2319 2838 immundis
2346 2783 2604 2852 disputat.
2639 2799 2745 2837 non
2769 2785 2905 2838 ultra
2942 2784 3044 2838 hoc
3074 2785 3277 2854 adjicit,
3312 2787 3406 2841 sed
3435 2787 3634 2841 distin-

2027 2875 2180 2942 guit,
2214 2884 2267 2929 et
2297 2875 2534 2929 ostendit
2583 2890 2650 2930 ex
2700 2876 2956 2930 interiore
3003 2877 3263 2930 munditia
3308 2879 3634 2933 exteriorem

2030 2968 2336 3022 necessario
2363 2969 2512 3037 sequi
2547 2986 2560 3022 :
2594 2983 2700 3022 non
2732 2977 2910 3022 autem
2932 2969 3048 3023 vice
3079 2984 3253 3023 versa.
3284 2968 3380 3024 Ubi
3402 2971 3544 3024 enim
3569 2970 3639 3026 de

2029 3060 2396 3114 misericordia
2427 3060 2704 3129 agebatur,
2745 3060 3211 3114 indiscriminatim
3240 3061 3371 3115 illud
3412 3071 3638 3132 printer-

2030 3153 2209 3215 mittit,
2238 3160 2349 3205 tum
2382 3161 2602 3221 propter
2631 3151 2863 3220 idipsum
2885 3193 2898 3216 ,
2928 3159 2982 3206 et
3000 3154 3121 3221 quia
3152 3153 3390 3206 nondum
3424 3165 3639 3223 tempus

2028 3253 2145 3296 erat
2166 3243 2354 3312 legalia
2387 3253 2572 3312 aperte
2604 3242 2822 3296 tollendi
2851 3259 2864 3306 ;
2897 3242 2985 3296 ubi
3019 3253 3197 3297 autent
3222 3245 3526 3300 observatio
3558 3256 3644 3301 est

2030 3335 2394 3403 corporalium
2424 3332 2877 3401 puriﬁcationnm,
2907 3332 3102 3398 clarius
3130 3333 3246 3388 htec
3266 3339 3477 3389 evertit.
3515 3336 3639 3391 Ideo

2030 3423 2098 3479 de
2129 3424 2436 3495 elemosyna
2463 3424 2632 3478 dicit:
2663 3422 2791 3478 Hac
2818 3426 3044 3494 oportuit
3074 3425 3245 3494 facere
3274 3469 3289 3492 ,
3335 3436 3382 3480 et
3416 3426 3509 3480 illa
3541 3445 3643 3481 non

2031 3519 2262 3570 omittere
2287 3533 2304 3579 ;
2333 3517 2399 3569 de
2431 3516 2840 3587 purgationibus
2869 3531 3002 3571 vero
3032 3533 3138 3571 non
3183 3518 3261 3572 sic
3291 3534 3305 3572 :
3337 3519 3430 3573 sed
3462 3519 3637 3587 quid?

2029 3607 2121 3662 25.
2156 3605 2444 3673 Mundatis,
2473 3607 2661 3675 inquit,
2694 3607 2830 3673 quod
2860 3607 3051 3676 deforis
3091 3618 3166 3661 est
3203 3609 3378 3663 colicis
3403 3619 3451 3664 et
3487 3628 3644 3680 paro-

2036 3697 2197 3766 psidis
2223 3715 2241 3763 ;
2271 3699 2404 3750 intra
2451 3708 2618 3750 autem
2651 3697 2786 3766 pleni
2818 3698 2937 3751 estis
2974 3699 3158 3766 rapina
3196 3709 3240 3752 et
3277 3701 3512 3753 avaritia.
3544 3701 3635 3755 ‘26.

2034 3789 2233 3843 Munda
2264 3807 2382 3861 ergo
2409 3791 2618 3844 calicem
2643 3800 2691 3844 et
2717 3792 3007 3861 paropsidis
3022 3794 3289 3860 interiora,
3311 3807 3364 3847 ut
3387 3797 3640 3850 exteriora

2032 3881 2225 3933 munda
2253 3881 2401 3950 ﬁant.
2431 3883 2472 3934 Α
2506 3898 2565 3935 re
2593 3882 2868 3936 communi
2907 3892 2962 3937 et
3002 3883 3287 3939 manifesta
3333 3889 3645 3957 exemplum

2032 3973 2259 4040 accepit,
2287 3987 2316 4024 a
2339 3973 2507 4026 calice
2530 3981 2584 4026 et
2613 3972 2920 4042 paropside.

2101 4064 2158 4116 2.
2195 4064 2394 4118 Deinde
2423 4065 2737 4130 ostendens,
2763 4067 2969 4120 nullum
3009 4067 3140 4122 oriri
3168 4067 3424 4124 damnum
3448 4085 3515 4124 ex
3543 4087 3640 4125 nc-

2031 4157 2206 4226 glectu
2256 4159 2615 4226 corporalium
2683 4159 3114 4228 mundationum,
3168 4177 3418 4232 magnum
3467 4176 3646 4220 autem

2035 4250 2317 4304 imminere
2352 4253 2669 4320 supplicium
2729 4251 2793 4304 iis
2848 4253 2937 4322 qui
2987 4256 3184 4308 animae
3236 4257 3644 4313 mumlationem

2035 4352 2377 4408 noncurant,
2411 4358 2529 4411 qun:
2552 4342 2829 4398 mundatio
2877 4352 2959 4397 est
3003 4345 3196 4412 virtus,
3252 4346 3366 4401 ltazc
3420 4351 3645 4405 culicem

2033 4434 2266 4496 vocavit,
2315 4449 2475 4501 parva
2504 4436 2646 4488 enim
2696 4435 2938 4506 nihilque
2982 4448 3170 4500 erant;
3219 4421 3482 4496 cantet-nm
3519 4459 3649 4497 vero

2036 4527 2125 4578 illa
2149 4567 2162 4588 ,
2197 4526 2557 4581 intolerabilia
2590 4530 2790 4598 quippe
2836 4541 3010 4584 erant.
3059 4531 3185 4586 Ideo
3228 4534 3304 4586 ait
3335 4553 3346 4587 :
3379 4534 3469 4589 24.
3504 4537 3650 4592 Culi-

2037 4635 2141 4671 cem
2171 4620 2479 4683 excolantes,
2517 4631 2562 4672 et
2610 4621 2860 4674 camelum
2905 4623 3262 4693 deglutientcs.
3308 4626 3440 4681 Nam
3480 4639 3536 4684 et
3566 4631 3652 4686 illa

2038 4727 2257 4782 promer
2293 4715 2407 4766 haec
2452 4713 2621 4780 posita
2665 4724 2811 4780 sunt,
2867 4728 3088 4785 propter
3128 4719 3557 4776 misericordiam
3599 4735 3656 4777 et

2033 4806 2313 4875 judicium.
2337 4806 2517 4874 Itaque
2547 4822 2645 4861 nec
2671 4818 2793 4861 tunc
2819 4807 3097 4876 juvahant,
3129 4811 3241 4863 sola
3274 4828 3396 4866 cum
3436 4826 3652 4869 essent:

2039 4913 2160 4951 cum
2189 4899 2330 4951 enim
2364 4913 2521 4966 parva
2563 4906 2780 4966 propter
2807 4915 3000 4968 magna
3033 4901 3172 4955 dicta
3205 4901 3453 4970 fuissent,
3502 4907 3657 4960 dein—

2039 4990 2211 5058 dequc
2235 4989 2438 5057 magnis
2467 4990 2742 5058 neglectis,
2779 5005 2937 5059 parva
2988 4993 3161 5046 solum
3193 4995 3547 5063 rurabaotur,
3575 5001 3658 5052 ni-

2042 5080 2115 5134 hil
2145 5081 2266 5134 inde
2291 5082 2407 5148 plus
2436 5082 2746 5150 emergebat
2775 5101 2787 5135 :
2820 5098 3008 5152 magna
3037 5086 3179 5138 enim
3205 5097 3323 5154 post
3347 5103 3507 5155 parva
3542 5106 3649 5144 non

2041 5171 2437 5240 sequebantur;
2492 5182 2676 5225 contra
2727 5187 2856 5226 vero
2900 5184 3021 5244 post
3071 5192 3260 5245 magna
3306 5194 3465 5246 parva
3499 5183 3657 5249 plane

2041 5273 2355 5332 sequuntur.
2396 5263 2518 5316 Haec
2549 5279 2680 5316 vero
2724 5265 2872 5328 dicit,
2910 5267 3225 5332 ostendens,
3289 5271 3452 5326 etiam
3496 5282 3653 5325 tmte.-

2041 5371 2200 5424 quam
2243 5356 2410 5425 gratia
2456 5355 2775 5421 adveniret,
2825 5375 2929 5412 non
2992 5361 3259 5430 pra‘cipue
3305 5362 3390 5416 illa
3426 5365 3651 5433 quaesita

2043 5447 2228 5510 fuisse,
2261 5447 2354 5501 sed
2385 5447 2483 5500 alia
2507 5449 2738 5517 potiora.
2786 5448 2838 5502 Si
2892 5463 3071 5504 autem
3127 5463 3251 5506 ante
3297 5456 3522 5522 gratiam
3558 5458 3647 5508 tali

2045 5539 2203 5592 modo
2230 5555 2315 5592 res
2342 5555 2399 5592 se
2424 5539 2674 5605 habebat,
2702 5542 2868 5593 multo
2888 5542 3078 5609 magis,
3104 5553 3386 5614 postquam
3405 5547 3654 5602 sublimia

2045 5629 2132 5682 illa
2163 5639 2430 5698 prazcepta
2461 5642 2746 5697 venerum,
2780 5631 2894 5685 hate
2932 5633 3136 5686 inutilia
3169 5644 3314 5702 sunt,
3347 5651 3445 5690 nec
3471 5637 3662 5691 obser-

2044 5721 2238 5774 vanda.
2299 5721 2503 5789 L'biqne
2557 5737 2687 5790 ergo
2737 5723 2974 5792 nequitia
3027 5728 3224 5780 malum
3278 5736 3395 5792 est;
3431 5729 3666 5784 maxine

2047 5829 2175 5868 vero
2198 5829 2317 5867 cum
2373 5814 2504 5867 nihil
2556 5825 2706 5883 putat
2754 5816 3133 5874 emendatione
3185 5833 3376 5889 egere;
3436 5825 3663 5891 etquod
