4074 6426
555 348 661 400 Ιῖ75

550 461 762 532 gravius
798 468 916 524 est,
949 473 1067 513 cum
1118 466 1262 527 putat
1310 458 1438 512 satis
1468 470 1587 510 esse
1624 454 1667 507 si
1697 452 1829 507 alios
1859 450 2123 519 corrigat;

550 570 670 624 quae
722 551 1023 621 significa:s
1079 550 1319 603 Chri-tns
1369 548 1530 601 duces
1602 541 1719 594 ilics
1754 550 1910 597 vocat
1957 553 2131 595 caecos

548 660 807 701 cmcorum
878 646 896 713 (
941 644 1083 696 Verr.
1128 641 1190 695 16
1222 640 1261 708 ).
1319 640 1448 695 Nam
1492 644 1537 698 si
1593 652 1711 690 cum
1740 650 1912 689 caicus
1941 650 2045 687 non
2073 646 2132 685 se

549 745 698 807 putat
720 735 855 790 duce
884 748 1017 803 Opas
1043 734 1257 793 habere,
1293 730 1342 785 id
1373 738 1606 785 extrema
1636 727 1910 781 calamitas
1936 733 1988 780 et
2036 724 2133 776 mi-

545 828 682 880 seria
706 835 785 880 est
817 839 972 878 :cum
998 824 1111 892 ipse
1140 823 1271 874 alios
1304 821 1419 873 vult
1443 820 1659 879 ducere,
1689 817 1858 885 cogita
1888 816 1939 867 in
1964 828 2130 883 quau-

548 928 661 971 tum
700 916 1007 969 barathrum
1035 913 1269 982 (ejiciat.
1300 910 1425 965 llaec
1465 920 1640 965 autem
1686 907 1916 969 dicebat,
1948 905 2130 958 subiu~

547 1010 731 1065 dieans
761 1011 970 1063 illorum
1019 1009 1247 1063 stadium
1275 1007 1341 1060 ad
1372 1022 1559 1059 vanam
1600 1005 1822 1073 gloriam
1862 1008 2130 1070 attettpan-

544 1104 690 1168 dam,
716 1113 767 1159 et
795 1102 1012 1172 hujusce
1044 1102 1210 1155 morbi
1239 1099 1493 1168 grandem
1526 1099 1575 1152 iu
1615 1098 1715 1151 illis
1745 1096 1965 1152 rabiem.
2016 1094 2129 1148 lluc

544 1192 687 1246 cnim
742 1192 868 1259 ipsis
909 1191 1143 1244 omnimn
1188 1189 1445 1242 malorum
1502 1202 1659 1241 causa
1710 1184 1833 1247 fuit,
1875 1184 2013 1252 quod
2061 1182 2127 1236 ad

542 1284 949 1338 ostentationem
969 1283 1146 1334 omnia
1168 1278 1422 1334 facerent.
1450 1278 1560 1332 Hoc
1580 1294 1607 1329 a
1628 1277 1730 1330 fide
1754 1275 1871 1329 illos
1887 1274 2123 1338 abduxit,

542 1386 833 1440 veramque
882 1371 1130 1425 virtutem
1178 1370 1445 1439 negligere
1481 1368 1670 1431 suasit,
1702 1377 1755 1421 et
1782 1366 1910 1420 solis
1939 1380 2130 1429 corpo-

541 1467 739 1521 ralibus
787 1462 1220 1518 mundatiunibus
1268 1462 1597 1525 incumbere,
1639 1462 1831 1513 anima:
1886 1458 2126 1527 neglecta

542 1556 903 1612 mundatione.
958 1554 1078 1610 Ideo
1102 1554 1165 1607 ad
1197 1569 1374 1607 veram
1404 1553 1655 1605 virtutem
1687 1551 1805 1605 illos
1834 1549 2123 1608 deducens,

541 1657 596 1702 et
624 1648 687 1700 ad
718 1646 1116 1701 inundationem
1169 1644 1380 1709 animm,
1429 1643 1709 1713 judicium.
1758 1642 2018 1708 jusutiam
2075 1650 2130 1694 et

542 1738 699 1793 ﬁdem
727 1745 1002 1792 memorat.
1037 1736 1159 1791 lla'c
1180 1737 1376 1806 quippe
1401 1742 1526 1790 sunt
1551 1750 1668 1804 qua:
1702 1734 1860 1786 vitam
1890 1741 2124 1784 nostram

540 1829 742 1891 fovent,
772 1844 887 1899 qua:
933 1829 1164 1882 animam
1206 1836 1432 1898 purgant
1464 1844 1477 1877 ε
1504 1825 1731 1895 justitia,
1792 1820 2087 1891 benignitas
2107 1864 2122 1886 ,

541 1922 771 1984 veritas;
804 1934 1024 1989 quarum
1076 1919 1196 1977 alia.
1252 1932 1443 1987 nempe
1495 1916 1878 1980 misericordia,
1924 1914 1989 1968 ad
2038 1930 2129 1969 ve—

541 2012 681 2067 niam
715 2024 811 2065 nos
854 2009 1085 2071 deducit,
1118 2024 1215 2063 occ
1246 2008 1501 2077 permittit
1527 2015 1580 2060 ut
1624 2008 1921 2060 severiores
1940 2019 2099 2077 pecua

542 2104 742 2157 toribus
771 2102 956 2165 simus,
989 2116 1161 2169 neque
1190 2100 1256 2153 ad
1288 2100 1493 2153 veniam
1536 2096 1931 2153 concedendam
1980 2094 2124 2150 dilti-

541 2194 672 2249 ciles
726 2193 846 2261 (sic
899 2192 1040 2247 enim
1098 2190 1291 2259 duplex
1342 2191 1546 2245 lucrum
1596 2198 1949 2257 reportamus,
1999 2187 2124 2241 dum

542 2285 913 2341 misericordes
941 2283 1218 2345 efficimur,
1244 2291 1293 2336 et
1325 2280 1747 2335 misericordiam
1778 2280 1995 2334 multam
2033 2296 2128 2331 no-

540 2376 623 2432 bis
648 2391 676 2428 a
707 2376 812 2430 Deo
842 2374 1210 2428 universorum
1234 2371 1550 2425 attmhimus
1572 2370 1623 2440 ),
1654 2369 1739 2423 illa
1765 2383 1976 2440 quoque
2000 2383 2124 2423 sua-

539 2466 631 2521 det
660 2466 809 2519 nobis
834 2472 891 2518 ut
914 2462 1183 2533 oppressis
1207 2446 1603 2515 .coudoleamus
1639 2462 1860 2528 illosque
1887 2459 2124 2513 vindice-

541 2571 695 2609 mus:
750 2554 950 2621 justiﬁa
1004 2568 1125 2606 vero
1178 2552 1537 2605 fraudulentus
1564 2559 1616 2606 et
1645 2550 1825 2604 vafras
1862 2565 1983 2605 esse
2021 2565 2122 2603 nou

541 2646 686 2701 sinit.
716 2644 935 2713 Quando
963 2653 1140 2699 autem
1171 2644 1333 2704 dixit,
1358 2641 1484 2696 Haec
1504 2643 1723 2712 Oportuit
1753 2642 1939 2709 facere,
1970 2651 2014 2694 et
2034 2639 2127 2693 Ηιιι

545 2754 644 2790 non
669 2737 913 2793 omittere.
940 2735 1117 2787 nonid
1155 2743 1209 2785 ιιι
1255 2733 1474 2802 legalem
1522 2733 1946 2786 observationem
1970 2733 2124 2785 indu-

538 2827 644 2891 cit;
690 2826 871 2880 absit:
906 2826 1009 2880 hoc
1059 2826 1199 2878 enim
1242 2824 1352 2892 jam
1400 2838 1557 2892 Supra
1605 2824 2120 2889 demonstravimus;

540 2932 765 2986 cumque
794 2917 862 2970 de
888 2915 1168 2985 paropside
1193 2924 1246 2969 et
1273 2914 1339 2969 de
1368 2915 1534 2969 calice
1579 2914 1731 2981 dixit,
1783 2916 1975 2969 Munda
1998 2916 2123 2969 intc-

538 3009 675 3063 riora
703 3009 873 3062 colicis
898 3018 943 3061 et
966 3006 1269 3077 parapsidis,
1312 3017 1363 3059 ut
1388 3006 1478 3075 [ἰαί
1516 3006 1569 3060 id
1614 3008 1748 3068 quod
1793 3007 2010 3061 externis
2049 3016 2123 3063 est

539 3100 805 3163 mundum,
837 3116 942 3153 non
973 3098 1039 3154 ad
1068 3108 1277 3153 veteres
1302 3112 1402 3152 nos
1446 3099 1695 3151 minutias
1724 3098 1927 3153 reducit
1952 3116 1967 3164 ;
1990 3114 2121 3153 con-

541 3206 619 3250 tra
648 3209 774 3248 vero
797 3193 911 3247 lucc
932 3191 1195 3262 superflua
1222 3205 1341 3246 esse
1362 3191 1615 3246 ostendit.
1648 3191 1761 3246 Non
1787 3192 1928 3247 enim
1957 3193 2120 3259 dixit,

540 3285 594 3340 ld
624 3284 805 3350 etiam,
831 3282 969 3354 quod
999 3282 1232 3337 exterius
1269 3289 1368 3347 est,
1396 3291 1633 3351 purgate.
1658 3281 1774 3346 sed,
1805 3282 1956 3348 Quod
1980 3283 2124 3338 intus

538 3386 619 3429 est
642 3392 657 3438 ;
677 3382 730 3428 et
755 3375 972 3427 omnino
996 3371 1188 3426 hocab
1214 3371 1304 3425 illo
1348 3373 1609 3440 sequitur.
1641 3372 1889 3440 Alioquin
1944 3383 2121 3427 autem

539 3481 644 3519 non
674 3464 741 3520 de
760 3464 924 3519 calice
950 3472 1003 3517 et
1025 3461 1306 3534 paropside
1334 3462 1582 3532 loquitur,
1617 3463 1711 3518 sed
1752 3463 1821 3519 de
1864 3466 2040 3520 anima
2070 3473 2125 3519 et

536 3569 763 3626 corpore
795 3572 809 3609 :
838 3552 978 3624 quod
1025 3554 1260 3608 exterius
1312 3563 1432 3617 est,
1482 3569 1677 3625 enrpus
1725 3570 1943 3622 vocans,
1979 3558 2119 3627 quod

537 3647 973 3708 auteminterius,
1006 3647 1255 3700 animam.
1301 3644 1357 3699 Si
1403 3660 1531 3700 vero
1583 3647 1635 3701 in
1685 3647 1964 3717 paropside
1988 3664 2122 3717 opus

537 3746 621 3793 est
659 3737 907 3791 interiora
950 3750 1054 3790 non
1105 3736 1395 3807 negligere,
1425 3736 1593 3790 multo
1630 3738 1796 3807 magis
1829 3738 1879 3791 in
1913 3749 1982 3793 te.
2016 3739 2119 3793 Vos

538 3845 666 3885 vero
702 3838 885 3883 contra
928 3826 1117 3894 facitis,
1151 3827 1350 3898 inquit;
1386 3842 1504 3882 nam
1552 3843 1710 3898 parva
1760 3840 1812 3884 et
1855 3831 2119 3885 exteriora

537 3920 901 3985 observantes,
953 3934 1141 3988 magna
1195 3928 1249 3973 et
1304 3919 1553 3973 interiora
1607 3919 1871 3989 negligitis
1919 3937 1930 3973 :
1978 3922 2119 3977 unde

538 4012 824 4065 maximum
851 4009 1072 4065 infertur
1091 4008 1363 4070 damnum,
1390 4009 1530 4079 quod
1556 4019 1797 4078 putantes
1825 4024 1917 4064 vos
1948 4020 2117 4066 totum

538 4102 867 4171 praestitisse,
899 4102 1099 4170 reliqua
1128 4100 1409 4170 negligatis
1435 4117 1449 4166 ;
1481 4116 1603 4156 cum
1649 4111 1823 4154 autem
1847 4117 1908 4156 ea
1937 4102 2118 4171 despi-

536 4193 711 4257 ciatis,
762 4190 847 4246 illa
903 4192 1191 4246 emendare
1242 4191 1369 4245 nihil
1419 4193 1634 4247 curatis.
1683 4193 1885 4248 Deinde
1929 4210 2023 4250 eos
2052 4194 2119 4249 de

538 4300 688 4338 vana:
716 4283 898 4354 gloria:
924 4298 1106 4338 amore
1138 4284 1465 4354 perstringit,
1494 4284 1736 4355 sepulcra
1762 4285 1999 4341 dralhata
2026 4302 2119 4340 vo-

533 4389 664 4429 rans
690 4374 830 4439 illos,
857 4374 1263 4445 hypocritasque
1284 4375 1588 4445 appellans;
1612 4377 1753 4445 quod
1778 4387 1860 4433 est
1879 4379 2115 4433 omnium

533 4482 692 4521 causa
720 4466 997 4530 malorum,
1030 4474 1085 4520 et
1114 4466 1363 4534 perniciei
1394 4476 1792 4537 argumentum.
1822 4467 1999 4537 Neque
2028 4483 2117 4523 so-

535 4557 644 4610 lum
672 4555 789 4610 illos
817 4555 1059 4625 sepulcra
1107 4555 1348 4611 dealbata
1378 4558 1604 4622 vocavit,
1660 4558 1753 4612 sed
1808 4560 1967 4614 etiam
2019 4561 2115 4614 iut-

534 4646 790 4701 munditia
829 4657 881 4701 et
915 4646 1181 4718 hypocrisi
1224 4647 1411 4715 plenos
1445 4664 1564 4704 esse
1604 4650 1757 4705 dixit.
1812 4650 1903 4706 llis
1955 4667 2117 4723 porro

533 4751 749 4793 Causam
804 4739 1070 4802 ostendit,
1132 4748 1347 4807 propter
1392 4754 1550 4809 quam
1606 4755 1711 4795 non
1753 4741 2110 4809 crediderunt,

532 4828 781 4898 quoniam
814 4828 953 4898 pleni
975 4836 1127 4882 erant
1156 4828 1419 4899 hypocrisi
1449 4839 1503 4883 ct
1532 4830 1825 4900 iniquitate.
1865 4833 1988 4888 llaec
2015 4850 2114 4888 au-

534 4933 638 4976 tem
662 4936 765 4975 non
787 4919 1031 4976 Christus
1060 4921 1239 4988 modo,
1270 4923 1361 4977 sed
1384 4924 1544 4978 etiam
1569 4926 1840 4996 prOpheta:
1868 4926 2115 4999 frequen-

532 5022 614 5066 ter
641 5013 1005 5078 criminantur,
1057 5014 1197 5083 quod
1244 5029 1461 5084 rapaces
1485 5017 1612 5081 sint,
1659 5018 1797 5088 quod
1849 5019 2115 5091 principes

541 5119 731 5160 eorum
760 5120 863 5159 non
903 5105 1197 5160 secundum
1222 5108 1309 5173 jus
1353 5117 1409 5163 et
1459 5110 1718 5165 rationem
1740 5112 1979 5180 judicent
2011 5130 2023 5168 :
2058 5123 2113 5169 et

532 5197 725 5267 ubique
750 5195 984 5265 reperias
1023 5196 1281 5252 sacrificia
1307 5198 1524 5268 rejecta,
1574 5200 1687 5257 haec
1729 5212 1908 5258 autem
1936 5206 2113 5275 requi-

530 5289 651 5340 sita.
702 5287 881 5355 Itaque
932 5287 1062 5342 nihil
1111 5289 1409 5355 insolitum,
1448 5291 1575 5346 nihil
1606 5308 1821 5361 novum,
1855 5310 2029 5364 neque
2057 5298 2110 5352 in

530 5378 665 5445 lege,
696 5393 865 5447 neque
902 5381 952 5431 in
995 5381 1351 5445 accusatione,
1387 5395 1559 5453 neque
1589 5386 1745 5439 etiam
1800 5387 1851 5440 in
1880 5388 2111 5459 imagine

529 5484 581 5524 et
610 5470 854 5539 exemplo
894 5472 1143 5539 sepulcri.
1176 5472 1284 5527 lluc
1314 5474 1507 5543 quippe
1541 5478 2106 5548 memoratPropheta,

530 5575 635 5614 non
669 5562 971 5628 sepulcrum
1003 5563 1159 5617 modo
1200 5578 1423 5629 vocans,
1478 5565 1569 5620 sed
1603 5582 1614 5619 :
1661 5568 1961 5635 Sepulcrum
2012 5588 2108 5641 pa-

530 5666 637 5708 tens
658 5665 727 5707 est
757 5665 931 5723 guttur
950 5672 1121 5710 eorum
1147 5656 1323 5727 (Prol.
1356 5659 1409 5713 5.
1436 5659 1494 5714 Η
1597 5660 1753 5715 Tales
1778 5672 1902 5717 sunt
1923 5663 2107 5720 hodie-

531 5758 633 5812 quc
664 5746 833 5811 multi,
858 5748 945 5818 qui
977 5762 1095 5803 sese
1122 5750 1353 5805 exterius
1392 5758 1602 5820 ornant,
1669 5752 1915 5823 intusque
1958 5756 2099 5825 pleni

1248 343 1304 401 S.
1347 337 1622 399 JO.\N.\'lS
1645 334 2119 395 CHRYSOSTOMI
2174 333 2486 389 ARCHIEP.
2521 332 3050 391 CONSTANTINOP.

3730 334 3839 391 (πθ

2237 447 2378 501 omni
2412 445 2689 516 iniquitate
2718 457 2862 502 sunt.
2890 448 3040 502 Nunc
3066 446 3209 501 enim
3235 444 3430 501 multus
3460 443 3633 511 labor,
3664 451 3837 499 multa

2236 538 2537 593 sollicitudo
2566 547 2800 593 externa:
2846 537 3123 593 munditiei
3158 537 3514 606 impenditur;
3550 535 3833 591 munditiei

2235 642 2363 681 vero
2390 628 2580 680 animm
2608 628 2750 682 nulla
2781 644 2929 684 cura.
2959 627 3062 683 Sed
3101 628 3143 681 si
3171 628 3551 683 conscicutlam
3582 628 3831 697 singulo-

2234 733 2351 773 rum
2382 718 2504 787 quis
2534 720 2782 786 aperiret,
2822 720 3017 774 multos
3064 735 3297 783 vermes,
3354 720 3575 773 multam
3621 719 3832 772 saniem

2237 811 2516 874 inveniret,
2566 811 2916 878 fmtoremque
2961 810 3326 866 incredibilem
3357 828 3370 861 :
3398 809 3661 863 ahsurdas
3712 808 3836 863 dico

2234 910 2288 954 et
2318 902 2482 956 malas
2512 902 2973 971 concupiscentias
2995 942 3011 969 ,
3044 917 3160 971 qua:
3193 912 3319 956 sunt
3341 902 3615 957 vermibus
3662 901 3829 970 impu-

2236 992 2425 1048 riut'es.

2305 1085 2358 1138 5.
2388 1084 2490 1139 Sed
2522 1084 2659 1152 quod
2700 1084 2771 1138 illi
2799 1084 2933 1140 tales
2961 1087 3087 1150 sint,
3120 1101 3226 1139 non
3258 1086 3325 1138 ita
3354 1100 3515 1155 grave
3538 1094 3657 1150 est,
3693 1095 3830 1140 tam-

2232 1176 2343 1228 etsi»
2360 1190 2518 1244 grave
2558 1186 2637 1229 est
2672 1192 2688 1229 :
2717 1175 2856 1246 quod
2890 1191 3016 1231 vero
3045 1191 3141 1230 nos
3167 1218 3183 1239 ,
3228 1176 3317 1246 qui
3353 1177 3545 1245 templa
3592 1176 3687 1231 [ιυι
3718 1175 3831 1231 fieri

2232 1264 2429 1336 dignati
2460 1281 2663 1332 Sumus,
2693 1270 2933 1336 St-pttltfl‘a
2960 1269 3137 1322 statim
3171 1277 3369 1322 ιειιιιιιιιι
3399 1269 3646 1325 ῐωιιιτριη
3674 1270 3837 1323 eruit-

2237 1357 2396 1410 teutia
2417 1357 2732 1423 efficiamur,
2764 1361 2863 1413 huc
2887 1372 3143 1415 extrema:
3166 1361 3398 1415 miseriae
3421 1373 3523 1416 est.
3555 1360 3653 1417 Ubi
3680 1360 3834 1415 Citri-

2233 1457 2345 1500 ειυς
2395 1447 2626 1511 habitat,
2660 1451 2891 1518 Spiritus
2929 1465 3145 1507 sanetus
3188 1463 3439 1523 operatus
3474 1464 3591 1517 est,
3645 1462 3833 1521 totque

2236 1539 2483 1609 mysteria
2536 1549 2765 1607 peracta,
2823 1540 2923 1596 hoc
2965 1542 3266 1611 sepulcrum
3318 1559 3457 1608 esse,
3508 1553 3706 1613 quanta
3739 1544 3830 1598 illa

2234 1630 2444 1685 miseria
2476 1632 2596 1685 est?
2625 1644 2752 1700 quot
2796 1634 3007 1688 ﬂetibus
3035 1645 3088 1687 et
3115 1636 3397 1703 gemitibus
3440 1636 3660 1705 dignum
3703 1648 3782 1691 est
3812 1679 3829 1703 ,

2233 1734 2352 1773 cum
2396 1722 2635 1776 membra
2684 1723 2877 1777 Christi
2925 1726 3228 1792 sepulcrum
3285 1727 3614 1781 immundum
3650 1728 3834 1782 fiunt?

2232 1807 2413 1879 Cogita
2443 1811 2712 1879 quomodo
2763 1823 2915 1867 natus
2941 1814 3051 1881 sis,
3099 1815 3290 1884 quibus
3332 1817 3579 1886 dignatus
3628 1816 3829 1880 fueris.

2234 1914 2389 1970 quem
2415 1904 2687 1972 acceperis
2716 1905 2989 1971 amictum,
3035 1907 3299 1975 qnuutodo
3329 1910 3582 1977 templum
3617 1910 3831 1964 ﬁrmum

2231 1994 2550 2046 constitutus
2574 1993 2669 2057 sis,
2709 2009 2867 2063 quam
2893 1996 3174 2065 pulchrttm
3203 2014 3216 2060 ;
3246 2013 3349 2051 non
3390 2014 3521 2052 auro
3549 2008 3829 2067 ornatum,

2232 2098 2404 2153 neque
2448 2086 2763 2155 margaritis,
2816 2088 2908 2141 sed
2951 2087 3032 2169 his
3078 2090 3233 2158 leuge
3272 2091 3584 2158 pretiosiore
3625 2092 3831 2162 Spiritu

2230 2186 2437 2232 sancto.
2487 2176 2691 2248 Cogita
2723 2181 2990 2235 nemiuem
3043 2182 3093 2236 in
3152 2184 3281 2238 urbe
3326 2186 3626 2253 sepulcrum
3685 2202 3826 2240 con-

2232 2274 2438 2322 struere
2462 2268 2539 2339 (ιι)
2564 2285 2580 2330 ;
2624 2283 2752 2337 ergo
2779 2284 2953 2339 neque
2984 2280 3037 2324 tn
3067 2273 3117 2326 in
3150 2287 3381 2341 superna
3427 2277 3641 2330 civitate
3671 2293 3827 2331 rom-

2236 2372 2424 2427 parere
2479 2360 2697 2428 poteris.
2730 2360 2859 2415 Nam
2910 2362 2952 2414 si
2985 2362 3070 2416 hic
3117 2364 3243 2418 illud
3294 2366 3627 2434 prohibetur,
3660 2370 3831 2421 multo

2233 2449 2400 2519 magis
2433 2450 2557 2505 illic.
2588 2449 2700 2504 lntn
2745 2467 2870 2506 vero
2897 2452 3057 2506 etiam
3101 2453 3186 2508 hic
3213 2454 3322 2509 risu
3349 2454 3542 2525 dignus
3571 2459 3831 2512 cronibus

2232 2555 2473 2609 appares,
2501 2542 2626 2595 dum
2656 2552 2919 2597 tnnrtuam
2944 2545 3255 2599 circumfers
3282 2547 3552 2612 animant;
3583 2564 3684 2603 nec
3715 2550 3829 2604 risu

2231 2633 2425 2703 dignus
2459 2643 2685 2700 tantum,
2714 2635 2805 2689 sed
2836 2636 2995 2689 etiam
3044 2637 3341 2705 fugiendus.
3374 2638 3467 2692 Dic
3497 2643 3638 2693 enim
3668 2640 3824 2701 mihi,

2230 2727 2274 2779 si
2300 2727 2419 2794 quis
2450 2736 2714 2780 mortuum
2740 2727 2965 2781 cadaver
2993 2728 3377 2791 circumferret,
3412 2746 3588 2786 annon
3636 2748 3829 2789 omnes

2230 2816 2516 2881 resilireot,
2555 2832 2731 2870 annon
2781 2832 2968 2872 omnes
3008 2817 3289 2888 fugerent?
3340 2820 3449 2876 [loc
3476 2822 3635 2876 etiam
3685 2839 3827 2880 nunc

2230 2918 2403 2965 tecum
2428 2920 2633 2978 reputa.
2686 2909 2816 2963 Nam
2860 2912 3016 2981 longe
3047 2911 3283 2968 deterius
3314 2917 3670 2984 spectaculum
3719 2917 3827 2971 cir-

2226 3002 2479 3066 cumfers,
2517 3003 2749 3056 animam
2794 3013 3132 3069 peccatorum
3173 3005 3315 3061 mole
3361 3017 3648 3073 mortuam,
3705 3010 3825 3063 ani-

2227 3107 2369 3148 mam
2396 3092 2724 3149 disSolutam.
2747 3094 2876 3161 Quis
2899 3088 3017 3149 talis
3039 3094 3267 3150 hominis
3291 3097 3670 3153 miserebitur?
3688 3097 3822 3155 Cum

2227 3185 2369 3238 cnim
2401 3193 2454 3237 tu
2484 3184 2676 3238 anima:
2705 3194 2809 3238 tua:
2838 3201 2942 3239 non
2991 3186 3318 3253 miserearis,
3364 3189 3635 3258 quomodo
3684 3191 3823 3245 alius

2228 3285 2280 3330 te
2331 3275 2668 3330 miserabitur
2714 3275 2782 3329 ita
2832 3277 3103 3331 crudelem
3153 3288 3207 3333 et
3247 3279 3520 3333 inimicum
3553 3280 3644 3335 tibi
3679 3282 3824 3351 ipsi?

2227 3366 2281 3421 Si
2309 3369 2429 3435 quis
2447 3366 2587 3420 enim
2614 3381 2719 3435 quo
2745 3368 2860 3421 loco
2893 3377 2946 3421 tu
2976 3368 3179 3422 dormis
3218 3378 3272 3423 et
3301 3369 3560 3435 comedis,
3588 3371 3823 3427 cadaver

2225 3458 2327 3513 sub
2349 3468 2487 3512 terra
2514 3468 2754 3528 poneret,
2786 3458 2910 3528 quid
2935 3474 3040 3513 non
3072 3458 3317 3514 faceres?
3348 3469 3403 3513 tu
3432 3476 3561 3515 vero
3583 3463 3819 3517 animam

2228 3560 2492 3605 mortuam
2515 3551 2761 3620 deponis,
2791 3568 2896 3605 nun
2928 3567 3033 3622 quo
3062 3551 3180 3606 loco
3218 3553 3447 3622 prandes
3479 3555 3563 3610 vel
3591 3553 3815 3621 domuis,

2226 3641 2319 3696 sed
2350 3642 2401 3696 in
2433 3641 2690 3696 membris
2713 3641 2928 3706 Christi,
2956 3657 3128 3710 neque
3154 3641 3309 3699 times
3336 3661 3402 3699 ne
3424 3644 3571 3700 mille
3596 3644 3815 3700 fulmina

2226 3735 2276 3787 in
2307 3743 2465 3801 caput
2501 3745 2645 3787 tuum
2685 3733 2988 3804 jaciantur?
3015 3733 3295 3801 Quomodo
3342 3734 3508 3791 audes
3558 3738 3818 3793 ecclesias

2227 3826 2320 3882 Dei
2353 3826 2707 3895 frequent-tre,
2732 3836 2786 3880 et
2809 3840 2957 3879 sacra
2989 3826 3205 3895 templa,
3234 3841 3355 3881 cum
3375 3828 3515 3882 intus
3535 3838 3642 3883 tarn
3665 3845 3816 3885 exse-

2222 3917 2483 3971 crandum
2518 3916 2760 3972 faetorem
2791 3916 3027 3971 habeas"
3054 3916 3185 3973 Nam
3212 3919 3255 3972 si
3278 3921 3395 3987 quis
3419 3919 3470 3973 in
3501 3920 3701 3989 regiam
3728 3934 3818 3974 ca-

2223 4009 2386 4063 daver
2417 4008 2577 4063 ferret
2601 4017 2655 4063 et
2682 4008 2773 4062 tibi
2801 4007 3097 4073 defoderet,
3123 4019 3393 4065 extremas
3420 4009 3573 4064 daret
3603 4027 3814 4080 pinnas.

2228 4111 2279 4154 tu
2302 4115 2429 4154 vero
2449 4100 2535 4167 qui
2565 4114 2714 4153 sacra
2742 4110 2893 4169 septa
2923 4100 3061 4165 adis,
3092 4112 3145 4155 et
3176 4112 3322 4155 tanto
3361 4101 3552 4157 fictore
3595 4104 3813 4158 domum

2225 4194 2418 4262 reples,
2450 4192 2622 4261 cogi.a
2649 4203 2902 4262 quantum
2926 4192 3040 4247 lues
3068 4193 3409 4261 supplicium.
3445 4193 3661 4251 Imitare
3703 4211 3813 4251 me-

2223 4285 2469 4340 retricem
2519 4284 2687 4347 illam,
2715 4300 2833 4353 quae
2871 4297 3143 4355 unguento
3171 4286 3321 4340 unxit
3379 4286 3543 4355 pedes
3577 4284 3812 4354 Christi,

2221 4385 2277 4430 et
2303 4378 2442 4431 bono
2467 4376 2633 4431 odore
2662 4385 2823 4430 totam
2848 4376 3066 4431 domum
3112 4378 3352 4446 implevit
3380 4380 3397 4450 (
3422 4378 3547 4433 Luc.
3581 4380 3633 4433 7.
3663 4380 3811 4453 58);

2224 4476 2276 4520 tu
2299 4481 2427 4521 vero
2454 4467 2777 4521 contrarium
2826 4466 2879 4520 in
2910 4466 3072 4522 domo
3103 4467 3191 4523 Dei
3226 4468 3375 4523 facis.
3406 4468 3544 4535 Quid
3573 4484 3737 4536 enim,
3768 4471 3813 4528 si

2224 4567 2277 4612 tu
2300 4559 2413 4627 ipse
2459 4567 2655 4612 tetrum
2701 4558 2921 4613 odorem
2950 4575 3057 4613 non
3093 4558 3333 4614 sentias?
3362 4559 3416 4613 ld
3446 4576 3573 4616 sane
3596 4563 3813 4618 morbus

2221 4660 2305 4704 est
2326 4651 2706 4720 gravissimus;
2742 4649 2861 4705 ideo
2910 4650 3190 4706 incumbili
3236 4653 3428 4707 morbo
3472 4653 3706 4721 laboras,
3758 4665 3812 4711 et

2221 4744 2462 4813 graviore
2503 4759 2659 4812 quam
2709 4744 2741 4796 ii
2792 4745 2880 4814 qui
2911 4738 3139 4814 corpore
3186 4747 3355 4801 mutili
3382 4763 3446 4801 ac
3467 4749 3634 4803 vitiati
3668 4754 3807 4805 male

2220 4834 2381 4888 olent.
2401 4833 2493 4889 Ille
2520 4850 2749 4905 namque
2777 4837 2995 4890 morbus
3021 4837 3090 4891 ab
3115 4840 3271 4908 aegris
3291 4855 3455 4894 sensu
3489 4842 3804 4912 percipitur,

2220 4912 2455 4994 nihilque
2474 4925 2770 4993 culpandus
2793 4938 2894 4990 est,
2921 4928 3029 4981 imo
3044 4929 3205 4983 etiam
3226 4939 3309 4985 est
3330 4931 3806 4989 commiseratione

2220 5017 2449 5086 dignus;
2505 5017 2591 5072 hic
2640 5033 2769 5073 vero
2820 5020 3040 5076 morbus
3065 5021 3140 5076 ira
3178 5032 3233 5077 et
3264 5024 3519 5082 vindicta.
3546 5027 3811 5097 Quoniam

2217 5124 2343 5178 ergo
2369 5109 2486 5165 haec
2509 5111 2753 5182 graviora
2786 5120 2931 5177 sunt,
2963 5129 3085 5168 cum
3112 5131 3345 5172 manme
3370 5134 3513 5188 aeger
3547 5120 3664 5192 ipse
3693 5136 3809 5175 ma-

2220 5202 2326 5255 lum
2349 5218 2454 5257 non
2481 5204 2663 5268 sentit,
2692 5214 2750 5259 ut
2779 5216 3073 5274 oporteret,
3092 5210 3438 5278 age,iotento
3456 5210 3580 5266 andi
3603 5212 3804 5278 animo,

2219 5300 2275 5345 ut
2303 5302 2353 5347 te
2395 5293 2565 5348 morbi
2618 5294 2909 5363 perniciem
2942 5297 3184 5352 doceam.
3236 5297 3414 5353 Primo
3462 5312 3641 5355 autem
3687 5304 3806 5359 andi

2214 5383 2339 5454 quid
2371 5384 2643 5454 psallendo
2669 5383 2815 5440 dicas
2839 5403 2854 5441 :
2888 5383 3152 5458 Dirigatur
3176 5391 3337 5443 oratio
3359 5407 3469 5444 mea
3491 5392 3621 5446 sicut
3640 5396 3809 5450 incen-

2212 5490 2323 5559 sum
2374 5478 2428 5528 in
2456 5487 2726 5544 conspectu
2764 5486 2849 5531 tuo
2873 5477 2891 5543 (
2914 5475 3061 5532 Paul.
3090 5479 3213 5535 HO.
3245 5481 3279 5533 ‘2
3302 5480 3341 5551 ).
3369 5480 3501 5536 Cum
3548 5499 3679 5556 ergo
3702 5503 3806 5541 non

2214 5564 2511 5633 incensum,
2544 5567 2639 5621 sed
2667 5581 2695 5620 a
2740 5577 2793 5623 te
2830 5577 2884 5622 et
2910 5584 2939 5623 a
2966 5572 3129 5638 gestis
3158 5572 3261 5625 tuis
3293 5572 3430 5628 male
3452 5574 3604 5629 olens
3631 5575 3805 5632 ftnnus

2212 5656 2483 5723 ascendit,
2510 5673 2669 5726 quam
2702 5673 2809 5713 non
2857 5660 3080 5715 mereris
3122 5661 3418 5718 ultionem?
3446 5663 3583 5733 Quid
3605 5678 3685 5723 est
3714 5667 3804 5724 ille

2280 5769 2356 5833 (rt)
2387 5768 2612 5834 Sepulcra
2634 5771 2681 5820 in
2705 5772 2911 5823 urbibus
2927 5774 3348 5827 construebaatur.
