4074 6426
242 401 344 454 επ
1057 469 1059 471 ι

241 515 380 570 tnaie
412 515 563 568 olens
589 507 955 565 [ιιιιιιιεῗὶιιιιίί
973 501 1476 575 ingrediuutttr.qui
1495 499 1698 556 formas
1722 513 1841 551 mtt-

241 606 436 660 lierom
482 600 948 670 circumspiciunt;
1001 597 1216 664 aliique,
1257 597 1344 662 qui
1395 606 1679 661 puerorum
1727 603 1849 658 spe-

237 699 374 750 ciem
433 692 697 750 Curiosius
752 698 1016 760 spectant.
1073 690 1264 742 Annon
1313 685 1546 745 miraris,
1579 680 1848 749 quomodo

237 789 459 841 tttlmtna
517 803 620 839 non
676 783 962 851 iaciantur,
1024 795 1120 833 nec
1175 779 1352 832 omnia
1411 794 1438 830 a
1487 774 1848 830 fundamentis

236 880 590 935 evertuntur?
632 877 762 932 Nam
799 876 956 946 digna
1008 885 1132 929 sunt
1187 875 1270 927 ill:t
1319 871 1630 926 fulminibus
1678 878 1730 923 et
1759 883 1848 939 ge-

237 972 417 1026 beuna
450 989 462 1024 .
496 970 588 1026 sed
626 970 783 1032 Deus,
839 968 1044 1038 patiens
1089 977 1142 1020 et
1196 967 1374 1020 multa:
1428 960 1834 1018 misericordiae.

237 1063 373 1116 iram
407 1077 560 1116 suam
598 1061 810 1124 retinet,
845 1068 903 1113 ut
929 1058 994 1128 ad
1028 1057 1396 1126 pmnitentiam
1427 1064 1479 1108 et
1511 1051 1848 1108 emendatio-

237 1170 360 1209 nem
393 1163 445 1208 te
467 1153 715 1206 adducat.
743 1151 877 1218 Quid
908 1149 1061 1215 facis,
1086 1149 1281 1202 homo?
1306 1150 1528 1202 fortnam
1562 1144 1846 1199 mulierum

243 1245 459 1298 curiose
493 1243 737 1312 respicis,
770 1251 819 1296 et
859 1257 962 1294 non
997 1239 1265 1294 horrescis
1297 1246 1439 1291 tanta
1469 1237 1727 1306 templum
1755 1234 1847 1302 Dei

240 1336 489 1389 atticiens
534 1333 898 1389 contumelia?
927 1348 993 1385 an
1038 1330 1391 1402 prostibulum
1422 1343 1542 1382 esse
1573 1336 1727 1397 putas
1754 1341 1846 1380 ec-

240 1427 484 1490 clesiam,
521 1437 572 1482 cl
605 1429 718 1480 foro
747 1427 860 1494 ipso
893 1422 1306 1494 ignobiliorcm?
1338 1421 1389 1475 ln
1419 1421 1532 1476 foro
1551 1421 1844 1485 erubescis,

240 1534 306 1572 ne
358 1519 589 1571 videaris
643 1518 919 1570 nnilierem
961 1516 1173 1570 curiose
1222 1525 1468 1583 spectare
1498 1531 1511 1565 :
1547 1513 1597 1566 in
1645 1511 1847 1580 templo

239 1619 420 1662 autem
479 1609 593 1670 Dei,
645 1609 769 1662 dunt
826 1608 962 1660 Deus
1006 1608 1119 1674 ipse
1163 1615 1334 1660 tecum
1366 1605 1616 1673 loquitur,
1649 1602 1848 1672 tibique

240 1701 378 1754 circa
413 1715 529 1754 retu
577 1701 713 1754 hanc
755 1699 1132 1761 comminatur,
1175 1696 1453 1750 fornicaris
1479 1703 1533 1750 et
1562 1693 1849 1748 tntncltaris

240 1793 430 1847 eodem
462 1803 723 1860 tempore,
752 1808 856 1860 quo
880 1790 1031 1845 audis
1062 1790 1128 1843 ab
1157 1790 1236 1842 his
1259 1804 1380 1842 esse
1409 1785 1790 1841 abstinendum
1829 1802 1842 1838 :

240 1901 414 1956 neque
445 1885 734 1950 horrescis,
762 1900 931 1954 neque
958 1882 1174 1952 stupes?
1205 1880 1328 1936 [hec
1359 1896 1454 1934 vos
1483 1880 1676 1934 docent
1695 1879 1851 1934 thea-

241 1991 320 2033 tra
383 1979 636 2043 lasciviae,
689 1979 852 2048 pestis
893 1977 980 2032 illa
1031 1985 1218 2032 curato
1276 1974 1530 2037 difficilis,
1587 1983 1848 2028 venenata

242 2072 552 2140 pharntaea,
588 2085 778 2138 graves
821 2069 894 2122 illi
949 2069 1169 2123 irretitis
1200 2067 1398 2138 laqttei,
1425 2066 1739 2134 voluptuosa
1771 2064 1848 2119 la«

242 2163 532 2217 sciviorunt
565 2163 851 2232 pernicies.
879 2161 1082 2216 Idcirco
1111 2162 1361 2215 incusans
1390 2159 1651 2229 propheta
1697 2158 1848 2213 dice-
1891 2192 1895 2198 -

244 2255 335 2308 bat
367 2272 379 2309 :
419 2253 596 2325 Neque
624 2255 758 2308 oculi
787 2257 880 2318 tui,
912 2270 1002 2308 nec
1047 2270 1133 2307 cor
1173 2265 1313 2306 tuum
1354 2255 1540 2306 bonum
1587 2262 1658 2306 est
1692 2250 1846 2318 (Jer.

242 2348 331 2401 23.
370 2349 492 2418 l7).
523 2348 709 2403 Melius
733 2357 876 2402 esset
903 2346 1203 2417 huiusmodi
1237 2346 1481 2400 homines
1503 2361 1622 2400 esse
1642 2358 1847 2410 uncos;

242 2441 437 2495 melius
466 2451 516 2497 et
547 2455 721 2511 aegros
745 2456 885 2502 esse,
912 2455 1071 2510 quam
1102 2441 1166 2494 ad
1191 2439 1324 2494 hanc
1352 2455 1467 2495 rem
1487 2438 1656 2510 oculis
1677 2437 1844 2491 abuti.

243 2530 530 2599 Oporteret
563 2533 746 2602 utique
768 2532 915 2588 intus
945 2546 1066 2587 esse
1097 2547 1323 2595 murum,
1355 2533 1444 2601 qui
1478 2545 1573 2585 vos
1602 2545 1630 2584 a
1662 2529 1850 2585 mulie-

244 2625 393 2680 ribus
424 2633 788 2696 sequestraret
824 2644 836 2679 :
863 2626 986 2696 quia
1014 2640 1144 2680 vero
1172 2623 1223 2679 id
1256 2641 1360 2679 non
1392 2623 1572 2688 vultis,
1605 2637 1853 2679 necessa-

244 2717 380 2769 rium
415 2732 536 2771 esse
569 2728 820 2788 putarunt
863 2727 1040 2788 patres
1089 2718 1280 2779 nostri,
1321 2726 1378 2770 ut
1424 2715 1616 2770 saltem
1664 2715 1852 2785 ligneis

243 2801 440 2855 talialis
471 2817 566 2856 vos
593 2817 970 2870 separaremus
1003 2801 1077 2874 (η)
1115 2820 1128 2856 :
1166 2817 1286 2855 nam
1339 2817 1366 2854 a
1421 2799 1724 2856 senioribus
1751 2815 1852 2870 ego

243 2891 444 2955 audivi,
472 2893 623 2946 initio
647 2893 745 2948 hos
776 2895 1008 2964 parietes
1031 2910 1134 2946 non
1168 2892 1352 2948 fuisse.
1382 2891 1446 2947 in
1473 2892 1674 2947 Christo
1718 2895 1850 2945 enim

245 2985 368 3036 Jcsu
393 3001 493 3038 non
523 2993 594 3040 est
623 3002 729 3039 mas
753 3002 908 3056 neque
936 2986 1124 3055 [catino
1151 2983 1380 3056 (601.5.
1407 2985 1478 3040 28
1497 2986 1536 3054 ).
1571 2987 1852 3053 Apostolo-

246 3093 365 3131 rum
393 3093 608 3148 quoque
632 3089 872 3148 tempore
899 3094 1000 3132 una
1031 3079 1124 3131 viri
1158 3087 1211 3132 et
1241 3077 1492 3134 mulieres
1523 3088 1694 3133 erant.
1720 3077 1849 3132 Nam

247 3177 372 3222 tune
403 3168 500 3222 viri
531 3183 659 3224 vere
687 3169 782 3222 viri
809 3177 982 3233 erant,
1014 3177 1067 3224 et
1095 3169 1367 3235 mulieres,
1398 3169 1647 3224 mulieres
1673 3187 1684 3199 ο
1712 3184 1852 3223 nunc

247 3277 373 3317 vero
399 3274 608 3325 contra,
647 3263 900 3318 mulieres
945 3261 1284 3318 meretriCtnn
1315 3262 1414 3316 sibi
1441 3277 1617 3316 mores
1645 3277 1853 3316 assum-

247 3365 492 3423 pserunt,
521 3354 620 3409 viri
643 3364 821 3410 autem
842 3353 909 3409 ab
931 3355 1081 3426 cquis
1103 3354 1401 3409 furentibus
1423 3353 1553 3408 nihil
1574 3353 1848 3411 dill'erunt.

245 3445 361 3500 Non
395 3446 640 3513 audistis,
691 3456 1044 3519 congregatos
1098 3448 1148 3501 in
1196 3447 1474 3503 etenaeulo
1515 3445 1679 3501 fuisse
1709 3448 1850 3502 viros

245 3554 307 3594 ac
349 3540 620 3602 mulieres,
675 3540 926 3610 illumque
971 3549 1168 3594 cretum
1222 3539 1369 3593 czelis
1418 3537 1634 3609 dignum
1683 3539 1850 3595 fuisse

245 3629 391 3697 (Act.
426 3631 476 3684 1.
507 3630 759 3700 £5.14)?
789 3631 852 3684 Et
879 3631 1000 3700 jure
1030 3631 1244 3701 quidem
1271 3648 1283 3685 :
1318 3632 1481 3683 multa
1507 3631 1648 3684 enim
1673 3630 1848 3699 philo-

244 3721 432 3790 sepbia
463 3732 587 3777 tunc
610 3723 862 3778 mulieres
888 3723 1159 3778 instructa:
1187 3731 1360 3787 erant,
1384 3732 1436 3777 et
1465 3723 1559 3776 viri
1587 3723 1846 3777 modestia

244 3823 404 3882 atque
433 3815 697 3869 castitate.
748 3814 943 3869 Audite
995 3813 1137 3867 enim
1198 3828 1444 3882 purpurae
1497 3813 1844 3868 venditricem

244 3905 513 3961 dicentem
549 3924 560 3957 :
594 3905 653 3961 Si
693 3907 892 3974 ﬁdelem
920 3923 1000 3960 me
1033 3905 1263 3959 .Domt'no
1305 3906 1613 3978 judicastis,
1665 3908 1849 3960 intrate

244 3996 294 4049 in
324 3997 531 4050 domum
563 4015 722 4052 meam
748 4041 762 4063 ,
803 4008 854 4069 et
903 4009 1100 4051 ntanete
1151 4000 1288 4068 apud
1338 4015 1415 4052 me
1445 3997 1591 4068 (Act.
1622 4000 1710 4054 46.
1755 4000 1839 4054 lii.

245 4101 290 4144 et
321 4091 407 4146 13,
447 4091 566 4162 18).
607 4092 807 4150 Audite
829 4091 1112 4154 mulieres,
1160 4106 1278 4159 qut]:
1331 4091 1472 4145 virili
1527 4093 1706 4145 animo
1765 4095 1845 4148 in-

219 4191 469 4237 ..structa:
496 4184 796 4238 circuibant
846 4199 967 4238 cum
1013 4183 1304 4252 apostolis,
1359 4182 1686 4247 l‘risci'lam,
1716 4184 1841 4239 l‘er-

246 4270 418 4327 sidem
446 4282 501 4328 et
528 4274 658 4328 alias
702 4273 896 4344 (Rom.
929 4272 1016 4326 i6.
1059 4271 1170 4343 12)
1210 4290 1222 4325 :
1253 4287 1280 4323 a
1309 4271 1500 4341 quibus
1527 4283 1731 4328 tantum
1757 4275 1842 4329 di-

243 4376 385 4420 stant
435 4365 710 4421 hodiernae
753 4365 1006 4421 mulieres
1028 4409 1042 4432 ,
1075 4376 1333 4435 quantum
1363 4366 1460 4419 viri
1491 4381 1518 4419 a
1552 4366 1680 4421 viris
1712 4367 1836 4422 illis.

315 4459 368 4512 4.
396 4455 675 4512 Mulierum
703 4474 810 4512 smn
833 4457 997 4512 aetatis
1027 4459 1316 4519 vanitatem,
1348 4456 1598 4510 connubia
1643 4474 1735 4526 pro
1752 4475 1841 4526 pe-

242 4549 407 4608 cuniis
435 4549 778 4618 adipiscendis
804 4558 951 4619 pacta
973 4589 987 4614 ,
1018 4557 1064 4601 et
1093 4545 1444 4600 Parasitorum
1473 4564 1635 4602 mares
1660 4549 1840 4602 redar-

241 4643 350 4714 guit
381 4642 794 4714 Chrysostomus.
819 4671 890 4682 —
910 4640 1227 4696 Tunc-enim
1255 4640 1500 4710 quamvis
1531 4641 1841 4710 peregrina-

244 4745 453 4797 rentur,
482 4733 531 4788 id
561 4732 677 4789 sine
705 4734 858 4788 fama:
885 4732 1208 4788 detrimento
1232 4740 1350 4786 erat
1374 4747 1387 4794 ;
1415 4746 1554 4796 nunc
1585 4741 1761 4786 autem
1788 4734 1838 4787 in

242 4826 359 4896 ipso
399 4827 634 4882 thalamo
669 4827 916 4882 enutritae
963 4827 1048 4880 vix
1085 4825 1242 4881 talem
1281 4824 1541 4893 etl‘ugiunt
1574 4827 1838 4895 suspicio-

242 4933 390 4972 nem.
425 4917 550 4972 lla‘c
593 4933 752 4987 porro
790 4917 857 4972 ab
886 4917 1164 4971 ornatibus
1206 4923 1260 4970 et
1298 4931 1327 4968 a
1369 4915 1577 4971 deliciis
1622 4917 1838 4986 proiici-

239 5019 484 5063 scuntur.
516 5008 668 5064 Tunc
692 5009 904 5063 illarum
933 5021 1068 5076 Opus
1092 5016 1226 5073 erat,
1248 5007 1684 5076 prmdicationem
1717 5024 1840 5077 pro-

239 5102 435 5171 pagare
459 5119 473 5165 ;
508 5117 648 5156 nunc
675 5110 850 5154 autem
880 5100 928 5154 id
957 5108 1145 5154 curant
1167 5108 1226 5152 ut
1255 5099 1500 5153 formosae
1529 5109 1583 5154 et
1603 5101 1838 5171 pulchra!

238 5193 538 5248 videantur.
575 5191 686 5247 lloc
726 5193 829 5246 illis
870 5191 1077 5261 gloria,
1124 5189 1223 5244 hoc
1265 5190 1368 5245 illis
1399 5190 1542 5245 salus
1563 5202 1679 5257 est;
1716 5210 1837 5246 nam

241 5284 307 5339 de
336 5286 546 5355 magnis
576 5285 951 5355 praeclarisque
980 5284 1146 5354 gestis
1188 5298 1254 5336 ne
1300 5298 1392 5352 per
1416 5285 1682 5338 somnium
1715 5285 1833 5354 qui-

238 5377 356 5431 dem
388 5386 598 5431 curant.
634 5376 765 5444 Qum
796 5378 986 5430 mulier
1025 5393 1090 5430 eo
1115 5376 1293 5430 studia
1323 5376 1550 5430 contulit
1572 5387 1628 5430 ttt
1655 5380 1833 5433 virum

237 5467 436 5523 faceret
479 5470 798 5524 meliorem?
826 5470 913 5538 qui
960 5470 1037 5521 vir
1057 5484 1173 5522 eam
1203 5468 1385 5521 habuit
1419 5469 1833 5524 Sollicitudinem

238 5569 546 5615 uitiatorem
586 5559 940 5615 emendaret?
969 5560 1137 5614 Nemo
1178 5571 1358 5615 certe:
1405 5560 1499 5614 sed
1533 5563 1682 5615 uxori
1731 5577 1833 5615 una

233 5851 262 5900 ὓ
283 5793 353 5904 (al)
396 5792 624 5846 Mulieres
646 5810 671 5844 a
688 5796 806 5845 viris
823 5808 868 5846 tu
898 5793 1108 5846 ecclesia
1136 5797 1314 5847 tabulis
1337 5795 1519 5858 ligneis
1541 5810 1829 5862 sequestra-

264 5867 321 5903 au
351 5867 425 5904 ur.

223 5864 321 5903 'Dau
330 5864 425 5904 llll'.

588 5954 865 6014 PATROL.
919 5952 1036 6013 Gn.
1098 5951 1304 6012 LVI”.

1115 394 1179 450 ΙΝ
1219 387 1624 449 ΜᾹΤΤΙΙᾹΞΕΜ
1668 383 1896 440 ΗῡΜςιι.
1945 377 2180 435 LXXI”.
2220 377 2292 432 al.
2335 376 2571 430 LXXIV.

3451 373 3554 430 678

1959 508 2085 549 cura
2114 491 2179 546 de
2205 492 2385 546 aureis
2415 495 2714 556 ornatibus,
2735 490 2802 545 de
2833 492 3072 547 vestibus
3095 495 3132 554 ‘.
3155 493 3328 562 deque
3356 497 3566 552 caeteris

1954 587 2020 640 ad
2049 586 2288 655 corporis
2317 594 2566 638 ornatum
2599 584 3002 653 spectantibus,
3027 597 3188 657 atque
3218 597 3274 642 ut
3304 603 3437 657 opes
3468 606 3563 642 au-

1953 686 2216 745 geantur;
2248 676 2363 728 viro
2393 684 2574 729 autem
2619 683 2675 728 et
2712 674 2827 730 bxc
2874 684 3143 745 postrema
3185 687 3241 732 et
3282 679 3402 732 alia:
3448 681 3566 749 pht-

1956 770 2104 821 l'ltllu‘.
2133 783 2275 821 cura:
2306 775 2431 820 sunt
2452 808 2465 831 ,
2492 781 2788 836 omnesque
2826 768 3136 822 saeculares.
3179 767 3308 836 Quis
3339 785 3565 825 uxorem

1955 861 2247 922 ducturus,
2277 875 2457 913 mores
2484 870 2538 913 et
2569 859 2942 915 educationem
2988 859 3178 930 puella:
3219 862 3516 931 exploravit
3541 863 3565 905 ν

1955 952 2159 1015 Nemo;
2189 951 2295 1006 sed
2314 951 2382 1006 de
2410 951 2650 1021 pecuniis
2682 960 2885 1004 tantum
2912 953 3193 1022 quaeritur,
3224 951 3292 1006 de
3322 954 3562 1024 pratdiis,

1955 1044 2127 1112 deque
2157 1045 2417 1098 bonorum
2444 1044 2722 1103 varietate,
2755 1057 2817 1097 ac
2845 1043 2888 1097 εἰ
2920 1041 3046 1113 quid
3077 1052 3227 1113 empt
3249 1059 3358 1100 trus
3387 1055 3562 1111 esset,

1955 1145 2047 1189 attt
2072 1135 2139 1190 de
2173 1137 2563 1204 permutatione
2603 1135 2851 1204 quapiam
2884 1145 3152 1205 ageretur.
3201 1135 3432 1207 Ideoque
3464 1137 3566 1194 hoc

1957 1229 2174 1282 nomine
2200 1227 2525 1282 connttbiztm
2560 1244 2639 1280 τοι
2659 1236 2770 1281 ant.
2793 1226 2985 1282 Multos
2999 1227 3144 1281 enim
3172 1227 3348 1282 audivi
3379 1226 3566 1283 dicen-

1959 1330 2040 1374 tes
2064 1362 2076 1384 ,
2113 1319 2440 1374 Pcrntntavit
2483 1319 2568 1373 hic
2595 1334 2716 1372 cum
2761 1319 2870 1392 illa,
2901 1318 2952 1372 id
2981 1329 3084 1384 est,
3108 1319 3259 1373 duxit
3288 1319 3455 1373 illam.
3491 1320 3565 1375 lta

1955 1414 2092 1466 dona
2125 1413 2214 1465 lh-i
2245 1414 2583 1482 vituperant,
2613 1420 2774 1480 atque
2801 1427 2864 1466 ac
2890 1411 2936 1466 si
2969 1393 3264 1467 tenderent
3293 1424 3568 1468 emerent-

1954 1521 2058 1574 que
2085 1548 2098 1568 ,
2129 1506 2206 1558 sic
2232 1504 2432 1558 ducunt
2460 1515 2511 1558 et
2539 1504 2831 1559 ducuntur.
2875 1503 3155 1574 Rescripta
3205 1508 3329 1560 vero
3376 1507 3566 1575 majori

1955 1596 2206 1650 cautione
2232 1610 2367 1662 opus
2395 1594 2592 1649 habent
2614 1596 2654 1660 ’,
2687 1610 2847 1664 quam
2876 1596 2918 1649 si
2949 1594 3018 1650 de
3047 1597 3274 1651 venditis
3291 1608 3344 1652 et
3371 1598 3569 1668 emptis

1955 1699 2220 1755 ageretur.
2256 1689 2452 1743 hiscite
2480 1704 2585 1758 quo
2614 1697 2771 1758 pacto
2794 1696 3010 1744 veteres
3039 1704 3233 1765 uxores
3262 1692 3524 1747 ducerent
3550 1734 3564 1756 ,

1957 1778 2185 1849 illosque
2221 1779 2524 1842 imitamini.
2568 1779 2850 1847 Quomodo
2888 1795 3019 1850 ergo
3066 1797 3260 1838 uxores
3298 1783 3567 1841 ducebant

1957 1870 2069 1924 illi?
2099 1871 2278 1925 Βιιηιεε
2318 1886 2501 1926 mores
2545 1881 2600 1926 et
2643 1870 2878 1926 indolem
2909 1874 3263 1943 quaerebant,
3297 1876 3568 1947 animique

1956 1963 2230 2018 \‘it'tutent.
2263 1964 2494 2034 Ideoque
2538 1965 2760 2034 scriptis
2797 1982 2933 2030 opus
2971 1984 3077 2021 non
3125 1967 3426 2034 habebant,
3460 1987 3566 2024 non

1956 2054 2141 2109 charta
2167 2097 2181 2120 ,
2227 2072 2331 2110 non
2379 2064 2684 2113 atramento
2711 2076 2723 2110 :
2759 2071 2972 2126 Sponsa:
3001 2075 3180 2114 mores
3215 2062 3346 2116 Satis
3372 2074 3519 2116 erant
3551 2105 3564 2129 ,

1955 2147 2306 2217 omniumque
2339 2147 2514 2202 locum
2565 2149 2841 2204 tenebant.
2877 2149 2984 2206 Yos
3024 2167 3154 2224 ergo
3193 2154 3459 2223 obsecro,
3501 2173 3568 2212 ne

1959 2240 2213 2307 pecunias
2232 2281 2245 2304 ,
2278 2255 2344 2294 ne
2369 2254 2499 2309 opes
2524 2242 2778 2310 quaeratis
2801 2284 2814 2307 ,
2847 2242 2943 2297 sed
2976 2258 3176 2313 mores,
3205 2246 3522 2303 modestiam
3549 2292 3564 2318 ,

1960 2331 2234 2398 pietatem,
2264 2331 2636 2403 pliilOSOpham
2670 2335 2899 2403 puellam
2931 2354 2944 2396 ;
2973 2345 3027 2391 et
3061 2338 3174 2393 lucc
3208 2343 3375 2411 magis
3404 2357 3565 2413 quam

1958 2421 2105 2476 mille
2139 2423 2374 2479 thesauri
2402 2425 2556 2480 vobis
2579 2425 2894 2496 proderunt.
2927 2427 2981 2483 Si
3011 2446 3130 2498 quze
3153 2431 3243 2486 Dei
3271 2443 3397 2489 sunt
3422 2452 3568 2506 φιτυ-

1956 2530 2083 2582 ras,
2114 2517 2225 2572 hate
2255 2534 2471 2589 quoque
2510 2521 2600 2574 tibi
2634 2520 2939 2588 addentur;
2972 2524 3015 2576 si
3048 2539 3173 2578 vero
3210 2526 3316 2581 illis
3368 2530 3568 2587 relictis

1956 2608 2024 2663 ad
2056 2609 2170 2665 haec
2200 2622 2402 2665 tantum
2426 2627 2634 2678 curras,
2661 2629 2835 2684 neque
2856 2613 2973 2669 hinc
2993 2628 3304 2686 Sequentur.
3333 2622 3436 2677 Sed
3457 2623 3566 2693 ille,

1959 2703 2190 2772 inquies,
2224 2705 2292 2758 ab
2320 2722 2488 2761 uxore
2507 2707 2707 2761 ditatus
2725 2717 2829 2763 est.
2850 2708 2966 2764 Non
2992 2719 3044 2766 te
3070 2711 3232 2781 pudet
3261 2716 3374 2770 hare
3393 2733 3568 2774 exem-

1961 2797 2042 2865 pla
2073 2797 2320 2854 referre?
2349 2799 2543 2855 Multos
2573 2800 2755 2856 audivi
2785 2803 3050 2868 dicentes,
3081 2805 3301 2863 Mallem
3328 2821 3567 2869 extrema

1960 2901 2274 2958 paupertate
2295 2890 2566 2958 laborare,
2589 2909 2749 2963 quam
2777 2895 2845 2949 ab
2868 2911 3036 2952 uxore
3061 2897 3242 2954 ditari.
3263 2901 3399 2969 Quid
3420 2905 3566 2961 enim

1960 2980 2232 3036 insuavius
2265 2983 2369 3038 illis
2403 2985 2644 3041 divitiis?
2683 2988 2811 3057 quid
2840 2990 3079 3045 amarius
3123 2991 3224 3048 hac
3252 2997 3568 3064 opulentia?

1959 3074 2082 3142 quid
2118 3076 2322 3144 turpius
2344 3091 2500 3146 quam
2531 3078 2795 3148 insignem
2827 3079 2930 3135 hoc
2958 3083 3120 3138 modo
3150 3100 3289 3149 esse,
3325 3089 3394 3144 ita
3426 3099 3480 3145 ιιι
3500 3093 3569 3148 ab

1958 3166 2214 3220 omnibus
2244 3167 2486 3233 dicatur,
2519 3168 2613 3224 Ille
2644 3171 2712 3224 ab
2743 3186 2913 3227 uxore
2957 3172 3198 3244 locuples
3239 3176 3411 3235 factus
3447 3184 3573 3238 est!

1957 3256 2202 3314 lutei-uas
2247 3260 2389 3314 enim
2432 3269 2488 3316 et
2527 3261 2854 3318 domesticas
2895 3266 3173 3323 molestias
3213 3279 3403 3340 taceo,
3436 3291 3569 3345 quas

1959 3353 2083 3410 inde
2120 3354 2248 3409 oriri
2296 3369 2522 3412 necesse
2569 3366 2692 3424 est;
2742 3358 2987 3416 mulieris
3035 3365 3432 3434 arrogantiam,
3467 3369 3568 3426 viri

1957 3446 2268 3503 servitutem
2297 3490 2308 3510 ,
2341 3465 2566 3519 pugnas,
2600 3465 2879 3507 servorum
2905 3454 3181 3523 convicia,
3216 3457 3511 3518 dicentium
3542 3482 3558 3518 :

1959 3540 2186 3610 Pauper,
2205 3557 2496 3612 pannosus,
2515 3544 2763 3612 ignobilis
2779 3561 2842 3601 ex
2861 3547 3186 3616 ignobilibus
3204 3567 3217 3616 ;
3233 3552 3359 3623 quid
3383 3553 3568 3612 habuit

1955 3631 2169 3701 quando
2183 3633 2541 3688 venit?annon
2557 3637 2734 3690 omnia
2750 3647 2872 3692 sunt
2885 3638 3145 3696 dominae?
3157 3640 3262 3698 Sed
3278 3642 3391 3700 haec
3407 3649 3566 3704 verba

1955 3724 2085 3778 nihil
2118 3739 2274 3780 curas
2303 3745 2316 3779 ;
2352 3741 2528 3797 neque
2555 3731 2699 3782 enim
2728 3729 2867 3786 liber
2891 3746 2971 3786 es.
3001 3732 3138 3789 Nam
3161 3744 3217 3791 et
3239 3741 3454 3807 parasiti
3483 3741 3565 3798 his

1954 3817 2221 3875 deteriora
2251 3819 2495 3886 audiunt,
2533 3837 2706 3893 neque
2735 3823 2857 3878 ideo
2883 3825 3091 3892 dolent,
3123 3829 3219 3884 sed
3251 3829 3413 3888 etiam
3441 3836 3561 3905 gloa

1954 3911 2160 3964 riantur
2188 3911 2258 3966 de
2286 3910 2591 3980 hujusmodi
2620 3914 2906 3972 dedecore.
2939 3919 3016 3972 Ac
3043 3934 3167 3975 cum
3195 3921 3248 3976 id
3276 3923 3408 3993 ipsis
3432 3925 3564 3983 dici-

1954 4017 2073 4057 mus
2098 4045 2114 4068 ,
2147 4004 2231 4058 Sit
2256 4005 2384 4058 milii
2407 4046 2420 4070 ,
2455 4006 2723 4076 inqttiunt,
2755 4008 2881 4079 quid
2903 4009 3057 4067 dulce
3087 4022 3140 4068 et
3161 4014 3479 4084 jucundum,
3505 4033 3561 4077 et

1906 4173 1911 4177 Ι
1953 4097 2178 4153 sull'ocet
2206 4114 2314 4153 me.
2345 4098 2390 4153 Ο
2417 4098 2732 4156 diabolum!
2776 4118 2895 4173 qua:
2940 4107 3223 4175 proverbia
3267 4110 3356 4168 ille
3397 4114 3452 4169 in
3479 4118 3562 4172 vi-

1954 4201 2058 4243 tam
2097 4191 2374 4246 hominum
2409 4193 2622 4259 intulit,
2651 4196 2843 4264 quibus
2884 4209 2993 4254 tota
3041 4202 3231 4258 talium
3276 4204 3554 4266 hominum

1951 4285 2056 4338 vita
2088 4287 2254 4354 possit
2281 4289 2449 4343 everti
2473 4290 2486 4343 l
2514 4289 2792 4360 Pet-pende
2825 4306 2954 4362 ergo
2986 4293 3116 4350 illud
3145 4297 3466 4358 diabolieum
3493 4321 3557 4362 ac

1951 4379 2234 4433 exitiosum
2263 4379 2461 4435 dictum
2489 4422 2504 4448 ,
2537 4393 2734 4452 quanta
2765 4383 2835 4438 sit
2861 4385 3100 4454 pernicie
3130 4389 3346 4458 plenum
3369 4436 3383 4450 .
3413 4395 3558 4452 Nihil

1953 4473 2096 4528 enim
2119 4473 2263 4528 aliud
2290 4474 2441 4536 dicit,
2474 4491 2632 4544 quam
2660 4475 2774 4531 hcce
2801 4477 2962 4532 verba
2990 4496 3002 4531 :
3031 4479 3182 4534 Nulla
3215 4483 3306 4540 tibi
3336 4486 3516 4542 decori
3542 4534 3558 4559 ,

1950 4567 2092 4622 nulla
2122 4567 2214 4621 tibi
2238 4568 2459 4637 justitize
2489 4569 2559 4622 sit
2606 4570 2778 4624 ratio:
2815 4568 2934 4626 haec
2980 4575 3157 4627 omnia
3189 4575 3509 4645 abjicinntur
3539 4600 3552 4638 :

1951 4677 2110 4716 unam
2145 4671 2350 4716 tantum
2379 4679 2561 4733 qumre
2588 4663 2940 4734 voluptatem.
2975 4667 3196 4723 Etiamsi
3230 4679 3281 4725 te
3319 4689 3403 4727 res
3434 4675 3552 4732 haec

1948 4755 2221 4810 suiltiearit
2245 4796 2259 4820 ,
2294 4755 2384 4808 tibi
2432 4755 2685 4823 eptaliilis
2714 4757 2821 4822 sit;
2850 4757 3058 4814 etiamsi
3087 4776 3276 4818 omnes
3317 4766 3458 4822 obvii
3503 4779 3554 4825 te

1948 4857 2267 4916 conspuant,
2293 4848 2499 4901 etiamsi
2534 4849 2699 4901 lutum
2722 4850 2851 4902 inos
2876 4849 3140 4921 ingeram,
3165 4855 3264 4909 etsi
3290 4865 3347 4912 ut
3365 4874 3551 4914 canem

1951 4941 2189 5008 pellant,
2223 4941 2401 4994 omnia
2427 4939 2588 4997 feras.
2625 4940 2830 5012 Ecquid
2859 4943 3004 4999 aliud
3030 4945 3264 5002 dixerint
3296 4952 3476 5021 porci,
3511 4957 3556 5010 si

1949 5031 2090 5101 loqui
2114 5031 2365 5098 possent?
2386 5031 2512 5102 quid
2543 5032 2735 5101 impuri
2758 5037 2955 5090 canes?
2979 5033 3165 5107 Neque
3189 5039 3415 5098 fortasse
3435 5046 3558 5102 talia

1947 5125 2316 5194 loquerentur,
2344 5127 2518 5196 qnalia
2546 5124 2793 5181 diabolus
2813 5127 3016 5183 rabidis
3048 5138 3357 5191 nominibus
3374 5141 3553 5193 dicere

1946 5224 2134 5275 suasit.
2166 5212 2470 5291 Propterea.
2497 5224 2757 5290 obsecro,
2793 5232 2850 5278 ttt
2880 5226 3062 5280 talium
3112 5227 3400 5285 verborum
3447 5233 3555 5287 im-

1949 5315 2253 5383 pudentiam
2282 5316 2686 5370 considerantes
2709 5359 2725 5380 ,
2767 5315 2884 5372 haec
2916 5321 3197 5385 proverbia
3233 5320 3466 5392 fugiatis,
3500 5336 3554 5381 et

1947 5408 2028 5462 his
2051 5408 2320 5464 contraria
2365 5425 2425 5464 ex
2467 5411 2758 5481 Scripturjs
2783 5410 3051 5482 deligatis.
3085 5413 3215 5482 Qum
3262 5425 3390 5472 sunt
3422 5418 3507 5473 illa
3536 5419 3558 5471 ?

1946 5497 2030 5553 Nc
2053 5498 2280 5554 ambules
2310 5510 2422 5571 post
2450 5502 2883 5572 concupiscentia:
2912 5505 3100 5559 anima:
3124 5515 3260 5573 tute,
3289 5519 3334 5561 et
3357 5513 3556 5578 appeti-

1945 5611 2149 5726 tmidlii
2173 5611 2372 5671 habent,
2393 5611 2456 5664 de
2479 5610 2643 5664 aureis
2666 5614 2940 5678 amoribus,
2967 5617 3028 5667 άε
3061 5617 3292 5683 gemmis,
3309 5627 3373 5673 de
3408 5613 3561 5672 καί-

2007 5741 2026 5768 ¹
2050 5743 2194 5809 insta
2221 5742 2422 5810 “textum
2446 5737 2880 5810 savil._legendutn
2905 5749 3042 5792 esset
3068 5755 3177 5792 eum
3199 5750 3406 5810 Georgto
3433 5742 3552 5792 Tra-

1946 5804 2172 5874 [nuntio
2221 5804 2513 5874 interprete,
2539 5804 2869 5874 stipulationes
2906 5815 3093 5868 quoque
3133 5804 3411 5870 nnptz'arron
3451 5819 3554 5857 ma-

1933 5870 2048 5929 jore
2082 5870 2233 5915 estmi
2250 5878 2261 5907 ἔ
2281 5870 2584 5926 componunt.

3184 5953 3245 6012 l-'t
