4074 6432
575 433 696 489 -6Ἰ9

586 562 673 602 tus
703 560 810 601 tuos
830 561 1002 600 coerce
1017 543 1198 614 (Eccli.
1219 542 1305 596 18.
1325 541 1438 608 50).
1458 540 1520 592 Ει
1542 538 1607 591 de
1625 550 1785 591 meret
1799 537 1901 588 rice
1922 549 2151 598 rursum,

589 649 770 695 contra
787 655 940 708 quam
966 640 1018 690 in
1041 633 1317 706 proverbii.
1337 632 1505 686 fertur
1531 649 1541 683 :
1576 629 1654 683 Ne
1673 627 1899 682 attendas
1922 623 2159 693 improba!

593 730 796 782 mulieri
812 743 831 792 ,'
846 727 942 799 mel
962 727 1090 780 enim
1112 723 1310 779 stillate
1325 723 1465 777 labiis
1492 722 1710 774 mulieris
1734 711 2156 783 meretricis,qruc

589 821 655 872 ad
682 834 872 888 tempus
899 829 1073 888 guttur
1096 827 1236 870 tutan
1260 815 1540 886 impingunt
1566 827 1583 865 :
1613 820 1778 879 postca
1809 825 1919 862 vero
1938 807 2156 861 amarius

569 913 704 981 tfrlle
744 913 960 965 invenies
990 921 1037 964 ct
1075 911 1269 963 acutius
1295 909 1461 978 gladio
1482 905 1688 972 ancipiti
1731 902 1906 973 (Prov.
1934 903 1984 954 5.
2015 900 2049 952 9.
2077 901 2151 968 4).

589 1003 713 1057 Ila‘c
734 1003 908 1073 itaque
929 1002 1221 1065 audiamus,
1253 1015 1354 1052 neu
1379 998 1485 1051 illa.
1521 995 1648 1048 Nam
1679 993 1800 1047 inde
1832 990 2141 1053 illiberales,

585 1095 709 1150 inde
738 1096 954 1149 serviles
997 1093 1339 1161 Cogitationes
1359 1090 1632 1149 oriuntur;
1680 1084 1801 1138 inde
1834 1083 2073 1136 homines
2101 1080 2153 1132 in

585 1189 736 1241 bruta
789 1185 1031 1240 animalia
1071 1190 1463 1237 commutantur
1499 1220 1512 1243 ,
1572 1177 1694 1247 quia
1746 1176 1936 1244 ultique
1965 1173 2152 1242 volup-

588 1289 746 1334 tatem
776 1279 923 1348 sequi
952 1274 1241 1330 secundum
1254 1273 1362 1326 ltoc
1387 1269 1722 1342 proverbium
1763 1267 1947 1319 Vultlnl
1972 1306 1985 1330 ,
2013 1266 2152 1334 quod

585 1384 679 1437 per
706 1385 764 1424 sc
791 1371 858 1422 ita
906 1366 1178 1435 ridiculum
1207 1373 1311 1430 est,
1343 1374 1396 1416 ut
1424 1361 1490 1415 ad
1515 1361 1563 1416 id
1606 1359 1929 1429 probandqu
1979 1357 2152 1410 verbis

1073 1498 1426 1510 _———_———-

1307 425 1363 481 S.
1402 423 1675 480 JOANNlS
1711 420 2174 488 CllllYSOS'l'OMJ
2215 421 2530 476 AllClllEP.
2572 417 3100 480 CONSTANTlNOP.

3745 442 3847 496 οδω

2274 549 2374 586 non
2432 533 2499 586 sit
2549 548 2700 603 opus.
2745 534 2875 589 Nam
2935 547 3209 604 postquam
3257 541 3500 601 sall‘oruti
3531 563 3649 604 sunt
3677 591 3696 618 ,
3730 574 3848 624 qua:

2271 637 2334 674 ex
2382 622 2648 691 voluptate
2683 626 2922 679 utilitas?
2968 626 3150 681 Finem
3178 645 3303 701 ergo
3335 633 3485 692 facite
3533 644 3662 695 tanti
3709 622 3847 701 risus

2266 713 3157 788 parandi,acgehennamignemque
3173 723 3650 797 ittesstingttibilem
3666 751 3849 790 accen-

2261 802 2417 855 dendi
2444 820 2457 866 ;
2492 818 2551 856 ac
2580 804 2658 857 vel
2688 819 2809 860 sero
2831 808 3039 861 tamlem
3071 811 3134 863 ad
3161 811 3328 866 futura
3360 825 3416 870 ttt
3435 832 3644 889 Oportet
3677 831 3848 895 reSpi-

2261 894 2483 954 ciatnus,
2515 894 2721 949 detersa
2750 898 2950 951 scilicet
2973 901 3244 956 oculorum
3273 904 3586 977 lippitudine
3615 917 3628 944 ²
3661 931 3675 969 :
3713 894 3847 973 ut”

2264 983 2397 1037 hanc
2446 987 2604 1038 vitam
2649 1000 2836 1042 ornate
2864 1030 2877 1052 ,
2909 1006 3028 1044 cum
3062 994 3220 1046 incita
3280 999 3536 1055 tnetlcstia
3563 1015 3616 1057 ct
3650 1008 3849 1074 pietate

2264 1083 2607 1136 transeamus,
2656 1086 2708 1131 et
2761 1077 2933 1134 futura
2965 1096 3352 1153 consequamur
3377 1090 3544 1159 bona,
3590 1100 3762 1166 gratia
3792 1114 3847 1154 οι

2264 1167 2620 1222 misericordia
2655 1170 2856 1224 Domini
2889 1176 3051 1229 nostri
3079 1174 3200 1231 Jcsu
3227 1179 3445 1247 Christi,
3479 1188 3559 1239 cui
3592 1189 3765 1259 gloria
3793 1196 3844 1248 i3.

2259 1257 2449 1310 saeula
2477 1259 2809 1315 surculorum.
2845 1264 3033 1318 Atm‘tt.

2324 1371 2338 1401 ¹
2363 1378 2485 1430 tunc,
2506 1372 2696 1456 detersa
2709 1373 2792 1424 illa
2807 1376 3050 1428 oculorum
3069 1378 3371 1446 lippitudine,
3397 1388 3576 1443 desunt
3605 1397 3650 1443 iu
3677 1400 3845 1448 διοικεῖ.

943 1492 1725 1511 *ῤ’-...ίῳ
1735 1487 3407 1519 —_————_—._—_—___________——__-—

1659 1564 1996 1626 HOMIIJA
2045 1565 2326 1625 LXXIV.
2377 1567 2461 1626 al.
2509 1569 2763 1630 LXXV.

583 1731 707 1783 (In.
758 1728 845 1781 ‘23.
880 1743 930 1779 v.
987 1723 1080 1778 ‘29.
1125 1722 1209 1776 l'a:
1240 1722 1369 1773 robis
1396 1762 1408 1780 ,
1445 1717 1619 1771 scribat
1668 1725 1713 1769 et
1757 1712 2006 1766 Pltaristci
2051 1714 2146 1780 Ity-

659 1822 898 1890 pocIitaz,
953 1819 1039 1886 qui
1094 1815 1356 1880 tuli/iratis
1401 1810 1632 1878 sepulcra
1680 1806 2068 1891 prop/tc'tarum,
2105 1811 2149 1856 et

656 1913 845 1964 ornatis
875 1917 1191 1960 monumenta
1231 1919 1422 1965 eorum,
1455 1899 1544 1955 30.
1578 1906 1623 1952 et
1651 1897 1852 1950 dicitis:
1881 1894 1938 1948 Si
1966 1893 2144 1962 fuisse-

657 2021 765 2056 unts
825 2003 876 2054 in
930 2000 1101 2052 diebus
1149 2008 1347 2067 patrum
1404 2001 1724 2052 nostrorum,
1756 2004 1854 2040 non
1883 1987 2150 2056 fuissemus

655 2094 777 2146 socii
815 2106 982 2143 eorum
1014 2090 1062 2141 in
1082 2084 1326 2155 sanguine
1346 2081 1722 2151 prophetarum.

657 2190 699 2238 l.
737 2183 853 2235 [Son
881 2181 1128 2250 improbos
1159 2175 1337 2229 habere
1367 2184 1530 2244 patres
1558 2179 1729 2233 nocet,
1762 2168 1849 2222 sed
1879 2167 1999 2236 ipsis
2033 2181 2147 2233 per-

573 2293 715 2330 uersa
742 2291 782 2326 ιι.
805 2275 992 2326 laniate
1014 2269 1310 2324 consentire.
1339 2294 1409 2304 -—-
1444 2263 1533 2317 Vw
1557 2262 1704 2324 dicit,
1741 2275 1842 2313 non
1874 2257 1993 2326 quia
2017 2255 2145 2308 tedi-

579 2375 766 2432 ticant,
791 2385 889 2422 uec
927 2367 1046 2436 quia
1093 2373 1266 2433 patres
1301 2375 1425 2414 suos
1462 2364 1744 2420 accusant,
1788 2353 1878 2406 sed
1924 2351 2042 2421 quia
2074 2351 2150 2404 sic

576 2463 826 2518 facientes
847 2503 860 2526 ,
892 2458 1104 2528 quando
1134 2456 1288 2511 dtetis
1317 2455 1427 2508 suis
1451 2467 1510 2505 se
1540 2458 1714 2519 patres
1746 2461 1868 2500 suos
1899 2456 2149 2496 accusare

575 2556 852 2612 simulant.
911 2553 1087 2622 pejora
1139 2555 1464 2618 perpetrant.
1515 2540 1666 2609 Quod
1715 2539 1853 2593 enim
1907 2536 2149 2605 simulate

579 2659 779 2701 tantum
811 2655 986 2714 patres
1017 2639 1412 2709 improbarent,
1450 2635 1618 2687 Lucas
1645 2632 1799 2685 docet
1821 2671 1833 2692 ,
1865 2628 1991 2694 Quia
2021 2641 2148 2677 ron-

577 2740 804 2800 sentitis,
835 2738 954 2805 quia
986 2731 1278 2788 acdil‘tcatis.
1319 2727 1407 2783 Va:
1435 2728 1591 2791 vobis,
1619 2726 1804 2793 inquit,
1835 2723 1951 2791 quia
1981 2719 2143 2783 (ediﬁ-

574 2832 701 2886 catis
729 2837 1050 2883 mammicula
1080 2823 1435 2893 prophetarum
1460 2835 1477 2881 ;
1504 2828 1674 2888 patres
1700 2824 1863 2868 autem
1889 2810 2032 2863 vestri
2061 2824 2145 2860 oc-

574 2924 800 2976 ciderunt
839 2936 938 2973 eos.
973 2916 1111 2988 Ergo
1137 2913 1386 2970 testatnini
1413 2921 1458 2964 et
1487 2907 1773 2962 conscntitis
1799 2903 2029 2975 operibus
2059 2917 2148 2966 pa-

577 3030 709 3067 trum
735 3022 1037 3071 uestrorum,
1069 3007 1188 3075 quia
1213 3004 1294 3058 illi
1323 3001 1608 3056 occiderunt
1630 3014 1711 3051 eos
1735 3014 1752 3060 ;
1777 3012 1860 3048 ros
1891 3003 2052 3045 autem
2079 3006 2148 3043 a3-

564 3105 792 3174 diﬁratis
817 3102 1046 3173 sepulcra
1071 3113 1242 3152 eorum
1273 3095 1439 3167 (Luc.
1474 3093 1560 3145 ll.
1591 3091 1675 3144 47.
1707 3086 1828 3158 48).
1858 3085 1952 3139 llic
1974 3092 2145 3135 autent

569 3206 807 3252 mentem
840 3207 1021 3247 eorum
1062 3190 1312 3252 damnat,
1345 3201 1447 3255 qua
1476 3180 1845 3240 mdilieabant;
1878 3177 1997 3244 quia
2042 3189 2144 3225 non

577 3291 628 3344 in
658 3289 949 3341 occisorum
979 3283 1238 3337 honorem
1261 3318 1275 3343 ,
1308 3275 1401 3332 sed
1433 3273 1584 3342 quasi
1611 3268 1783 3325 credes
1813 3281 1928 3320 cum
1959 3277 2146 3333 pompa

575 3380 886 3438 cllercntcs,
918 3385 969 3427 et
1001 3375 1244 3426 timentes
1265 3410 1278 3432 .
1314 3383 1380 3422 ne
1412 3376 1706 3434 temporum
1743 3358 1930 3427 injuria
1963 3354 2150 3408 dirutis

568 3469 870 3539 sepulcris,
899 3466 1028 3520 tanti
1059 3479 1218 3517 ausus
1245 3456 1500 3515 memoria
1542 3465 1595 3511 et
1624 3457 2024 3507 monumentmn
2066 3447 2146 3498 in-

580 3537 762 3618 teriret
787 3579 798 3615 :
830 3562 905 3614 sic
927 3557 1164 3627 sepulcra
1191 3550 1592 3611 construebant,
1622 3542 1894 3614 splendida
1924 3537 2144 3593 :edilieia

576 3656 726 3724 quasi
773 3664 1026 3720 tropaumt
1061 3650 1323 3717 erigentes
1344 3686 1358 3704 .
1390 3657 1452 3696 ac
1493 3642 1560 3695 de
1587 3639 1796 3694 illorum
1829 3631 2147 3687 facinoribus

579 3723 888 3817 gloriantes.
920 3743 1045 3798 Nar:
1081 3757 1196 3810 qum
1226 3751 1363 3792 nunc
1389 3733 1613 3798 audetis,
1647 3729 1835 3798 inquit,
1867 3723 2151 3779 ostendunt

567 3856 673 3895 vos
699 3839 812 3892 lucc
837 3839 926 3892 illo
951 3836 1129 3889 animo
1159 3832 1347 3902 facere.
1377 3829 1522 3883 Licet
1551 3825 1690 3880 enim
1719 3820 1978 3877 contraria
2006 3817 2150 3880 dica-

579 3933 662 3994 tis,
693 3930 840 3998 quasi
873 3927 1190 3980 damnantes
1221 3923 1359 3981 illos,
1387 3919 1518 3987 Quia
1548 3932 1650 3970 non
1685 3914 1964 3967 fuissemus
1989 3908 2040 3960 in
2069 3907 2149 3959 bis

579 4025 708 4078 socii
741 4022 949 4075 illorum
972 4061 985 4083 ,
1017 4018 1060 4071 si
1091 4017 1142 4070 in
1188 4014 1291 4068 illis
1320 4011 1506 4067 diebus
1535 4007 1853 4061 vixissetnus
1882 4020 1894 4055 :
1926 3999 2019 4055 sed
2049 4013 2147 4067 qua

579 4125 757 4172 mente
779 4115 827 4167 id
861 4111 1046 4165 dicatis
1076 4117 1278 4164 certum
1305 4112 1405 4159 est.
1435 4103 1768 4170 Quapropter
1795 4096 1938 4149 illam
1969 4091 2148 4146 decla-

581 4224 723 4267 rans.
743 4204 1072 4273 :euigmati'ce
1089 4200 1166 4255 sic
1187 4199 1434 4267 loquutus
1457 4202 1557 4247 est.
1581 4192 1708 4245 Cum
1732 4189 1952 4240 dixisset
1971 4181 2111 4237 enim
2136 4197 2148 4233 :

574 4299 762 4354 Dicitis
781 4339 796 4363 ,
825 4297 868 4350 si
894 4295 1161 4366 fuissemus
1190 4291 1241 4343 in
1269 4289 1441 4342 diebus
1471 4295 1666 4351 patrum
1698 4290 1986 4332 nostrorum
2005 4318 2018 4335 ,
2053 4290 2150 4325 non

579 4391 844 4462 fuissemus
880 4385 1002 4440 socii
1038 4399 1209 4436 eorum
1238 4382 1288 4432 in
1318 4377 1558 4447 sanguine
1587 4373 1978 4450 pt'OpItetat-tmt;
2029 4366 2152 4418 sult-

577 4457 749 4554 junsit
773 4500 786 4536 :
814 4481 901 4534 5|.
939 4477 1116 4547 Itaque
1156 4471 1434 4526 testimonio
1459 4468 1576 4521 estis
1606 4457 2151 4554 vobistttetipsts._qttod

582 4547 671 4643 filii
701 4573 808 4627 sitis
833 4584 1007 4624 eorum
1036 4565 1123 4634 qui
1167 4562 1434 4632 prophetas
1462 4557 1770 4611 occiderunt.
1801 4549 2013 4619 Ecquod
2042 4547 2149 4601 cri-
2195 4634 2201 4637 Δ

582 4639 700 4717 iuen
729 4669 811 4716 est
837 4660 998 4712 tilium
1024 4670 1143 4710 esse
1170 4650 1475 4710 ltmtticidm,
1509 4647 1551 4700 si
1583 4659 1687 4697 non
1719 4655 1940 4697 consors
1965 4639 2032 4692 sit
2059 4653 2150 4706 pa-

583 4768 747 4810 tet-tne
779 4747 1094 4805 voluntatis?
1118 4745 1348 4800 Nullum.
1373 4739 1523 4796 Unde
1547 4735 1884 4790 manifestum
1905 4742 2005 4795 est,
2033 4730 2152 4784 ideo

582 4847 630 4901 id
658 4845 786 4914 ipsis
816 4840 1118 4910 protulisse,
1147 4851 1200 4890 ιιι
1228 4849 1409 4888 carum
1438 4847 1555 4885 cum
1588 4829 1820 4896 putribus
1847 4827 1956 4879 suis
1985 4825 2033 4875 in
2060 4838 2153 4876 ue-

577 4938 743 5009 tptitia
766 4928 1103 4989 concordiam
1133 4925 1473 4997 significaret.
1503 4921 1567 4973 Et
1588 4921 1688 4973 hoc
1712 4918 1906 4971 indicat
1937 4916 1985 4968 id
2013 4914 2149 4982 quod

578 5006 862 5100 sequitur;
914 5021 1183 5092 subjunxit
1222 5018 1361 5073 enim
1393 5034 1403 5066 :
1458 5013 1544 5067 '52.
1581 5011 1868 5080 Serpentes,
1901 5006 2154 5076 genimina

579 5127 889 5193 viperarum.
933 5116 1078 5169 Sicut
1125 5111 1266 5166 enim
1310 5109 1505 5176 vipera:
1534 5104 1834 5173 parentibus
1861 5100 2150 5155 secundum

580 5212 766 5268 veneni
796 5207 1079 5278 perniciem
1105 5204 1305 5260 similes
1328 5209 1474 5261 sunt,
1508 5199 1584 5251 sic
1603 5205 1656 5252 et
1677 5211 1770 5250 vos
1798 5194 2033 5262 patribus
2061 5206 2149 5245 sc-

577 5303 810 5365 eumlum
840 5299 1234 5370 sanguinarium
1256 5296 1509 5349 animum.
1547 5290 1743 5345 Deinde
1768 5290 1887 5358 quia
1921 5293 2151 5339 mentem

581 5408 774 5450 eorum
798 5389 983 5445 multis
1006 5385 1272 5442 occultam
1301 5392 1576 5439 scrutatus
1601 5388 1701 5443 est,
1734 5393 1763 5431 a
1787 5376 1988 5431 futuris
2011 5376 2163 5446 ipso-

587 5503 708 5542 rum
731 5481 1082 5546 facinoribus,
1098 5493 1219 5549 qua:
1243 5475 1513 5531 universis
1535 5471 1817 5542 patebunt,
1837 5469 1978 5524 dicta
2010 5484 2162 5523 eom-

591 5573 944 5650 probaLQuia
960 5571 1226 5640 cnimjam
1244 5569 1400 5634 dixit,
1425 5565 1611 5636 Itaque
1627 5563 1987 5626 testi/icamini
2006 5561 2164 5615 vobis-

593 5667 979 5737 tnrtipsis,quia
996 5664 1096 5731 ﬁlii
1114 5665 1237 5717 estis
1251 5677 1429 5716 eorum
1443 5661 1529 5728 qui
1544 5659 1824 5727 prop/tetas
1840 5655 2165 5716 occiderunt,

595 5763 697 5815 hoc
714 5759 1028 5830 significans
1045 5771 1100 5810 se
1114 5756 1180 5808 de
1199 5754 1522 5822 eugnatione
1538 5750 1837 5806 secundum
1860 5747 2153 5816 nequitiam

597 5853 762 5923 loqui,
778 5850 1136 5920 simulateque
1155 5847 1358 5903 dixisse
1374 5862 1488 5912 eos,
1512 5843 1627 5899 Non
1646 5844 1925 5913 fuissemus
1948 5839 2163 5892 illorum

2250 1710 2408 1777 socii;
2441 1712 2845 1782 subjunxitzﬁi.
2873 1712 2937 1767 Et
2957 1730 3042 1768 vos
3066 1715 3275 1784 implete
3299 1731 3594 1770 mensuran-
3626 1731 3840 1785 patrum

2251 1815 2536 1860 vestrorum
2555 1822 2574 1858 :
2595 1822 2698 1859 non
2717 1806 3010 1874 imperans,
3026 1807 3119 1861 sed
3140 1807 3284 1876 quod
3303 1807 3544 1863 futurum
3567 1827 3614 1864 ε.
3633 1821 3684 1865 at
3703 1827 3843 1881 prae-

2260 1896 2527 1959 nuntians,
2559 1899 2757 1954 ca‘dem
2793 1903 3037 1960 videlicet
3063 1923 3235 1962 suam.
3269 1909 3497 1982 Ideoque
3527 1914 3633 1969 hoc
3666 1917 3845 1983 prola-

2254 1998 2310 2040 to
2357 2001 2702 2058 argumento,
2751 2009 2871 2048 cum
2913 1998 3235 2054 ostendisset
3281 2003 3524 2072 llgntenta
3572 2005 3656 2058 illa
3697 2024 3837 2071 Csar,

2259 2095 2374 2148 quae
2401 2080 2466 2134 ad
2493 2084 2572 2136 sui
2602 2081 2962 2140 defensionem
2986 2087 3250 2155 dicebant,
3280 2089 3397 2145 Non
3425 2095 3694 2163 fuissemus
3719 2097 3842 2149 illo-

2255 2187 2369 2223 rum
2396 2173 2548 2236 socii,
2582 2172 2601 2245 (
2637 2190 2754 2227 nam
2787 2177 2871 2243 qui
2906 2177 3128 2233 Domino
3158 2196 3262 2234 non
3292 2194 3675 2252 pepercerunt,
3709 2201 3842 2256 quo-

2257 2264 2416 2319 modo
2436 2268 2605 2321 servis
2633 2271 2986 2337 pepercissent
3018 2273 3058 2341 ἒν)
3097 2275 3303 2330 acriore
3329 2287 3508 2345 postea
3533 2279 3698 2332 tttitur
3720 2296 3842 2332 ora-

2260 2358 2434 2421 tione,
2477 2371 2752 2426 serpentes
2783 2377 2976 2417 vocaus
3003 2373 3055 2417 et
3097 2366 3362 2435 genimiua
3409 2367 3711 2436 viperarum
3739 2409 3753 2431 ,
3787 2383 3841 2422 et

2257 2450 2469 2504 dicens:
2499 2451 2759 2516 Quomodo
2783 2456 2982 2525 fugietis
3004 2472 3035 2507 a
3049 2457 3252 2527 judicio
3274 2458 3533 2529 gehennte,
3562 2475 3686 2513 cum
3712 2462 3836 2513 talia

2257 2545 2516 2610 audeatis,
2548 2555 2600 2600 et
2629 2556 2748 2616 post
2779 2549 2997 2616 negetis,
3029 2558 3364 2618 mentemque
3392 2559 3622 2604 vestram
3652 2553 3838 2605 occul-

2260 2637 2417 2689 n—tis?
2445 2637 2632 2690 Postea
2675 2637 2886 2692 aliunde
2930 2653 3020 2692 eos
3061 2655 3246 2709 magna
3265 2641 3317 2693 vi
3356 2655 3648 2711 coargucus
3672 2684 3684 2698 .
3717 2644 3790 2694 ait
3825 2662 3837 2693 :

2257 2729 2344 2782 5t.
2383 2728 2578 2782 Mittunt
2605 2733 2672 2783 ad
2699 2747 2783 2785 vos
2834 2733 3104 2800 prophetas
3122 2775 3136 2797 ,
3163 2741 3207 2785 et
3246 2734 3510 2801 sapientes,
3539 2745 3585 2787 et
3607 2736 3799 2788 scribas
3821 2778 3835 2794 .

2257 2831 2300 2871 et
2332 2835 2392 2872 ex:
2429 2821 2550 2889 ipsis
2571 2822 2900 2890 interﬁcietis,
2929 2832 2974 2875 et
2999 2823 3320 2893 cruci/igctis,
3355 2835 3398 2877 et
3428 2825 3751 2893 flagellubitis
3780 2828 3834 2877 in

2256 2914 2526 2982 sgnagogt’s
2547 2914 2739 2966 vestris.
2764 2911 2838 2966 Ne
2855 2913 3092 2968 dicerent
3112 2915 3273 2972 enim.
3303 2915 3520 2968 Etiamsi
3550 2916 3835 2968 Dominum

2257 3002 2673 3057 crucifixeriutus
2697 3044 2712 3067 ,
2743 3012 2796 3056 at
2825 3018 2852 3056 a
2898 3003 3069 3058 servis
3106 3005 3547 3060 abstinuissetnus
3567 3046 3582 3067 ,
3611 3007 3654 3059 si
3706 3017 3838 3062 tunc

2257 3093 2578 3148 fuissemus:
2613 3094 2749 3149 Ecce
2774 3135 2787 3159 ,
2821 3095 3022 3163 inquit,
3056 3108 3238 3150 servos
3268 3096 3420 3150 mitto
3450 3096 3617 3160 vobis,
3655 3096 3838 3164 ipsos-

2259 3201 2361 3255 que
2390 3187 2698 3256 propbetas,
2729 3203 2898 3258 neque
2926 3189 3050 3256 ipsis
3071 3191 3316 3259 parcetis.
3349 3189 3471 3244 llaec
3501 3206 3656 3259 porro
3676 3191 3841 3257 dixit,

2232 3279 2544 3336 ostendens
2568 3281 2697 3333 nihil
2724 3295 2840 3335 esse
2867 3281 3054 3335 mirum
3079 3323 3092 3346 ,
3126 3282 3168 3335 si
3205 3282 3475 3337 occidatur
3501 3298 3528 3334 a
3561 3282 3682 3336 filiis
3715 3283 3839 3335 iliu-

2259 3386 2404 3435 rum,
2432 3369 2519 3440 qui
2546 3381 2598 3424 et
2624 3371 2944 3440 sanguinarii
2984 3381 3134 3426 erant
3167 3380 3218 3426 et
3245 3371 3562 3427 fraudulenti
3588 3413 3601 3434 ,
3631 3372 3840 3427 dolosi-

2259 3479 2390 3532 que,
2425 3463 2508 3532 qni
2536 3472 2712 3531 patres
2737 3464 2938 3519 scelere
2969 3465 3260 3520 vincerent.
3293 3464 3369 3518 Ad
3399 3464 3511 3519 lucc
3538 3477 3718 3520 autem
3747 3481 3841 3520 os-

2262 3554 2428 3608 tendit
2456 3568 2548 3607 eos
2577 3553 2858 3607 admodum
2887 3569 3037 3607 vanm
3066 3554 3247 3624 gloria:
3277 3555 3497 3623 cupidos
3526 3569 3665 3609 esse.
3699 3556 3840 3610 Cum

2258 3644 2398 3698 enim
2425 3644 2624 3708 dicunt,
2653 3644 2713 3698 Si
2733 3644 3000 3712 fuissemus
3026 3645 3076 3697 in
3100 3643 3271 3698 diebus
3299 3655 3497 3714 patrum
3524 3657 3834 3706 nostrorum,

2259 3754 2356 3790 non
2387 3737 2652 3807 fuissemus
2696 3737 2963 3807 participes
2992 3753 3197 3799 eorum,
3232 3735 3280 3789 id
3328 3739 3508 3790 dicunt
3540 3747 3592 3789 ut
3643 3751 3851 3789 vanam‘

2257 3829 2475 3899 gloriam
2523 3837 2770 3898 captent;
2824 3828 3104 3896 verbisque
3156 3827 3628 3897 pftiloSopltmtur,
3672 3844 3843 3898 (ψει-ο

2260 3931 2436 3974 autem
2464 3919 2730 3974 Contraria
2758 3918 2972 3972 faciunt.
3017 3919 3318 3986 Serpentes,
3351 3920 3603 3986 genimiua
3633 3920 3840 3988 vipera-

2259 4028 2367 4065 rum
2392 4027 2410 4075 ;
2439 4009 2539 4063 ltoc
2564 4020 2640 4063 est
2665 4049 2680 4074 ,
2711 4009 2824 4061 Mali
2858 4009 3112 4062 malorum
3156 4009 3245 4061 lilii
3271 4049 3284 4073 ,
3319 4017 3371 4062 et
3400 4009 3706 4076 parentibus
3737 4010 3841 4061 ini-

2259 4102 2491 4169 quiorcs.
2522 4099 2763 4154 Ostendit
2791 4101 2985 4170 quippe
3016 4100 3157 4168 ipsos
3185 4098 3383 4168 majora
3411 4100 3613 4153 scelera
3644 4115 3839 4168 perpe-

2265 4201 2464 4254 trasse,
2516 4201 2622 4244 tum
2667 4190 2808 4260 quod
2851 4199 2974 4259 post
3007 4190 3125 4243 illos
3157 4189 3207 4242 id
3250 4191 3361 4242 ausi
3399 4199 3547 4254 sunt,
3583 4201 3636 4243 et
3681 4191 3844 4261 longe

2259 4284 2498 4352 graviora
2531 4299 2684 4351 quam
2714 4283 2824 4347 illi,
2855 4283 2950 4336 etsi
2975 4282 3278 4351 jactitarent
3308 4297 3365 4336 se
3396 4298 3680 4351 numquam
3712 4286 3840 4338 talia

2263 4386 2656 4446 perpetraturos
2702 4375 2879 4430 fuisse.
2916 4375 3014 4446 Ipsi
3046 4391 3273 4446 namque
3305 4376 3462 4430 linem
3512 4377 3790 4444 imponunt
3819 4419 3836 4444 ,

2262 4469 2627 4536 malorumque
2653 4467 2982 4522 coronidem.
3010 4467 3113 4520 Alii
3141 4468 3281 4520 enim
3303 4480 3396 4520 eos
3416 4467 3505 4535 qui
3533 4467 3598 4521 ad
3626 4468 3840 4522 vincam

2260 4570 2515 4612 venerant
2539 4559 2840 4613 occiderunt
2865 4574 2879 4622 ;
2908 4558 2958 4611 lti
2986 4574 3112 4612 vero
3135 4558 3303 4626 ipsum
3330 4556 3515 4620 ﬁlium,
3548 4567 3600 4610 et
3628 4571 3724 4612 eos
3745 4559 3839 4628 qui

2260 4651 2324 4705 ad
2373 4652 2582 4721 nuptias
2613 4650 2928 4704 invitabant.
2961 4650 3086 4704 llmc
3116 4663 3272 4719 porro
3299 4649 3454 4713 dicit,
3484 4659 3539 4701 ut
3568 4662 3661 4702 eos
3689 4663 3717 4701 a
3747 4664 3841 4703 eo-

2261 4745 2510 4810 guatione
2555 4743 2823 4797 Abraham
2854 4752 3180 4806 removeret,
3230 4739 3642 4809 ostenderetque
3663 4782 3676 4804 ,
3709 4740 3842 4796 nihil

2263 4839 2388 4905 ipsis
2439 4838 2560 4891 inde
2605 4838 2734 4890 lucri
2784 4847 3159 4906 proventuram
3205 4850 3352 4901 esse,
3385 4835 3695 4903 nisi-opera
3724 4837 3843 4903 ejus

2262 4932 2611 4984 imitarentur.
2641 4931 2978 4998 Quapropter
3006 4928 3307 4998 subjungit,
3345 4928 3609 4995 Quomodo
3641 4928 3842 4998 fugietis

2261 5040 2291 5074 ιι
2333 5023 2527 5093 judicio
2580 5023 2858 5092 geltcnnte,
2906 5038 3024 5074 cum
3075 5021 3192 5074 illos
3244 5020 3522 5074 imitemini
3563 5020 3650 5090 qui
3696 5021 3842 5088 paria

2262 5113 2670 5183 perpetrarunt?
2717 5113 2820 5167 llic
2839 5129 2966 5166 vero
2998 5111 3100 5166 illis
3139 5111 3360 5166 Joannis
3407 5111 3840 5166 criminationem

2263 5204 2313 5257 in
2349 5207 2657 5258 memoriam
2701 5206 2967 5259 revocavit
2992 5223 3005 5258 :
3041 5219 3160 5257 nam
3188 5211 3243 5258 et
3271 5204 3392 5258 illos
3421 5205 3498 5258 sic
3527 5204 3839 5272 appellavit,

2262 5298 2586 5366 etjudicimn
2616 5297 2846 5351 futurum
2872 5298 3330 5351 commemoravit.
3361 5294 3563 5351 Deinde
3583 5295 3704 5364 quia
3732 5311 3838 5348 non

2262 5388 2379 5442 illos
2422 5388 2689 5443 terrebant
2725 5387 2983 5458 judicium
3031 5398 3190 5457 atque
3238 5387 3476 5456 gehenna
3501 5427 3516 5450 ,
3553 5395 3662 5438 tum
3696 5386 3836 5455 quod

2263 5495 2368 5533 non
2397 5481 2711 5547 crederent,
2744 5492 2855 5534 tum
2884 5479 3022 5549 quod
3055 5479 3103 5532 in
3139 5480 3365 5532 futurum
3397 5493 3482 5532 res
3515 5479 3839 5540 mitteretur,

2262 5586 2288 5623 a
2322 5572 2671 5640 pne-sentibus
2722 5571 2839 5624 illos
2879 5571 3120 5638 reprimit
3147 5580 3196 5622 ct
3235 5569 3362 5623 dicit
3392 5587 3403 5622 :
3449 5567 3577 5620 Ideo
3607 5582 3723 5620 ecce
3752 5582 3842 5634 ego

2263 5662 2403 5714 mitto
2432 5663 2499 5713 ad
2530 5679 2613 5713 ros
2639 5664 2909 5731 pmpltetas
2931 5703 2946 5728 ,
2981 5672 3025 5714 et
3056 5662 3306 5727 sapientes
3327 5700 3341 5721 ,
3373 5670 3419 5712 et
3449 5659 3670 5717 scribas.
3706 5670 3752 5710 et
3786 5673 3849 5711 ea:

2262 5755 2363 5808 illis
2389 5754 2623 5808 occidetis
2645 5795 2657 5819 ,
2689 5765 2734 5807 et
2760 5755 3078 5824 cruci/igelis,
3107 5765 3149 5807 rt
3176 5753 3537 5825 ﬂagellabitis;
3569 5753 3657 5806 55.
3691 5763 3743 5803 ut
3764 5769 3849 5804 re-

2267 5845 2371 5898 nial
2397 5861 2548 5907 super
2575 5861 2658 5896 vos
2684 5844 2845 5898 omnis
2875 5845 3079 5916 sanguis
3103 5847 3272 5915 justus
3293 5886 3307 5912 ,
3335 5845 3418 5913 qui
3445 5842 3637 5909 eﬂ‘mns
3662 5854 3731 5896 est
3761 5859 3839 5895 stt-
