4074 6430
318 344 387 398 03
400 340 423 393 ι’

332 472 420 520 per
448 464 654 516 terram,
688 465 718 499 a
743 444 988 515 sanguine
1020 439 1140 494 .lbel
1160 439 1315 511 justi,
1348 454 1502 507 usque
1520 436 1587 487 ad
1620 432 1919 503 sanguinem

324 543 596 599 και-διττὴν
623 539 718 607 lilii
748 534 1034 597 Buracltia',
1062 546 1208 601 quem
1236 529 1491 582 occidistis
1518 529 1647 578 inter
1678 522 1920 591 templum

326 648 369 688 et
398 636 583 687 altare.
613 628 703 684 56.
733 628 891 680 Amen
922 624 1035 677 dico
1067 620 1204 675 robis
1231 662 1245 687 ,
1275 619 1471 673 venient
1502 618 1609 669 Iure
1640 615 1807 667 omnia
1838 628 1933 666 su-

327 744 415 795 per
439 722 809 796 generationem
842 718 993 770 hanc.

398 817 453 870 9..
509 814 637 867 \‘iile
663 828 723 867 ex
758 821 885 879 qttnt
932 804 1260 876 argumentis
1306 817 1418 857 rem
1458 799 1564 853 illis
1588 807 1790 852 certam
1818 802 1925 845 sta-

328 912 547 966 titubat?
594 906 754 971 Dixit,
786 905 971 958 Panes
1014 909 1228 952 vestros
1270 894 1537 948 damnatis
1568 905 1689 945 cum
1722 888 1920 957 dicitis,

326 1003 443 1056 Non
480 998 1030 1054 coturnun'casscmus
1057 1005 1179 1045 cum
1213 987 1358 1046 illis;
1416 1000 1513 1037 nec
1564 997 1749 1051 parum
1798 976 1923 1032 illud

323 1100 527 1147 eratut
555 1089 674 1143 illm
713 1085 913 1154 pudore
939 1081 1193 1135 afficeret.
1234 1078 1393 1136 Dixit.
1429 1076 1561 1128 Dum
1613 1072 1733 1125 illas
1774 1069 1924 1121 dam-

324 1184 486 1246 natis,
523 1183 703 1251 pejora
737 1176 947 1239 facitis;
994 1174 1044 1228 id
1071 1169 1212 1241 quod
1243 1168 1492 1222 ruborem
1541 1163 1667 1234 ipsis
1707 1161 1925 1230 injicere

325 1275 576 1333 debebat.
614 1271 771 1332 Dixit,
805 1266 920 1322 Non
960 1266 1182 1332 impune
1213 1259 1329 1327 haec
1355 1266 1534 1319 erunt.
1568 1264 1621 1311 et
1659 1253 1742 1307 bis
1771 1252 1927 1305 timo-

329 1368 467 1425 rent'
496 1365 604 1421 illis
658 1363 926 1431 ingentem
982 1354 1169 1409 incutit
1204 1371 1218 1406 :
1249 1351 1551 1420 gehennam
1599 1346 1741 1398 enim
1797 1342 1927 1411 ipsis

326 1453 790 1515 commemoravit.
815 1448 1018 1504 Deinde
1037 1445 1160 1516 quia
1184 1444 1430 1513 gehenna
1460 1441 1631 1491 futura
1656 1447 1760 1489 non
1795 1450 1926 1502 prtu-

326 1567 453 1607 seus
480 1557 617 1614 erat,
648 1545 783 1600 mala
813 1543 941 1613 ipsis
983 1536 1267 1607 praesentia
1301 1531 1639 1603 significavit,
1670 1547 1790 1581 t'ltllt
1820 1528 1925 1582 ait:

337 1643 547 1698 Vcnient
574 1640 681 1693 tia'c
711 1636 882 1690 omnia
911 1648 1063 1701 super
1091 1629 1470 1701 generationem
1508 1625 1678 1677 isnon.
1714 1618 1929 1673 Addidit

329 1745 509 1790 autem
541 1726 790 1798 supplicii
829 1721 1223 1779 vehementiam
1274 1718 1568 1786 ingentem,
1601 1712 1784 1767 dit-ens
1812 1710 1929 1763 illus

328 1824 571 1878 ninnium
602 1816 913 1890 gravissima
944 1827 1069 1869 esse
1094 1823 1387 1881 passuros;
1437 1821 1501 1860 ex
1550 1802 1702 1857 nullo
1747 1808 1926 1856 tamen

329 1916 518 1970 iturum
546 1912 907 1980 resipucrunt.
930 1906 986 1961 Si
1010 1903 1129 1976 quis
1162 1916 1289 1957 vero
1319 1900 1535 1963 dixerit,
1554 1896 1665 1953 Cur
1689 1896 1926 1949 omnium

327 2006 642 2077 gratissima
694 2000 833 2073 passi
880 1996 1048 2053 sunt?
1090 1991 1462 2065 responderim
1508 2003 1627 2059 ego,
1655 1988 1929 2058 quiaunu-

332 2099 481 2152 nium
508 2094 822 2165 gravissima
846 2090 1047 2144 scelera
1078 2092 1475 2156 perpetrarunt,
1495 2097 1560 2137 ex
1584 2080 1727 2134 nullo
1754 2090 1929 2131 tamen

331 2191 523 2245 horum
569 2187 821 2241 melimes
855 2182 1028 2238 effecti
1061 2189 1203 2234 sunt.
1248 2181 1441 2232 Annon
1474 2175 1666 2230 audisti
1699 2171 1929 2248 Latncclt

329 2283 622 2339 dicentem,
659 2277 738 2331 Ea:
766 2275 893 2330 Cain
944 2272 1255 2327 vindicatum
1283 2280 1354 2323 cst
1388 2268 1589 2338 septies,
1622 2282 1684 2321 eo;
1714 2264 1931 2318 Lamrclt

330 2391 444 2430 vero
471 2372 756 2444 septwsgies
785 2367 968 2437 septies
995 2364 1143 2439 (lien.
1174 2365 1227 2419 4.
1256 2360 1385 2431 2i)?
1419 2360 1472 2415 id
1498 2370 1601 2421 est,
1634 2360 1781 2428 plura
1806 2373 1931 2427 snp-

332 2470 490 2541 plicia
524 2481 736 2522 mereor
762 2478 863 2533 ego
889 2477 1046 2532 quam
1078 2458 1230 2515 Cain.
1270 2455 1488 2525 Quare?
1535 2454 1665 2509 Nam
1713 2453 1930 2507 fratrem

333 2578 440 2617 non
489 2555 847 2615 occidit:scd
894 2556 1016 2623 quia
1069 2568 1174 2607 non
1222 2549 1470 2619 exemplo
1508 2548 1799 2615 castigatus
1827 2554 1929 2601 est.

333 2653 571 2724 ldipsum
602 2650 725 2704 alibi
758 2648 885 2701 dicit
919 2647 1096 2700 Dens:
1130 2642 1368 2698 Ileddens
1415 2650 1619 2711 peccatu
1661 2646 1931 2709 parentum

333 2747 386 2798 in
422 2743 557 2811 ﬁlios
597 2740 649 2794 in
686 2739 883 2793 tertiam
916 2747 960 2790 et
990 2745 1224 2805 quartam
1254 2733 1627 2805 generationem
1656 2729 1718 2781 iis
1744 2728 1827 2799 qui
1857 2743 1935 2780 me

333 2838 454 2890 odio
497 2833 678 2887 habent
708 2829 904 2896 (Exod.
934 2828 1023 2883 20.
1053 2828 1111 2895 5)
1138 2842 1152 2891 ;
1202 2841 1308 2880 non
1337 2822 1477 2894 quod
1526 2821 1684 2876 alieni
1732 2820 1933 2889 peccati

333 2929 455 2998 quis
485 2924 801 2995 supplicium
831 2924 961 2986 luat,
992 2919 1085 2975 sed
1115 2917 1254 2988 quod
1286 2918 1317 2970 ii
1347 2917 1455 2985 qui,
1487 2926 1603 2985 post
1631 2914 1766 2968 alios
1800 2913 1934 2966 ntul-

338 3030 422 3073 tos
453 3018 507 3071 in
537 3023 750 3086 pet-cata
792 3013 972 3083 lapsos
996 3020 1051 3065 et
1074 3010 1379 3080 mstigatos.
1411 3023 1518 3061 non
1569 3006 1819 3061 meliores
1859 3004 1934 3055 rf-

338 3109 485 3173 feeti,
540 3106 728 3162 eadem
773 3120 892 3175 qua:
938 3104 1011 3157 illi
1046 3111 1375 3172 perpetrant,
1409 3100 1596 3153 eadem
1650 3098 1761 3168 ipsa
1806 3112 1931 3165 sup-

342 3202 497 3273 pliria
521 3200 641 3270 jure
667 3200 833 3252 luant.
860 3196 991 3253 Vide
1009 3191 1475 3263 autctnrquomodo
1503 3191 1719 3244 Abclcm
1742 3202 1935 3256 Oppor-

338 3305 468 3349 tune
497 3294 549 3345 itt
582 3290 814 3344 medium
861 3285 1193 3357 produxerit,
1225 3282 1517 3338 ostendens
1564 3280 1699 3334 hanc
1727 3293 1936 3348 quoque

340 3399 527 3439 necem
557 3398 621 3437 ex
654 3380 847 3434 invidia
881 3368 1115 3448 prodire.
1148 3373 1286 3442 Quid
1315 3388 1443 3443 ergo
1470 3372 1651 3427 dicere
1684 3369 1936 3441 possitis?

338 3492 518 3529 annon
541 3474 688 3527 scitis
710 3470 835 3541 quid
865 3484 1052 3540 passus
1078 3465 1330 3523 sitCain‘!
1359 3482 1424 3519 an
1451 3474 1570 3535 post
1590 3463 1935 3518 commissum

340 3566 521 3620 scelus
551 3564 749 3632 quievit
780 3561 957 3615 Deus?
998 3573 1175 3614 annon
1231 3568 1509 3617 extremas
1544 3562 1773 3633 expetiit
1820 3570 1934 3622 tta:-

342 3658 478 3709 nas?
510 3659 704 3708 Annon
734 3650 956 3707 audistis
984 3650 1109 3721 quid
1138 3650 1280 3720 passi
1306 3650 1411 3702 sint
1438 3658 1615 3717 patres
1638 3645 1823 3711 vestri,
1849 3645 1937 3714 qui

342 3743 1014 3817 prephetasacciderunt?
1060 3757 1237 3797 annon
1266 3741 1410 3795 mille
1455 3739 1732 3809 suppliciis
1759 3736 1935 3792 traditi

342 3832 507 3886 sunt?
537 3830 646 3885 Cur
666 3844 794 3899 ergo
826 3844 931 3882 non
964 3827 1212 3882 meliores
1230 3824 1404 3881 ell'eeti
1434 3824 1601 3879 estis?
1625 3820 1733 3878 Cur
1758 3835 1937 3875 autem

343 3937 558 3995 patrtmn
592 3932 892 3977 vestrorum
922 3920 1204 3991 supplicia,
1237 3931 1291 3974 et
1320 3919 1443 3989 quid
1473 3918 1613 3990 passi
1644 3916 1747 3971 sint
1778 3932 1936 3971 enaro

346 4019 506 4074 rem'.’
537 4026 589 4069 tu
636 4015 748 4083 ipse
775 4015 862 4081 qui
898 4023 1075 4084 patres
1104 4022 1221 4065 tuos
1253 4011 1600 4072 condemnas,
1633 4025 1727 4063 cur
1760 4009 1938 4078 pejora

348 4106 523 4161 facis?
578 4104 789 4159 Etenim
841 4118 936 4158 vos
990 4102 1087 4171 ipsi
1140 4100 1278 4155 hanc
1335 4101 1653 4161 St‘lllL‘.‘tli:tl)l
1705 4099 1937 4153 tulistis:

348 4198 519 4252 Μιιιω
550 4197 682 4249 male
714 4195 885 4264 perdet
915 4192 1125 4265 (Matth.
1156 4192 1242 4247 ει.
1273 4191 1387 4263 il).
1429 4193 1597 4257 Quam
1628 4205 1755 4261 ergo
1786 4189 1939 4244 dein-

348 4307 476 4359 ceps
521 4289 729 4343 veniam
784 4288 1068 4355 habebitis,
1104 4288 1193 4357 qui
1244 4298 1362 4356 post
1410 4288 1569 4340 talem
1620 4287 1941 4340 sententiam

351 4384 473 4437 talia
499 4380 741 4436 audetis?
773 4380 877 4435 Sed
896 4380 1013 4450 quis
1037 4368 1123 4435 est
1152 4380 1236 4435 hic
1260 4379 1582 4434 Zacharias?
1612 4380 1711 4433 Alii
1738 4392 1939 4448 patrem

349 4473 570 4528 Joannis
592 4487 709 4526 esse
730 4471 939 4535 dicunt;
971 4473 1056 4525 alii
1088 4471 1434 4543 prOpltetant;
1464 4474 1550 4526 alii
1579 4472 1739 4525 alium
1760 4488 1943 4540 quent-

350 4566 473 4620 tlam
510 4566 835 4620 hinominem
864 4565 1219 4629 Sacerdotem,
1241 4582 1395 4635 quem
1424 4565 1590 4620 Judae
1623 4566 1773 4620 vl-‘rat
1798 4568 1944 4619 Scri-

354 4656 628 4726 ptura(a).
661 4655 740 4709 Tu
776 4671 900 4710 vero
946 4656 1075 4710 illud
1117 4656 1502 4717 animadverte,
1533 4657 1707 4711 seclus
1748 4657 1942 4727 duplex

352 4746 536 4801 fuisse.
591 4745 704 4800 Non
754 4747 895 4800 enim
944 4758 1156 4801 sanctos
1204 4747 1523 4803 occidebant
1582 4756 1809 4813 tantum,
1854 4749 1945 4802 sed

351 4842 511 4893 etiam
546 4839 596 4891 in
625 4838 758 4892 lueis
798 4838 1016 4892 sanctis.
1053 4838 1175 4894 llaec
1204 4851 1379 4893 autem
1409 4840 1597 4903 dicens
1624 4853 1728 4893 non
1772 4841 1945 4893 solum

354 4931 475 4985 illos
527 4930 792 4996 terrebat,
847 4930 940 4985 sed
993 4932 1153 4985 etiam
1202 4932 1495 5003 discipulos
1548 4934 1947 5000 consoiab:.tttr,

352 5025 648 5081 cstendcns
674 5025 848 5095 justus
875 5025 1003 5079 olim
1035 5024 1219 5079 eadem
1247 5040 1369 5080 esse
1397 5040 1601 5095 passos.
1636 5026 1742 5079 llas
1770 5035 1948 5078 autem

357 5120 593 5175 terrebat
622 5118 1047 5188 praenuntiando,
1080 5128 1132 5171 nt
1174 5118 1252 5171 illi
1284 5134 1468 5187 pmuas
1497 5118 1776 5182 dCdCI‘.tlll,
1811 5120 1875 5169 ita
1900 5126 1955 5170 ct

356 5214 504 5280 ipsos
528 5220 770 5266 extrema
801 5226 919 5264 esse
950 5224 1218 5279 passuros.
1269 5210 1392 5265 Ideo
1424 5210 1540 5265 illos
1568 5219 1620 5264 et
1666 5212 1952 5278 prophetas

357 5316 411 5358 et
437 5305 708 5373 sapientes
734 5315 789 5357 et
816 5304 1020 5357 scribas
1061 5312 1235 5368 vocat,
1266 5304 1447 5371 sicque
1480 5318 1692 5356 omnem
1725 5303 1825 5354 illis
1856 5318 1951 5355 ex-

357 5398 690 5450 cusationem
734 5394 924 5449 aufert.
971 5394 1085 5449 Non
1137 5396 1377 5465 potestis,
1414 5396 1605 5464 inquit,
1634 5395 1835 5459 diCrre,
1870 5410 1954 5447 me

424 5576 495 5635 (εἰ)
520 5582 615 5622 ch
642 5576 785 5625 .lodae
811 5578 917 5627 sive
937 5577 1147 5625 .Iomdam
1174 5587 1395 5624 vocatum
1419 5578 1569 5625 fuisse
1595 5579 1868 5626 Zachariam
1903 5578 1957 5627 il-

356 5635 369 5682 l
398 5652 457 5682 till
498 5639 616 5686 dicit
651 5640 920 5699 Scriptura,
948 5641 976 5685 :2
1017 5638 1165 5687 l‘at'al.
1194 5639 1277 5694 2i,
1318 5639 1374 5685 ΞΓ]
1404 5654 1411 5685 :
1442 5642 1526 5685 sed
1574 5642 1639 5688 ait
1685 5641 1957 5688 lat-barintt

359 5700 510 5746 tilium
535 5700 712 5808 .t‘uiadue
735 5704 1079 5757 iltiLSS",t!-‘ltll'il
1106 5716 1247 5763 quam
1266 5711 1424 5749 ILItl'dl
1446 5702 1830 5763 tibrysoslomus,
1851 5717 1956 5751 mc-

361 5774 527 5808 litUl'lilf
575 5775 704 5808 λιξδιι.

361 5774 527 5815 Laerta!
554 5774 704 5816 mrsu.

1236 322 1299 379 ΙΝ
1339 317 1746 379 ΜΛΤΠΙΛΞΕΜ
1789 314 2017 371 ιιυιιιι..
2061 313 2299 371 ιλλιγ.
2341 315 2411 369 al.
2458 313 2667 371 LXXV.

3529 295 3594 341 ns
3607 291 3633 342 2.

2028 444 2093 484 ος
2130 428 2393 499 ‘geutibns
2444 428 2677 490 ﬂiiaiSSC,
2724 423 2953 492 ideoque
3004 435 3100 474 vos
3152 417 3393 486 effiat-os
3444 415 3634 469 fuisse;

2031 523 2123 577 sed
2171 538 2237 577 eo
2268 522 2481 576 adducti
2524 520 2655 575 estis
2694 516 2834 588 quod
2880 513 3162 570 homicida.
3193 512 3311 566 sitis
3337 521 3389 565 ct
3427 511 3612 577 sangtti

2033 631 2154 668 nem
2188 614 2404 669 sitiatis.
2441 612 2566 666 Ideo
2615 609 2878 681 pra-dixit,
2916 623 2973 661 se
3021 606 3312 659 missurum
3343 616 3466 658 esse
3513 618 3638 668 ptu-

2032 706 2220 775 pbctas
2249 714 2303 759 ct
2330 706 2554 758 scribas.
2593 701 2701 756 [lac
2758 700 2825 754 de
2880 715 2939 753 rc
2989 695 3315 752 accusabant
3366 694 3485 749 illos
3516 711 3642 760 pro.

2034 798 2209 867 pheta:
2251 813 2461 860 omnes,
2491 796 2753 858 dicentes,
2787 793 3107 863 Sanguinem
3142 790 3382 861 sanguini
3431 789 3639 842 miserat

2033 889 2187 962 (Osee
2242 893 2294 946 4.
2324 890 2407 962 2),
2437 900 2489 945 et
2525 891 2669 959 ipsos
2717 889 2860 943 viros
2912 886 3232 956 sanguinqu
3281 898 3406 938 esse
3447 884 3640 938 tesutt-

2034 992 2239 1037 cann-s.
2291 982 2416 1037 Ideo
2446 980 2760 1051 sanguinem
2834 979 2941 1037 sibi
3009 978 3178 1050 jussit
3236 976 3423 1032 ol'ferri
3477 973 3636 1035 Dcu~,

2033 1071 2325 1127 ostendens
2357 1072 2398 1125 si
2426 1076 2475 1125 in
2507 1072 2677 1125 brutis
2698 1071 2770 1124 ita
2804 1068 3072 1139 pretiosus
3102 1065 3322 1135 sanguis
3347 1072 3449 1129 est,
3474 1064 3642 1117 multa

2035 1164 2204 1233 magis
2235 1164 2285 1215 iu
2321 1163 2535 1217 homine
2565 1176 2705 1218 esse.
2740 1161 2864 1215 ldeo
2900 1169 2954 1213 ct
2983 1158 3111 1213 Non:
3140 1155 3276 1211 dixit
3310 1177 3322 1211 :
3362 1153 3640 1209 Vindicabo

2037 1271 2237 1309 omnem
2282 1255 2581 1325 sanguinem
2609 1252 2827 1320 eﬂ'usum
2871 1250 3022 1319 (Gen.
3058 1249 3109 1304 9.
3141 1247 3216 1319 6).
3254 1247 3643 1316 lnnttn‘tcraque

2034 1346 2139 1401 alia
2192 1346 2417 1398 inveniri
2460 1352 2705 1413 possunt,
2740 1342 2826 1397 ubi
2877 1343 3017 1395 Ιὶιιιιε
3056 1348 3200 1395 votat
3248 1355 3317 1394 ne
3360 1338 3637 1393 occidant:

2035 1438 2283 1507 quocirca
2316 1452 2383 1491 ne
2410 1436 2721 1490 still'ucatnm
2764 1434 2962 1503 aliquid
2996 1431 3341 1486 cutuedercnt
3375 1430 3569 1484 vetuit.
3601 1434 3643 1480 ι)

2038 1531 2129 1584 Dei
2181 1529 2629 1593 miscricordiam,
2662 1528 2756 1598 qui
2784 1526 3028 1595 quamvis
3068 1525 3234 1579 sciret
3280 1524 3329 1580 id
3373 1524 3477 1577 illis
3510 1520 3641 1575 anil

2036 1620 2376 1691 profuturum
2423 1634 2571 1683 esse,
2605 1634 2698 1673 sua
2751 1626 3011 1688 pra'stare
3066 1632 3172 1669 non
3217 1615 3414 1670 desiit!
3469 1613 3641 1676 Mitto,

2038 1713 2227 1784 inquit,
2264 1712 2389 1767 licet
2432 1711 2598 1765 sciant
2631 1710 2867 1762 occisum
2912 1708 2973 1761 iri
3023 1708 3162 1761 illos.
3194 1705 3377 1774 Itaque
3408 1705 3533 1757 hinc
3562 1713 3645 1755 te-
3694 1754 3697 1757 λ

2038 1821 2186 1861 mere
2230 1804 2373 1874 loqui
2421 1801 2963 1873 dt-preltcndebantnr
3006 1812 3128 1853 cum
3176 1798 3419 1851 dicerent
3463 1814 3475 1850 :
3530 1793 3654 1848 Non.

2037 1898 2169 1953 socii
2193 1897 2475 1951 fuissemus
2502 1904 2730 1963 patrum.
2756 1891 2889 1947 Nam
2920 1902 2973 1945 ct
3004 1891 3056 1943 hi
3088 1889 3380 1959 prophetas
3405 1889 3458 1941 itt
3486 1901 3646 1959 syna-

2035 1992 2187 2063 gogis
2218 1990 2559 2054 occidebant,
2593 2004 2692 2043 nec
2737 1987 2915 2042 locum
2960 1984 3176 2040 reveriti
3215 1992 3361 2046 sunt,
3388 1997 3487 2036 nec
3528 1998 3649 2049 pcr-

2037 2101 2293 2140 sonarum
2341 2084 2655 2155 dignitatem
2707 2100 2720 2134 :
2779 2093 2956 2151 neque
3005 2078 3148 2133 enim
3204 2078 3353 2131 viros
3403 2090 3435 2129 e
3489 2075 3648 2143 Vulgo

2038 2178 2375 2241 occidebant,
2409 2175 2503 2230 sed
2561 2173 2852 2244 prephctas
2893 2179 2946 2225 ct
2992 2170 3285 2238 sapientes,
3338 2182 3402 2221 ne
3456 2181 3514 2220 se
3559 2182 3647 2219 re-

2041 2270 2456 2339 prehenderent.
2502 2267 2609 2322 llos
2652 2265 2900 2335 intelligit
2942 2280 3064 2317 esse
3110 2263 3386 2331 apostolus
3428 2277 3647 2313 coruin-

2038 2377 2141 2432 que
2192 2373 2537 2415 successores
2575 2375 2588 2411 :
2641 2374 2764 2411 nam
2802 2356 2953 2409 multi
2988 2354 3396 2424 prophetabant.
3449 2349 3649 2405 Deinde

2040 2462 2095 2507 ut
2129 2464 2388 2508 terrorem
2420 2460 2661 2521 augeret,
2698 2450 2769 2503 ait
2804 2466 2816 2501 :
2871 2449 3028 2501 Amen
3064 2463 3208 2500 amen
3237 2447 3351 2499 dico
3383 2446 3540 2509 vobis,
3570 2461 3648 2497 ve—

2039 2546 2178 2599 nient
2227 2545 2334 2598 Itan:
2362 2544 2534 2597 omnia
2559 2559 2711 2611 super
2736 2540 3112 2611 generationem
3144 2536 3318 2600 hanc;
3374 2539 3422 2590 id
3456 2548 3558 2597 est,
3592 2534 3667 2586 lu‘

2039 2639 2213 2706 capita
2246 2645 2423 2691 vestra
2476 2635 2591 2689 [nec
2619 2634 2795 2687 omnia
2850 2647 3077 2696 vertant,
3111 2638 3166 2686 et
3195 2644 3445 2699 magnam
3492 2644 3646 2681 ext-r-

2002 2808 2006 2811 Δ
2040 2732 2174 2787 echo
2197 2729 2507 2785 vindictam.
2540 2727 2673 2782 Nam
2700 2727 2789 2798 qui
2824 2727 3021 2782 umltos
3052 2733 3339 2794 peccantes
3369 2720 3518 2783 vidit.
3551 2734 3645 2775 nec

2040 2838 2338 2879 conversus
2364 2832 2469 2886 νει,
2501 2819 2594 2875 sed
2626 2820 2813 2877 eadem
2862 2818 2973 2887 ipsa
3006 2826 3224 2887 peccata
3260 2814 3516 2878 admittit,
3548 2830 3646 2867 nec

2040 2912 2231 2968 eadem
2279 2913 2390 2982 ipsa
2453 2911 2635 2976 modo,
2667 2910 2761 2965 sed
2808 2910 2970 2964 etiam
3022 2909 3179 2977 longe
3220 2906 3489 2977 graviora.
3523 2920 3645 2974 gru-

2043 3006 2397 3073 vioresquam
2444 3003 2519 3059 illi
2567 3017 2753 3073 punias
2788 3001 2971 3056 subire
3000 3007 3255 3055 meretur.
3282 2997 3647 3065 Queunulmo-

2042 3100 2167 3153 dum
2200 3096 2366 3159 cnim,
2398 3097 2444 3148 si
2489 3096 2765 3155 viduis-.ct,
2800 3107 2990 3161 magna
3035 3106 3099 3144 ex
3130 3089 3361 3143 aliorum
3405 3089 3652 3157 exemplo

2044 3192 2282 3245 ιτα-πως
2314 3187 2500 3240 fuisset
2531 3186 2721 3239 melior
2751 3182 3011 3237 elfcctus:
3046 3181 3145 3246 sic,
3176 3180 3298 3250 'quia
3333 3180 3652 3249 resipiscere

2045 3280 2235 3344 noluit,
2266 3276 2455 3346 majori
2488 3286 2571 3331 est
2597 3256 2863 3343 Supplicio
2886 3273 3173 3335 olmoxitts,
3206 3280 3393 3340 utpote
3422 3272 3511 3341 qui
3541 3287 3653 3326 nta-

2040 3373 2157 3442 jura
2192 3373 2391 3426 monita
2417 3385 2512 3439 per
2539 3383 2637 3425 eos
2660 3368 2747 3437 qtti
2776 3367 2884 3437 jam
2910 3374 3264 3437 peccaverant
3289 3374 3342 3418 et
3364 3364 3506 3434 pleri
3541 3364 3649 3418 l'no-

2048 3476 2167 3519 rant
2198 3472 2497 3532 receperat,
2531 3460 2627 3516 scd
2670 3461 2786 3515 sine
2820 3462 3013 3514 fructu.

2119 3560 2174 3613 5.
2219 3557 2423 3611 Deinde
2472 3556 2537 3609 ad
2572 3555 2844 3609 civitatem
2898 3568 3203 3608 settnonem
3251 3534 3656 3623 ςιιιιινιξιίἱιςμῑιι

2046 3650 2319 3704 auditores
2370 3649 2649 3702 instituere
2698 3647 2904 3712 volens,
2937 3647 3163 3714 aitque:
3202 3645 3291 3701 57.
3342 3644 3651 3709 Jerusalem,

2047 3739 2355 3795 Jerusalem.
2382 3740 2519 3805 Quid
2552 3739 2652 3793 sibi
2687 3739 2803 3791 vttlt
2829 3737 2942 3791 haec
2974 3737 3305 3806 duplicatio?
3348 3737 3651 3791 Miserantis

2045 3844 2129 3888 est
2157 3833 2408 3902 loqnemli
2441 3831 2652 3898 modus,
2679 3839 2733 3885 et
2756 3829 3044 3885 admodum
3069 3831 3318 3884 amantis.
3338 3830 3489 3885 Sicut
3508 3831 3651 3885 enim

2049 3928 2189 3997 apud
2226 3927 2498 3992 dilectam,
2530 3940 2744 3994 semper
2784 3933 3035 3987 amatam,
3069 3939 3188 3994 quae
3217 3937 3487 3979 amantem
3518 3940 3651 3979 con-

2052 4014 2364 4088 tempserat,
2418 4017 2644 4085 ideoque
2694 4015 2960 4085 supplicio
3006 4014 3366 4084 plectendum,
3422 4016 3491 4068 ita
3534 4001 3655 4071 sese

2050 4111 2293 4165 defendit
2320 4110 2559 4175 demunt,
2590 4124 2712 4163 cum
2761 4124 2881 4163 mox
2912 4109 3231 4178 supplicium
3273 4118 3355 4162 est
3386 4108 3651 4163 illaturus.

2052 4202 2205 4269 Quod
2238 4202 2398 4256 etiam
2429 4200 2482 4255 in
2510 4200 2784 4270 prophetis
2810 4200 2934 4254 facit
2964 4198 3047 4254 bis
3074 4198 3252 4255 verbis
3287 4217 3300 4253 :
3354 4200 3490 4263 Dixi,
3522 4200 3656 4254 (Ian-

2054 4308 2242 4350 ccrtere
2291 4294 2358 4347 ad
2403 4296 2533 4359 me‘,
2577 4304 2621 4347 et
2666 4310 2769 4346 non
2814 4302 2885 4346 est
2930 4309 3169 4347 conversa
3217 4292 3427 4364 (Jerem.
3473 4294 3524 4347 5.
3573 4294 3651 4362 'i).

2060 4387 2256 4442 Deinde
2308 4402 2505 4439 vocans
2558 4386 2724 4449 illam,
2759 4385 3042 4439 homicidia
3076 4383 3193 4453 ejus
3240 4385 3449 4454 subjicit
3482 4403 3493 4438 :
3528 4384 3655 4452 Qua:

2055 4481 2243 4533 occidis
2280 4478 2575 4547 prophetas,
2608 4488 2650 4529 et
2692 4476 2893 4544 Iupidas
2924 4491 3005 4528 eos
3045 4476 3126 4545 qui
3151 4475 3225 4536 ad
3264 4484 3311 4529 te
3340 4477 3479 4530 missi
3515 4490 3654 4543 sunt,

2056 4570 2248 4636 quoties
2292 4570 2427 4622 volui
2471 4584 2778 4637 congregare
2822 4567 2957 4634 [dies
3011 4577 3141 4628 tuos,
3170 4576 3216 4620 et
3264 4568 3545 4622 noluistis?
3592 4570 3659 4623 ita

2057 4662 2197 4716 circa
2229 4676 2290 4715 ea
2319 4676 2439 4730 qua:
2470 4668 2654 4713 centra
2690 4674 2747 4714 se
2780 4658 3024 4712 fecerunt
3051 4674 3173 4714 sese
3201 4660 3477 4716 defendit:
3524 4662 3659 4731 Quia

2059 4770 2231 4823 neque
2264 4762 2482 4822 promer
2509 4752 2622 4805 ha-e
2663 4768 2691 4805 a
2726 4764 2776 4806 te
2820 4768 3039 4807 aversus
3066 4768 3212 4818 sum,
3257 4771 3429 4827 neque
3470 4774 3555 4812 me
3596 4760 3663 4813 ab

2062 4850 2151 4902 illa
2182 4863 2373 4918 magna
2404 4862 2530 4917 erga
2564 4857 2615 4901 te
2658 4847 3031 4901 benevolentia
3080 4849 3340 4917 repulirti,
3385 4851 3478 4905 sed
3514 4860 3565 4906 te
3595 4854 3661 4906 ita

2059 4942 2303 4994 affectam
2329 4938 2496 4996 volui.
2521 4954 2623 4991 non
2648 4938 2811 4992 semel
2830 4948 2885 4993 et
2907 4938 3009 5001 bis,
3032 4939 3123 4994 sed
3152 4940 3350 5009 pluries
3372 4949 3665 4997 attrahere.

2065 5031 2271 5099 Quoties
2325 5032 2489 5095 enim,
2545 5029 2738 5098 inquit,
2790 5031 2927 5084 volui
2981 5048 3292 5103 congregare
3344 5036 3479 5103 filios
3528 5045 3664 5099 tuos,

2060 5121 2487 5192 quemadmodum
2515 5120 2709 5191 gallina
2736 5132 3007 5193 congregat
3058 5123 3225 5193 pullos
3250 5143 3369 5179 suos
3413 5126 3504 5179 sub
3535 5128 3669 5190 alas,

2061 5225 2106 5267 et
2138 5213 2412 5269 noluistis?
2445 5215 2554 5269 Iloc
2578 5215 2728 5280 dicit,
2749 5218 3042 5272 ostendens
3074 5220 3193 5273 illos
3224 5235 3369 5290 serpe
3399 5225 3672 5289 peccando

2063 5322 2182 5361 δεδι)
2213 5307 2567 5377 dispersisse;
2600 5316 2653 5361 ct
2683 5324 2749 5362 ex
2782 5309 3014 5378 imagine
3048 5309 3137 5363 illa
3160 5325 3402 5365 amorem
3435 5311 3672 5369 declarat

2064 5416 2219 5455 suum
2252 5420 2263 5453 :
2295 5401 2463 5453 fervet
2488 5400 2632 5454 enim
2657 5416 2810 5455 amor
2830 5402 3081 5457 animalis
3112 5403 3254 5458 illius
3277 5406 3420 5460 circa
3445 5409 3670 5477 prolem.

2066 5496 2220 5563 Saepe
2249 5504 2428 5548 autem
2456 5493 2569 5547 hate
2597 5495 2801 5546 alarum
2830 5494 3008 5565 imago
3039 5496 3088 5549 in
3122 5496 3399 5565 pr0phetis
3430 5499 3673 5565 habetur,

2068 5602 2276 5641 nccaon
2311 5588 2359 5639 in
2396 5586 2605 5641 cantico
2644 5586 2866 5655 Moysis,
2896 5595 2949 5641 ct
2983 5588 3033 5640 in
3068 5588 3317 5655 Psalmis,
3349 5608 3466 5660 qu:e
3496 5602 3673 5660 protea

2067 5704 2162 5813 sui!
2184 5702 2349 5813 animi.
2385 5702 2565 5757 habet,
2596 5710 2869 5752 convertere
2895 5701 2959 5753 ad
2984 5715 3057 5753 me
3101 5711 3202 5767 post
3228 5704 3339 5756 illas
3371 5718 3534 5757 omnes
3567 5720 3668 5769 pro.

2168 5779 2177 5811 l
2220 5778 2348 5813 ωιιθδ.

2220 5778 2330 5813 ϋᾱῖϋὸ
2341 5805 2348 5815 .
