4074 6426
468 291 575 346 683

465 415 718 465 cttuttem,
750 408 802 456 et
833 397 1220 468 providentiam
1267 408 1512 465 magnam
1546 392 1765 449 indicat.
1793 393 1898 451 Sed
1941 408 2039 449 no-

469 495 663 559 luistis,
695 491 886 563 inquit.
920 489 1009 546 38.
1051 485 1179 543 Eece
1202 487 1511 558 relinquetur
1551 486 1731 541 domus
1759 494 1926 540 rostra
1949 484 2041 539 de-

464 595 616 649 serta,
651 582 947 655 patrocinio
982 580 1188 636 scilicet
1211 594 1333 635 meo
1356 594 1543 634 vacua.
1588 578 1703 647 ipse
1744 577 1903 645 igitur
1927 585 2044 631 erat

462 677 550 748 qui
600 676 747 746 prius
786 674 857 729 illi
909 672 1362 744 patrocinabatur,
1417 672 1689 739 ipsamque
1739 667 1954 723 tenebat
1979 682 2041 723 ac

461 768 710 824 servabat
740 784 754 820 :
796 766 911 837 ipse
955 765 1132 835 itaque
1162 772 1263 828 est,
1295 763 1382 832 qui
1416 764 1532 815 il'os
1557 776 1769 831 semper
1794 761 2035 830 castigat.

457 858 528 914 Et
554 858 869 930 supplicium
902 858 1032 927 ipsis
1062 855 1243 920 infert,
1265 853 1403 924 quod
1436 852 1507 906 illi
1532 851 1817 906 admodum
1849 849 2035 906 formi-

456 949 654 1005 dabam
684 966 699 1005 :
731 949 832 1004 hoc
858 949 1000 1003 enim
1044 946 1282 1001 omnium
1329 959 1507 999 rerum
1557 957 1772 998 suarum
1800 943 2029 998 eversio~

457 1057 581 1098 nem
609 1041 941 1112 designabat.
972 1038 1062 1096 39.
1089 1036 1215 1093 Dico
1238 1038 1368 1092 enim
1394 1035 1550 1101 vobis,
1579 1051 1679 1089 non
1705 1051 1785 1089 me
1811 1033 2040 1089 uidebitis

454 1132 642 1187 amatio
667 1132 827 1186 donec
873 1130 1074 1194 dicatis,
1105 1128 1402 1184 Benedictus
1444 1128 1530 1198 qui
1572 1127 1702 1180 venit
1742 1125 1796 1178 iu
1837 1125 2040 1179 nomine

456 1224 685 1279 honuni.
717 1223 828 1279 lloc
873 1223 998 1277 item
1027 1220 1226 1276 dictum
1256 1218 1508 1274 ferventis
1538 1226 1626 1273 est'
1644 1215 1917 1283 amatoris,
1947 1230 2035 1286 qm

452 1315 577 1372 illos
636 1322 691 1370 et
745 1313 936 1369 futuris
986 1311 1264 1371 eventibus
1327 1307 1638 1379 pertrahere
1692 1307 2037 1363 vehementer

451 1416 601 1477 optat
639 1428 653 1462 :
694 1420 867 1477 neque
914 1419 943 1459 a
988 1402 1302 1474 praeteritisâ€™
1350 1400 1519 1456 solum
1570 1399 1861 1457 hortatur:
1909 1415 2032 1455 nam

450 1498 592 1554 diem
639 1496 871 1551 futurtun
901 1493 1121 1550 secundi
1152 1494 1269 1564 ejus
1293 1491 1553 1547 adventus
1582 1498 1862 1546 memorat.
1895 1489 2033 1559 Quid

450 1590 648 1660 igitur?
677 1604 743 1643 an
782 1604 847 1643 ex
893 1588 986 1642 illo
1014 1596 1254 1656 tempore
1280 1599 1386 1639 non
1414 1584 1550 1639 ultra
1583 1583 1833 1640 viderunt
1871 1583 2034 1640 eum?

448 1680 556 1737 Sed
579 1680 728 1747 illud,
757 1679 978 1745 Anwdo,
1005 1692 1112 1733 non
1137 1677 1280 1732 illam
1312 1676 1495 1731 horam
1522 1674 1805 1746 significat,
1833 1674 1927 1732 sed
1955 1684 2029 1730 to:

447 1780 560 1827 tum
594 1778 801 1842 tempus
841 1769 971 1825 illud
1000 1767 1142 1840 quod
1172 1781 1339 1838 usque
1373 1766 1438 1822 ad
1464 1782 1678 1823 crucem
1730 1766 2028 1824 intercedit.

445 1866 576 1936 Quia
604 1865 747 1922 enim
769 1864 917 1919 illum
946 1877 1160 1933 semper
1189 1859 1288 1916 hac
1315 1859 1383 1915 de
1422 1876 1481 1915 re
1519 1860 1860 1928 accusabant,
1887 1860 2027 1931 quod

443 1959 556 2014 Deo
574 1956 912 2013 adversarius
932 1962 1075 2010 esset
1100 1961 1154 2009 et
1178 1952 1443 2018 inimicus,
1466 1951 1590 2006 hinc
1618 1951 1764 2021 ipsos
1789 1951 1855 2006 ad
1881 1966 2029 2007 amo-

442 2064 558 2105 rem
587 2047 667 2104 sui
702 2047 967 2109 hortatur,
993 2043 1134 2115 quod
1179 2058 1239 2099 se
1284 2042 1425 2098 Patri
1466 2040 1783 2098 concordem
1812 2056 2029 2111 semper

442 2142 792 2204 demonstret,
817 2149 871 2195 et
897 2138 1131 2208 seipsum
1160 2135 1395 2191 declarat
1436 2134 1487 2188 in
1532 2133 1806 2205 prophetis
1828 2133 2021 2189 fuisse:

445 2243 725 2302 propterea
750 2227 935 2285 iisdem
964 2227 1096 2298 ipsis
1113 2227 1276 2283 utitur
1300 2225 1497 2291 verbis,
1525 2224 1716 2295 quibus
1747 2223 2021 2294 propheta.

440 2324 545 2379 Per
570 2322 686 2377 ha-c
718 2322 878 2377 etiam
914 2320 1357 2376 resurrectionem
1400 2317 1776 2384 subindicavit,
1817 2331 2023 2373 necnon

438 2414 733 2472 secundum
749 2412 1035 2469 adventum
1059 2426 1237 2478 suum,
1256 2410 1527 2481 etiamque
1548 2409 1613 2465 iis
1627 2410 1716 2481 qui
1739 2409 2023 2466 admodum

438 2506 696 2563 increduli
727 2513 930 2571 essent,
961 2501 1100 2573 quod
1145 2502 1316 2573 ipsum
1371 2513 1496 2557 tunc
1524 2512 1708 2557 essent
1730 2502 2021 2558 adoraturi.

439 2604 507 2660 Et
531 2602 802 2674 quomodo
850 2598 978 2654 illud
1006 2597 1359 2669 significavit?
1383 2597 1518 2651 Cum
1569 2596 1731 2650 multa
1765 2596 1910 2664 prius
1935 2592 2019 2648 fu-

438 2703 555 2749 tura
590 2693 815 2748 dixisset
848 2708 860 2744 :
905 2689 1047 2761 quod
1076 2690 1337 2745 missurus
1372 2697 1517 2743 esset
1543 2688 1848 2756 prophetas,
1876 2684 2021 2756 quod

432 2784 557 2842 illos
583 2782 916 2839 interfectori
939 2790 1139 2845 essent,
1161 2780 1428 2850 etiamque
1451 2780 1503 2833 in
1533 2779 1849 2851 synagogis;
1876 2780 2017 2851 quod

432 2875 508 2931 illi
535 2885 778 2931 extrema
800 2881 981 2929 essent
1003 2872 1229 2943 passuri,
1247 2872 1389 2943 quod
1406 2870 1597 2926 domus
1615 2870 1826 2926 deserta
1850 2870 2016 2939 foret;

431 2965 574 3038 quod
625 2966 779 3021 malis
829 2964 1158 3036 gravissimis
1207 2972 1389 3020 essent
1436 2962 1791 3032 subjicieudi,
1842 2963 2017 3033 qualia

431 3071 721 3127 numquam
752 3054 977 3110 fuerant.
1012 3054 1138 3109 Haec
1169 3055 1363 3124 quippe
1388 3055 1563 3107 omnia
1602 3054 1689 3108 vel
1718 3063 1895 3109 mente
1924 3069 2015 3110 ea-

432 3149 538 3219 ptis
564 3157 619 3204 et
644 3147 998 3204 eontentiosis
1026 3145 1311 3201 adventum
1334 3144 1452 3215 ejus
1472 3144 1841 3201 demonstrare
1870 3157 2018 3217 pote-

429 3248 572 3296 rant.
605 3238 997 3307 lnterrogemus
1024 3250 1253 3305 namque
1295 3250 1391 3290 eos
1423 3256 1435 3291 :
1478 3235 1686 3290 Misitne
1732 3236 2017 3305 prophetas

433 3342 487 3387 et
512 3331 819 3403 sapientes?
844 3343 1022 3383 annon
1049 3327 1358 3383 occiderunt
1376 3340 1470 3382 eos
1499 3329 1552 3382 in
1583 3328 1908 3398 synagogis?
1934 3344 2016 3383 re-

431 3423 624 3479 lictane
645 3431 727 3477 est
748 3420 938 3475 domus
957 3418 1205 3473 deserta?
1225 3426 1554 3474 veneruutne
1575 3418 1831 3488 supplicia
1855 3410 2016 3490 super

430 3515 829 3587 generationem
856 3511 1039 3567 illam?
1066 3511 1120 3567 ld
1149 3509 1486 3566 manifestum
1528 3521 1673 3565 certe
1698 3519 1801 3576 est,
1832 3527 2013 3569 nemo-

429 3621 535 3677 que
558 3604 905 3660 eoutradieet.
935 3604 1082 3659 Sicut
1101 3618 1229 3674 ergo
1253 3602 1365 3657 hzec
1388 3602 1568 3657 omnia
1598 3613 1914 3671 evenerunt,
1937 3607 2014 3660 sic

430 3706 485 3753 et
530 3697 616 3750 illa
661 3697 930 3761 evenient,
961 3703 1016 3749 et
1064 3701 1186 3748 tunc
1227 3692 1417 3748 cedent
1447 3707 1611 3762 seque
1655 3692 2009 3760 submittent;

430 3788 524 3845 sed
553 3789 682 3843 nihil
709 3787 773 3841 ad
815 3788 895 3843 sui
923 3785 1320 3841 excusationem
1362 3794 1613 3855 poterunt
1658 3786 1927 3857 proferre;
1956 3797 2011 3843 ut

432 3894 606 3950 neque
629 3880 698 3932 illi
720 3877 808 3948 qui
836 3886 1037 3932 eversmâ€˜
1057 3876 1282 3931 civitatis
1302 3891 1459 3932 causa
1494 3887 1616 3933 tunc
1643 3878 2007 3947 paenitentiam

428 3983 673 4044 egerunt.
706 3970 1057 4039 Quapropter,
1090 3968 1261 4024 donec
1289 3976 1495 4038 tempus
1529 3980 1628 4034 est,
1658 3972 1812 4026 bonis
1835 3974 2009 4041 operi-

431 4066 531 4119 bus
577 4077 677 4116 nos
719 4060 996 4115 dedamus.
1039 4058 1490 4126 Quemadmodum
1542 4061 1685 4115 enim
1748 4062 1821 4115 illi
1886 4070 2011 4117 tunc

408 4156 562 4211 'nihil
588 4170 650 4210 ex
678 4152 980 4223 cognitione
1010 4145 1224 4206 fruetus
1248 4152 1569 4221 percipient,
1598 4154 1675 4207 sic
1715 4153 1857 4207 nulla
1885 4162 2011 4210 tunc

432 4250 590 4307 nobis
612 4264 675 4302 ex
709 4245 1017 4317 poenitentia
1056 4244 1122 4300 de
1152 4246 1384 4313 peccatis
1427 4247 1622 4301 utilitas
1648 4248 1904 4303 accedet:
1954 4258 2011 4304 ut

429 4357 605 4413 neque
630 4339 996 4411 gubernatori,
1016 4352 1135 4393 eum
1160 4340 1308 4393 navis
1337 4354 1429 4408 per
1458 4340 1572 4409 ejus
1598 4342 1857 4397 desidiam
1886 4342 2012 4399 sub-

426 4450 602 4491 mersa
646 4442 750 4495 est.
794 4447 894 4487 nec
941 4430 1170 4498 medico,
1216 4440 1338 4502 post
1382 4435 1562 4502 aegroti
1615 4445 1838 4490 mortem
1872 4456 1883 4491 :
1916 4438 2008 4492 sed

432 4542 617 4582 omnes
666 4534 792 4579 ante
838 4524 997 4578 finem
1050 4523 1178 4577 nihil
1228 4540 1331 4578 non
1380 4526 1670 4582 machinari
1702 4538 1756 4583 et
1800 4533 2006 4601 operari

430 4626 660 4688 oportet,
692 4625 749 4669 ut
780 4631 845 4669 ne
870 4616 919 4667 iu
954 4614 1242 4683 perieulum
1274 4616 1356 4671 vel
1388 4618 1767 4686 turpitudinem
1797 4619 2007 4676 decida-

428 4718 554 4763 tur:
586 4716 767 4778 postea
796 4707 937 4760 enim
984 4707 1069 4761 illa
1105 4708 1281 4761 omnia
1314 4718 1439 4763 sunt
1468 4710 1691 4765 inutilia.
1728 4712 1835 4767 Nos
1863 4724 2007 4771 certe

428 4801 644 4872 quando
692 4810 1029 4869 aâ€˜grotamus,
1072 4800 1306 4855 medicos
1352 4816 1705 4871 accersamus,
1756 4810 2006 4876 pecunias

426 4892 817 4963 impendamus,
841 4890 1211 4960 assiduamque
1240 4907 1457 4960 operam
1489 4894 1697 4962 demus,
1724 4907 1780 4951 ut
1810 4914 1873 4952 ex
1917 4915 2007 4953 ne-

430 4987 592 5055 quitia
620 4994 922 5053 surgentes,
954 4982 1077 5037 inde
1118 4984 1230 5037 sani
1280 4985 1628 5052 recedamus;
1672 4996 1727 5043 et
1756 5000 2005 5059 quantam

427 5078 566 5130 circa
623 5082 812 5130 servos
867 5082 1077 5129 nostros
1125 5089 1303 5129 curam
1363 5076 1746 5147 impendimus,
1780 5096 1899 5135 eum
1954 5084 2006 5136 in

412 5169 670 5223 morbum
716 5155 1021 5231 inciderint,
1054 5174 1248 5220 tantam
1275 5167 1411 5221 circa
1439 5184 1539 5223 nos
1571 5170 1714 5239 ipsos
1752 5172 2004 5229 exhibea-

428 5276 569 5324 mus,
601 5274 723 5313 eum
760 5259 938 5312 anima
968 5266 1206 5327 aegrotat.
1244 5259 1403 5328 Atqui
1432 5260 1585 5315 nobis
1623 5261 1751 5332 ipsis
1792 5267 2006 5335 propin-

429 5358 638 5421 quiores
681 5365 885 5418 sumus,
914 5368 1071 5422 quam
1120 5353 1310 5416 servis,
1360 5363 1413 5407 et
1458 5357 1768 5424 corporibus
1816 5361 2009 5414 anima:

430 5444 831 5517 praistantiores
860 5454 981 5499 sunt
1013 5464 1026 5510 ;
1074 5454 1307 5501 attamen
1339 5446 1424 5502 vix
1468 5462 1645 5516 parem
1677 5464 1859 5507 curam
1903 5452 2009 5507 im-

431 5539 731 5605 pendimus.
780 5536 889 5592 Nisi
922 5540 1060 5593 enim
1110 5540 1163 5595 id
1214 5555 1355 5596 nunc
1403 5540 1679 5610 faciamus,
1729 5556 2008 5617 postquam

482 5714 490 5739 '
536 5707 701 5757 Morel.
727 5710 891 5763 habet,
919 5722 1065 5770 neque
1090 5724 1117 5758 a
1143 5712 1467 5773 prementibus.

1140 282 1195 339 S.
1237 280 1513 338 JOANNIS
1553 279 2017 338 CIIRYSOSTOMI
2061 280 2375 337 ARCHIEP.
2419 280 2951 339 CONSTANTINOIâ€˜.

3628 286 3729 342 63$

2152 394 2576 463 decesserimus,
2632 396 2773 451 nulla
2830 396 2984 452 nobis
3041 395 3360 463 relinquitur
3410 398 3741 459 defensionis

2151 484 2310 539 ratio.

2220 579 2273 632 4.
2304 577 2538 633 Animam
2553 596 2733 635 curare
2752 581 3063 653 negligentes
3080 581 3474 654 redarguuntur,
3503 584 3738 640 modum-

2148 686 2244 741 que
2266 672 2542 726 curationis
2567 674 2826 728 docentur.
2861 704 2930 714 â€”
2958 674 3154 744 Ecquis
3185 677 3257 733 ita
3283 678 3468 744 miser,
3494 680 3727 752 inquies.

2149 768 2206 815 ut
2237 776 2340 818 non
2372 777 2550 833 parem
2578 764 2991 822 sollicitudinem
3010 766 3239 823 habent?
3266 768 3375 823 Hoc
3395 781 3543 825 certe
3569 772 3737 826 mim-

2148 852 2252 906 hile
2280 862 2384 920 est,
2415 855 2554 925 quod
2581 870 2680 911 nos
2706 857 2851 926 ipsos
2878 865 3158 929 plusquam
3188 874 3376 916 servos
3406 862 3741 933 negligamus

2146 941 2623 1017 despiciamusque.
2655 946 2791 1003 Nam
2833 950 3005 1006 senis
3046 948 3471 1007 febricitantibus
3496 954 3740 1010 medicos

2143 1031 2488 1102 advocamus,
2518 1036 2873 1093 habitaculum
2907 1039 3035 1111 ipsis
3059 1038 3401 1111 deputamus,
3426 1044 3739 1114 ipsos'artis

2143 1124 2347 1195 legibus
2370 1128 2593 1199 obsequi
2622 1130 2898 1201 cogimus;
2928 1132 2973 1186 si
3006 1132 3279 1204 negligant
3308 1134 3444 1203 ipsi,
3476 1151 3575 1191 nos
3601 1152 3736 1207 gra-

2142 1219 2278 1274 viter
2324 1220 2544 1277 ferimus
2568 1264 2582 1287 ,
2629 1224 2879 1280 custodes
2930 1224 3164 1294 ipsorum
3200 1229 3609 1292 constituimus.
3640 1230 3736 1301 qui

2142 1310 2453 1382 prohibeant
2483 1329 2549 1370 ne
2577 1317 2842 1386 appetitus
2872 1318 2943 1372 illi
2966 1332 3094 1373 suos
3109 1327 3401 1390 sequantur
3425 1338 3439 1375 :
3466 1322 3554 1391 qui
3583 1322 3627 1377 si
3645 1322 3732 1376 dio

2141 1402 2317 1457 xeriut
2346 1405 2524 1474 magni
2572 1406 2727 1475 pretii
2757 1407 3020 1463 medicina
3054 1422 3174 1465 esse
3199 1423 3354 1481 opus,
3384 1410 3611 1466 libenter
3635 1427 3735 1467 an-

2141 1493 2389 1547 nuimus:
2422 1503 2476 1550 et
2501 1496 2754 1567 quidquid
2797 1498 3083 1554 statuerint
3105 1539 3119 1564 ,
3150 1514 3250 1557 nos
3270 1500 3730 1571 obtemperamus,

2136 1593 2295 1655 atque
2336 1584 2639 1657 hujusmodi
2681 1597 2997 1645 statutorum
3042 1591 3344 1648 mercedem
3391 1594 3521 1663 ipsis
3557 1596 3729 1649 solvi-

2136 1690 2274 1732 mus.
2306 1675 2438 1732 Cum
2481 1687 2660 1735 autem
2706 1696 2803 1737 nos
2832 1681 3020 1737 morbo
3050 1682 3391 1749 laboramus;
3417 1686 3524 1741 imo
3564 1702 3727 1741 nutu.

2134 1781 2291 1838 quam
2315 1783 2424 1824 non
2444 1768 2778 1836 laboramus;
2812 1788 2916 1826 non
2946 1772 3209 1829 medicum
3235 1777 3582 1842 aceersimus,
3618 1794 3728 1834 non

2133 1862 2386 1930 pecunias
2411 1862 2765 1934 impendimus
2789 1906 2806 1932 ,
2832 1864 2927 1921 sed
2943 1866 3179 1934 animum
3205 1868 3356 1939 quasi
3378 1870 3650 1939 inimicum
3672 1880 3729 1928 et

2136 1953 2342 2009 hostem
2368 1955 2705 2026 negligimus.
2728 1955 2855 2013 ï¬‚are
2885 1973 3043 2027 porro
3064 1956 3203 2027 dico,
3226 1938 3339 2015 non
3366 1938 3507 2032 qtiod
3536 1977 3724 2019 curam

2132 2042 2274 2097 illam
2320 2044 2462 2100 circa
2506 2059 2694 2102 servos
2736 2047 3029 2104 adhibitam
3073 2049 3371 2121 improbem
3396 2094 3411 2119 ,
3446 2053 3539 2109 sed
3578 2056 3723 2125 quod

2129 2135 2339 2204 cupiam
2363 2146 2423 2193 ut
2448 2153 2628 2209 parem
2657 2140 2844 2197 saltem
2875 2142 3015 2198 circa
3045 2144 3275 2197 animam
3310 2154 3546 2200 nostram
3574 2148 3726 2203 solli-

2128 2227 2415 2285 citudinem
2447 2230 2816 2288 adhibeamus.
2853 2234 2919 2288 Et
2939 2249 3045 2305 quo
3070 2245 3246 2305 pacto.
3280 2236 3520 2307 inquies.
3550 2239 3606 2293 id
3636 2240 3721 2295 fa-

2130 2319 2372 2375 eiemus?
2400 2320 2618 2393 zEgram
2666 2324 2810 2379 illam
2851 2326 3016 2381 Paulo
3045 2327 3301 2388 ostende;
3334 2343 3551 2386 accerse
3578 2330 3723 2386 Mat-

2130 2409 2362 2477 thteum;
2396 2412 2654 2470 Joannem
2700 2416 2938 2472 assidere
2962 2432 3136 2474 cures.
3190 2418 3272 2474 Ab
3308 2420 3412 2475 illis
3438 2420 3559 2476 audi
3588 2423 3717 2493 quid

2130 2501 2220 2557 tali
2244 2502 2432 2560 morbo
2452 2503 2715 2560 laboranti
2740 2507 2809 2561 sit
2830 2507 3149 2563 faciendum.
3178 2508 3360 2565 Dicent
3381 2511 3559 2585 utique
3578 2553 3592 2577 ,
3618 2529 3722 2570 nec

2124 2593 2374 2651 celabunt
2403 2614 2417 2651 :
2447 2611 2551 2651 non
2600 2598 2742 2652 enim
2792 2599 2985 2653 mortui
3016 2609 3175 2667 sunt,
3222 2600 3315 2655 sed
3343 2602 3528 2657 vivunt
3556 2613 3610 2658 et
3634 2604 3718 2659 lo-

2123 2693 2381 2757 quuntur.
2409 2687 2515 2743 Sed
2562 2702 2668 2745 non
2710 2689 2935 2744 attendit
2978 2689 3153 2745 anima
3192 2706 3251 2746 se
3283 2690 3416 2748 febri
3446 2693 3719 2751 detineri?

2124 2776 2208 2832 Ad
2237 2776 2290 2833 id
2320 2777 2466 2833 illam
2496 2788 2551 2833 tu
2575 2793 2727 2849 cnge,
2756 2788 2811 2836 et
2837 2781 3205 2837 rationabilem
3240 2782 3357 2853 ejus
3386 2795 3588 2854 partem
3612 2802 3716 2841 ex-

2122 2870 2247 2927 cita.
2279 2869 2443 2927 Indue
2492 2871 2811 2941 prophetas;
2841 2871 2924 2928 his
2972 2873 3193 2928 medicis
3234 2889 3340 2929 non
3385 2877 3722 2933 numeranda

2122 2962 2347 3031 pecunia
2389 2970 2473 3018 est
2500 2978 2513 3016 :
2546 2978 2718 3034 neque
2747 2964 2889 3019 enim
2937 2963 3270 3031 mercedem,
3299 2982 3470 3036 neque
3500 2967 3709 3039 impono

2120 3065 2235 3107 sam
2262 3052 2484 3124 exigunt
2510 3053 2591 3108 vel
2618 3068 2717 3125 pro
2754 3068 2914 3123 opera
2944 3054 3025 3110 vel
3057 3069 3153 3125 pro
3193 3056 3443 3113 remediis
3473 3059 3605 3114 suis.
3654 3059 3712 3113 In

2123 3144 2498 3201 necessitatem
2530 3152 2706 3201 tamen
2740 3146 2993 3216 impensa:
3022 3155 3073 3202 te
3099 3146 3422 3216 conjiciunt,
3450 3149 3542 3204 sed
3569 3150 3717 3207 elec-

2121 3248 2361 3308 mosynze
2387 3236 2707 3307 erogandae;
2740 3237 2792 3291 in
2815 3237 3024 3292 caeteris
3052 3248 3231 3293 autem
3261 3239 3328 3293 de
3353 3254 3451 3294 suo
3478 3240 3714 3311 largiun-

2122 3333 2209 3380 tur
2240 3341 2402 3382 :cum
2430 3328 2572 3383 enim
2622 3338 2673 3383 te
2716 3338 3075 3399 temperanter
3112 3345 3273 3402 agere
3315 3332 3539 3401 jubent,
3568 3343 3618 3389 te
3644 3336 3712 3389 ab

2121 3419 2507 3490 intempestivis
2533 3431 2587 3476 et
2611 3423 2856 3479 absurdis
2885 3424 3137 3493 impensis
3179 3424 3437 3492 liberant;
3468 3442 3589 3480 eum
3618 3428 3709 3497 ju-

2120 3508 2250 3564 bent
2279 3508 2545 3567 abstinere
2574 3512 2642 3565 ab
2668 3513 2926 3569 ebrietate
2945 3557 2959 3580 ,
2992 3515 3378 3584 opulentiorem
3412 3527 3460 3571 te
3488 3516 3709 3574 faciunt.

2122 3604 2309 3660 Videnâ€˜
2337 3606 2664 3662 medicorum
2687 3617 2854 3663 artem
2877 3650 2892 3674 ,
2917 3609 3005 3677 qui
3033 3624 3153 3663 cum
3177 3611 3403 3664 sanitate
3426 3613 3715 3681 pecuniam

2116 3696 2384 3753 afferunt?
2427 3697 2618 3753 Asside
2662 3700 2819 3770 igitur
2858 3700 2990 3767 illis,
3033 3700 3102 3755 ab
3129 3701 3312 3771 eisque
3357 3703 3504 3757 disce
3534 3704 3706 3759 morbi

2117 3797 2386 3842 naturam.
2437 3788 2682 3857 Exempli
2725 3805 2917 3857 causa,
2965 3805 3114 3845 amas
3144 3794 3395 3861 pecunias
3436 3801 3491 3848 et
3528 3798 3707 3849 avari-

2118 3884 2278 3948 tiam,
2313 3893 2370 3938 ut
2396 3882 2760 3939 febricitantes
2777 3898 2971 3954 aquam
3002 3883 3282 3955 frigidam?
3308 3886 3440 3940 Audi
3470 3887 3595 3956 quid
3632 3888 3706 3942 illi

2115 3974 2323 4029 consilii
2355 3973 2600 4029 aï¬‚â€™erant.
2655 3974 2803 4029 Sicut
2843 3976 2986 4030 enim
3020 3976 3258 4031 medicus
3288 3978 3570 4032 edicitâ€˜tibi
3605 3996 3619 4033 :
3652 3978 3710 4034 Si

2116 4064 2457 4133 cupiditatem
2503 4065 2779 4135 sequaris,
2818 4066 3049 4135 peribis,
3096 4075 3149 4121 et
3198 4068 3326 4121 illud
3374 4076 3531 4138 atque
3576 4069 3711 4128 illud

2120 4157 2240 4211 mali
2279 4157 2368 4212 tibi
2397 4158 2607 4213 eveniet
2638 4174 2650 4211 :
2681 4158 2759 4213 sic
2805 4167 2861 4212 et
2889 4159 3082 4214 Paulus
3111 4175 3123 4211 :
3154 4159 3255 4226 Qui
3298 4162 3452 4213 ditari
3493 4163 3705 4228 uolunt,

2118 4248 2308 4318 inquit,
2340 4248 2568 4302 incidunt
2599 4249 2649 4301 iu
2677 4257 3000 4302 tentattouem
3030 4260 3076 4303 et
3103 4251 3307 4320 laqueos
3338 4253 3526 4306 diaboli
3546 4297 3560 4315 ,
3589 4266 3634 4307 et
3656 4259 3710 4310 iu

2117 4340 2543 4409 roncupiscentias
2571 4339 2754 4393 stultas
2797 4348 2842 4392 et
2878 4342 3092 4406 noxias,
3136 4358 3250 4411 qua:
3291 4344 3340 4394 in
3394 4346 3709 4414 profundum

2114 4433 2343 4487 interitus
2372 4441 2419 4487 et
2446 4432 2741 4501 perditionis
2770 4432 2998 4487 homines
3024 4438 3343 4504 prwcipitunl
3374 4437 3445 4506 (l.
3481 4436 3615 4490 Tim.
3650 4441 3709 4493 6.

2115 4522 2189 4593 9).
2224 4523 2329 4579 Sed
2359 4524 2643 4592 impatiens
2684 4526 2777 4579 es?
2806 4526 2941 4579 Audi
2997 4526 3141 4579 illum
3182 4526 3445 4580 dicentem
3483 4528 3708 4585 :Adhuc

2115 4617 2397 4685 paululum,
2434 4626 2479 4670 et
2519 4618 2604 4687 qui
2638 4626 2871 4670 venturus
2900 4628 2969 4669 est
3010 4618 3197 4680 reuiet,
3239 4628 3284 4669 et
3338 4636 3437 4673 non
3488 4623 3711 4677 tardabit

2116 4706 2311 4776 (Hebr.
2348 4706 2433 4761 l0.
2462 4708 2581 4778 57).
2605 4706 2853 4761 Dominus
2884 4724 3040 4777 prope
3065 4719 3138 4761 est
3166 4726 3181 4761 :
3216 4710 3345 4762 nihil
3368 4711 3574 4765 solliciti
3598 4715 3710 4767 sitis

2116 4797 2373 4866 (Philipp.
2410 4799 2463 4853 4.
2493 4799 2546 4853 5.
2580 4799 2656 4866 Ï).
2701 4798 2770 4852 Î•Î¹
2809 4815 3018 4853 rursum
3052 4818 3064 4853 â€˜.
3096 4798 3327 4853 I'rtvterit
3358 4803 3523 4873 ï¬gura
3554 4804 3711 4874 hujus

2116 4889 2287 4941 mundi
2321 4888 2413 4960 (l.
2444 4888 2561 4943 Cor.
2600 4891 2648 4942 7.
2682 4890 2793 4960 5f).
2826 4890 2940 4943 Non
2976 4892 3117 4945 enim
3172 4894 3411 4962 praecipit
3462 4904 3699 4959 tantum,

2115 4979 2204 5034 sed
2234 4982 2391 5035 etiam
2419 4983 2726 5035 consolatur
2750 4992 2804 5035 ut
2832 4983 3087 5038 medicus.
3123 4990 3197 5038 Ac
3226 4987 3359 5038 Slfâ€˜lll
3394 4989 3583 5042 medici
3609 5005 3700 5057 pre

2115 5070 2317 5139 frigidis
2360 5071 2461 5124 alia
2493 5072 2735 5139 quredam
2768 5075 3069 5143 excogitant
3090 5117 3105 5140 ,
3138 5076 3293 5135 sie.et
3329 5078 3427 5131 iste
3453 5083 3699 5149 concupio

2115 5163 2371 5216 seentiam
2402 5164 2673 5217 transfert.
2710 5164 2799 5217 Vis
2822 5207 2835 5227 ,
2870 5166 3079 5233 inquit,
3112 5166 3415 5222 ditescere?
3460 5170 3516 5225 lu
3550 5171 3707 5227 bouis

2117 5254 2365 5322 Operibus
2414 5254 2563 5309 (lives
2593 5267 2727 5309 esto.
2762 5257 2851 5309 Vis
2898 5259 3176 5312 thesauros
3231 5262 3560 5316 recondere?
3590 5264 3705 5320 Non

2117 5363 2387 5417 repugno;
2414 5348 2503 5401 sed
2539 5350 2587 5402 in
2612 5351 2745 5403 cado
2778 5353 3028 5405 reconde.
3073 5354 3147 5406 Ae
3175 5353 3312 5406 sicut
3352 5357 3591 5411 medicus
3619 5357 3701 5412 di-

2115 5439 2219 5504 cit,
2256 5445 2403 5509 Aqua
2449 5441 2636 5510 frigida
2684 5455 2837 5498 nocet
2870 5445 3151 5510 dentibus,
3203 5449 3414 5512 nervis,
3447 5450 3656 5504 ossibus
3690 5473 3702 5507 :

2115 5544 2195 5584 Î´Î¹Îµ
2220 5542 2273 5584 et
2301 5533 2421 5593 ille;
2472 5533 2686 5588 brevius
2730 5536 2979 5604 quidem,
3033 5554 3151 5591 nam
3206 5538 3446 5593 brevitati
3494 5544 3707 5607 studet,

2118 5621 2210 5674 sed
2242 5623 2437 5677 Clarius
2467 5632 2517 5678 et
2546 5626 2773 5681 validius
2803 5644 2812 5679 Î¾
2851 5627 3018 5679 1á¼¶(Î¹Î¹1á½·.Î¹â€™
3040 5670 3053 5692 ,
3090 5630 3256 5696 inquit
3280 5674 3290 5691 ,
3328 5634 3554 5685 omnium
3589 5653 3703 5687 unt-

2124 5714 2372 5769 lm'umest
2396 5720 2606 5770 avaritia
2632 5719 2703 5789 (Î™.
2733 5721 2857 5772 Tim.
2888 5724 2935 5772 li,
2966 5725 3069 5776 Ï„Ï‰.
3100 5725 3211 5789 Quo
3242 5726 3397 5791 igitur
3425 5730 3708 5782 utendum?
