4074 6472
283 375 399 432 683

286 496 409 553 Hoc
436 513 651 569 quoque
679 496 810 552 dicit
834 513 849 550 :
870 494 1217 559 Sul'lieientia,
1248 490 1483 545 avaritiae
1504 490 1644 551 loco;
1672 485 1897 555 Magnus

281 588 443 644 enim
465 601 686 659 quastus
705 601 780 644 est
798 586 1092 659 suﬁcientia
1114 600 1231 639 cum
1248 585 1433 652 pietate
1453 582 1474 653 (
1502 581 1550 635 1.
1575 577 1712 634 Tim.
1732 578 1783 633 6.
1812 576 1889 647 ϐ).

284 682 451 748 Quod
480 682 524 735 ei
545 696 687 751 :rgre
717 681 875 744 feras,
908 689 961 733 et
991 677 1139 747 plum
1168 676 1478 741 desideres,
1508 671 1734 726 necdum
1771 684 1896 739 pos»

284 774 367 827 sis
409 773 683 842 superﬂua
705 786 933 843 qumque
971 769 1237 839 abjicere;
1284 767 1363 820 sic
1403 771 1753 832 mgrotantem
1781 776 1898 815 mo-

286 879 411 932 net,
444 865 715 937 quomodo
758 865 824 918 iis
868 864 939 918 sit
978 862 1236 917 utendum
1267 878 1283 915 :
1314 857 1383 914 Ut
1425 856 1515 929 qui
1553 855 1794 911 ltetttntur
1843 853 1895 907 in

291 956 731 1026 possessionibus,
765 956 893 1009 sit-ut
924 969 1025 1007 non
1065 952 1296 1007 laetantes
1321 952 1422 1004 sint
1448 964 1468 1004 :
1493 957 1539 1003 et
1563 948 1649 1018 qui
1673 944 1892 1011 habent,

281 1061 551 1117 tamquam
598 1064 699 1101 non
742 1049 1044 1109 retinentes;
1069 1053 1121 1099 et
1145 1042 1236 1115 qui
1271 1050 1483 1096 utuntur
1524 1040 1620 1092 hoc
1667 1035 1892 1107 mundo,

283 1151 553 1208 tamquam
602 1157 705 1193 non
744 1138 995 1207 utantur(
1029 1138 1079 1192 1.
1113 1134 1233 1191 Cor.
1266 1135 1319 1189 7.
1350 1132 1438 1189 50.
1475 1132 1537 1186 51
1646 1128 1893 1183 Vidistin‘

284 1249 413 1304 qtne
441 1231 758 1303 praecipiat?
787 1229 879 1285 Vis
910 1230 1073 1285 alium
1116 1226 1366 1283 inducam
1417 1222 1723 1279 medicum?
1764 1220 1890 1275 Mihi

281 1334 437 1380 certe
466 1324 662 1395 placet.
695 1322 875 1393 Neque
899 1321 1041 1376 enim
1072 1329 1201 1375 sunt
1227 1318 1279 1371 hi
1306 1315 1528 1381 medici,
1565 1312 1783 1383 perinde
1810 1322 1889 1367 at-

282 1434 394 1489 que
422 1432 709 1487 corporum
738 1414 927 1470 medici
951 1457 966 1481 ,
991 1415 1078 1485 qui
1112 1428 1257 1482 same
1287 1426 1400 1483 pne
1432 1408 1629 1463 invidia
1660 1422 1886 1463 concer-

283 1519 485 1573 tantes,
509 1518 765 1577 tegrotum
794 1506 1160 1577 pessumdant.
1181 1510 1250 1557 At
1267 1516 1373 1557 non
1390 1501 1467 1555 sic
1484 1499 1587 1565 isti,
1608 1498 1698 1569 qui
1719 1512 1889 1568 πενο-

281 1619 405 1657 rum
436 1604 663 1657 salutem
707 1608 980 1671 spectant,
1012 1614 1111 1653 nec
1153 1595 1448 1651 ambitione
1488 1592 1776 1647 ducuntur.
1810 1589 1886 1646 Ne

280 1695 465 1766 itaque
491 1696 705 1749 illorum
740 1691 1134 1747 multitudinem
1180 1689 1438 1745 formides
1467 1706 1481 1741 :
1512 1702 1649 1742 unus
1680 1687 1732 1741 in
1762 1701 1885 1741 om-

280 1788 441 1843 nibus
472 1787 705 1856 loquitur
733 1785 983 1855 magister
1011 1782 1279 1839 Christus.

356 1880 409 1935 5.
453 1877 587 1934 Vide
617 1892 804 1932 rursus
830 1877 1121 1930 intrantem
1144 1874 1328 1937 alium,
1357 1883 1409 1929 et
1428 1872 1664 1944 graviter
1685 1869 1754 1927 de
1781 1869 1883 1927 hoc

280 1974 474 2027 morbo
516 1970 821 2040 loquentem
849 2011 864 2031 .
896 1969 1003 2022 imo
1046 1970 1219 2038 ipsum
1252 1965 1396 2020 illius
1424 1980 1519 2020 ore
1546 1963 1875 2036 Magistrum.

280 2064 405 2119 Non
440 2066 647 2135 potestis
678 2066 811 2118 enim
840 2061 946 2117 Deo
983 2062 1166 2117 servire
1210 2071 1255 2116 et
1284 2075 1533 2113 mamona:
1558 2061 1575 2129 (
1604 2058 1795 2115 Matth.
1824 2058 1877 2113 6.

274 2156 347 2212 21
375 2156 415 2226 ).
448 2156 640 2220 Etiam,
670 2156 898 2226 inquies,
926 2153 1019 2209 sed
1046 2150 1317 2224 quomodo
1351 2152 1464 2206 lucc
1494 2150 1695 2206 erunt?
1726 2151 1877 2216 Quo-

277 2248 439 2302 modo
486 2247 972 2316 couculiiscentiam
1025 2244 1397 2313 deponentus‘l
1445 2241 1582 2298 Hinc
1634 2242 1878 2298 ediscere

276 2338 424 2393 licet.
458 2337 525 2391 Et
549 2335 820 2407 quomodo
848 2333 1151 2391 discemus?
1194 2332 1331 2387 Audi
1380 2333 1552 2402 ipsum
1595 2330 1700 2386 hoc.
1736 2349 1874 2400 quo-

274 2447 380 2501 que
410 2430 677 2485 dicentem
704 2446 717 2483 :
752 2426 926 2481 Nolite
950 2426 1292 2480 thesaurisare
1340 2424 1477 2478 vobis
1525 2425 1792 2478 thesauros
1821 2425 1875 2477 in

272 2534 429 2590 terra,
459 2525 545 2578 ubi
571 2541 742 2595 wrugo
776 2534 832 2577 et-
866 2524 997 2576 tinea
1023 2520 1295 2575 demolitur
1314 2561 1329 2585 ,
1359 2528 1403 2572 et
1433 2517 1516 2571 ubi
1559 2520 1697 2589 fures
1740 2516 1871 2582 επο-

272 2618 418 2671 diunt
450 2627 498 2670 et
519 2616 757 2684 furantur
786 2614 804 2685 (
830 2614 1016 2667 Matth.
1052 2614 1103 2666 6.
1136 2610 1203 2666 19
1225 2608 1265 2682 ).
1304 2609 1490 2663 Viden‘
1521 2606 1792 2678 quomodo
1819 2618 1873 2661 et

268 2726 297 2763 a
329 2710 448 2764 loco
466 2719 521 2765 et
546 2724 577 2764 a
601 2706 1006 2777 corruptoribus
1026 2704 1095 2759 ab
1118 2705 1216 2757 hac
1247 2713 1460 2758 terrena
1483 2701 1871 2771 concupiscen-

270 2805 340 2857 tia
370 2810 613 2865 avertat,
646 2810 699 2856 et
748 2800 892 2855 illaut
937 2798 1069 2854 ert-lo
1116 2796 1335 2867 alligat,
1366 2795 1453 2850 ubi
1497 2803 1607 2849 tuta
1645 2793 1870 2849 omnia?

265 2893 321 2949 Si
349 2893 493 2947 enim
518 2934 534 2959 ,
565 2893 769 2962 inquit,
805 2892 899 2946 illo
926 2890 1138 2945 divitias
1171 2888 1506 2944 transferatis
1527 2926 1541 2952 ,
1573 2886 1659 2940 tibi
1694 2901 1868 2956 neque

262 3000 464 3056 terngo,
499 3000 672 3055 neque
696 2985 832 3038 tinea
864 2983 1150 3041 consumit.
1192 2981 1279 3035 ubi
1313 2983 1454 3035 fures
1482 2995 1581 3035 nec
1606 2980 1867 3035 eti'odiunt

265 3092 365 3134 nec
395 3077 672 3144 furantur,
695 3086 750 3133 et
777 3078 919 3132 hunc
944 3075 1222 3145 depelletis
1250 3075 1526 3135 morbum.
1554 3084 1607 3129 et
1632 3074 1863 3128 animam

264 3170 317 3225 in
347 3169 622 3239 opulentia
669 3183 857 3238 magna
888 3167 1248 3222 constituetis.
1303 3164 1384 3219 Ad
1414 3164 1529 3219 hrec
1552 3166 1860 3235 exemplum

261 3263 419 3319 atl‘crt
465 3278 572 3333 quo
626 3274 676 3317 te
726 3276 919 3331 sapere
972 3260 1176 3337 doceat.
1221 3258 1287 3312 Et
1336 3260 1469 3311 sicut
1512 3257 1750 3312 medicus
1809 3264 1865 3310 ut

262 3372 463 3427 :rgrum
498 3364 694 3411 terreat
722 3354 853 3408 dicit
874 3396 888 3417 .
917 3354 1012 3408 ille
1041 3352 1181 3423 quod
1216 3368 1350 3420 aqua
1383 3351 1568 3421 frigida
1598 3360 1858 3417 uti-retur,

263 3448 463 3503 interiit
490 3466 504 3501 :
534 3447 611 3501 sic
638 3457 693 3501 et
723 3446 810 3501 ille
843 3446 1061 3500 di\itcm
1104 3428 1305 3498 inducit
1331 3459 1555 3513 u'grnm,
1585 3443 1674 3512 qui
1703 3453 1756 3497 et
1780 3445 1861 3497 vi-

264 3550 370 3595 tam
399 3549 450 3595 et
475 3538 837 3593 valetudinem
880 3546 1100 3606 cuperet
1123 3579 1138 3603 ,
1166 3551 1264 3589 nec
1296 3535 1530 3605 potuerit
1558 3534 1815 3605 consequi
1843 3575 1856 3597 ,

261 3630 402 3703 quod
429 3630 665 3686 avaritim
691 3629 929 3685 studeret
954 3672 967 3693 ,
998 3628 1092 3683 sed
1127 3628 1214 3697 qui
1247 3643 1445 3681 vacuus
1489 3626 1700 3681 abierit.
1735 3627 1860 3680 Post

262 3724 405 3777 hunc
433 3721 558 3775 item
584 3721 746 3774 alium
777 3720 869 3774 tibi
901 3718 1055 3773 ali‘ert
1084 3718 1218 3772 alius
1240 3718 1567 3788 evangelista
1593 3716 1743 3787 (Luc.
1771 3717 1856 3772 16.

261 3813 395 3883 21),
451 3814 681 3869 ﬂanmiis
707 3812 985 3878 adustum,
1016 3813 1105 3882 qui
1142 3827 1209 3866 ne
1238 3813 1433 3866 stillam
1459 3810 1673 3882 quidem
1704 3827 1858 3881 aqum

262 3904 504 3961 haberet.
545 3904 748 3961 Deinde
784 3903 1075 3960 ostendens
1121 3903 1295 3957 facilia
1325 3918 1444 3958 esse
1478 3912 1741 3972 prmeepta
1768 3902 1857 3957 di-

260 3998 371 4063 cit,
407 3997 661 4065 Respicite
687 3996 914 4051 volatilia
944 3998 1052 4052 εωιὶ
1085 3996 1313 4069 (Matth.
1344 3996 1396 4053 6.
1429 3995 1562 4067 26).
1598 3998 1729 4053 Cum
1760 4013 1857 4050 au-

262 4097 369 4145 tem
402 4088 679 4145 hominum
721 4090 1017 4145 inﬁrmitati
1064 4105 1121 4144 se
1167 4098 1517 4156 attenti-cret,
1568 4106 1635 4144 ne
1665 4089 1858 4146 divites

261 4182 476 4251 quidem
507 4182 796 4250 desuerare
823 4182 970 4239 sinit.
1008 4182 1136 4250 Qut:
1160 4184 1301 4237 enim
1328 4224 1341 4247 ,
1368 4184 1573 4254 inquit,
1604 4183 1745 4253 apud
1767 4190 1858 4239 ho-

263 4318 578 4340 --v-———-

1223 368 1290 427 ΙΝ
1330 364 1733 425 ΜΑΤἹΊΙᾹΞΟΜ
1778 362 2011 420 1103111...
2046 363 2258 419 LXXV.
2291 365 2363 422 al.
2405 312 2644 423 ιέινι.

3517 370 3623 429 (‘86

2010 484 2167 538 mines
2217 484 2550 554 impossibilia
2592 494 2746 552 sunt,
2791 483 3057 555 possibilia
3102 494 3222 539 sunt
3258 483 3399 555 apud
3448 482 3617 540 Deum

2009 579 2174 652 (Luc.
2208 582 2295 637 18.
2326 580 2395 636 ἳἸ
2420 582 2463 654 ).
2497 582 2610 636 Etsi
2639 595 2871 653 namque
2898 579 3049 635 dives
3079 579 3155 634 sis
3178 621 3192 645 ,
3224 587 3399 645 potest
3426 589 3478 633 te
3502 594 3617 632 me-

2007 676 2160 729 dicus
2188 691 2398 730 curare.
2444 675 2629 743 Neque
2652 677 2795 730 cnim
2828 674 3043 729 divitias
3073 674 3325 740 sustulit,
3350 672 3443 728 sed
3472 682 3617 728 vetat

2005 781 2127 821 esse
2158 774 2209 822 te
2240 769 2586 836 pecuniarum
2640 782 2892 830 servum,
2939 775 2995 821 et.
3025 766 3263 819 avaritia:
3310 765 3609 820 addictum.

2004 858 2290 927 Quomodo
2340 869 2513 928 potest
2549 874 2678 929 ergo
2710 858 2864 913 dives
2894 856 3076 912 salvus
3100 858 3258 912 esse?
3282 857 3336 913 Si
3369 857 3458 913 illa
3492 873 3613 927 quae

2006 949 2245 1021 possidet
2272 950 2377 1005 sint
2403 950 2589 1021 egenis
2616 949 2946 1011 communia,
2980 947 3153 1017 qualis
3180 946 3283 1002 Job
3308 959 3423 1004 erat
3441 990 3455 1013 ,
3488 960 3543 1005 et
3568 948 3611 1001 si

2003 1042 2494 1110 concupiscentiam
2525 1040 2757 1110 plurium
2786 1055 3004 1109 semper
3046 1038 3410 1094 habendarum
3442 1056 3605 1110 opum

2003 1133 2276 1199 eliminet,
2306 1143 2364 1188 et
2396 1150 2687 1203 numquam
2736 1134 3104 1189 necessarium
3154 1148 3310 1187 nsum
3359 1134 3601 1190 excedat.

2002 1225 2124 1279 Post
2156 1226 2297 1280 hunc
2323 1227 2415 1282 tibi
2447 1227 2788 1297 publicanum
2818 1236 3083 1281 monstrnt
3104 1269 3120 1293 ε
3144 1227 3233 1297 qui
3266 1226 3334 1280 ab
3363 1230 3621 1283 avaritiav

2000 1314 2149 1371 febre
2174 1318 2280 1370 cito
2314 1316 2571 1371 liberatus
2599 1326 2684 1371 est
2716 1315 2863 1378 (Luc.
2897 1317 2951 1372 5.
2982 1316 3073 1381 27,
3103 1318 3266 1389 sqq.).
3294 1317 3425 1385 Quis
3454 1322 3597 1373 enim

2001 1408 2283 1477 publicano
2326 1409 2455 1463 lucri
2501 1406 2788 1476 cupidior?
2830 1412 3085 1464 Attamen
3131 1424 3264 1480 opes
3311 1409 3599 1479 deposuit,

1995 1502 2118 1570 quia
2149 1501 2337 1556 medici
2370 1501 2577 1572 legibus
2604 1504 2798 1571 paruit.
2830 1502 2964 1556 Nam
2999 1502 3133 1557 tales
3160 1503 3320 1580 habet
3357 1501 3596 1571 discipu-

1996 1594 2075 1648 los
2099 1638 2113 1659 ,
2147 1595 2237 1665 qui
2271 1595 2458 1650 iisdem
2486 1637 2500 1660 ,
2533 1596 2729 1665 quibus
2770 1612 2903 1662 nos,
2952 1597 3153 1651 morbis
3194 1597 3595 1660 laborum-rint,

1993 1695 2045 1743 et
2091 1689 2199 1743 cito
2247 1691 2531 1747 sanitatem
2578 1693 2977 1761 recuperarint.
3030 1690 3388 1761 SiIIgUiOSQIlc
3445 1691 3597 1744 nobis

1991 1782 2260 1849 ostendit,
2323 1800 2390 1840 ne
2434 1783 2803 1856 desperemus.
2837 1784 3144 1855 Vide‘crgo
3185 1783 3326 1839 hunc
3356 1784 3595 1854 publica-

1990 1887 2139 1930 num.
2176 1874 2307 1929 Vide
2355 1892 2542 1931 rursus
2590 1877 2754 1931 alium
2803 1874 3101 1946 principem
3147 1877 3593 1944 publicanorum,

1989 1968 2079 2037 qui
2103 1968 2402 2040 quadruplo
2433 1971 2581 2039 plura
2606 1987 2766 2038 quam
2798 1979 3048 2041 rapuerat
3093 1986 3151 2025 se
3183 1968 3433 2024 daturum
3477 1969 3594 2037 pul-

1958 2134 1961 2137 γ
1990 2060 2249 2115 licebatur
2269 2104 2281 2125 ,
2311 2072 2363 2115 et
2391 2062 2673 2117 dimidium
2706 2064 2969 2118 honorum
3000 2078 3221 2117 suorum
3246 2105 3261 2129 ,
3299 2072 3355 2117 ut
3380 2061 3596 2131 cxi-ipe—

1986 2159 2069 2206 ret
2096 2149 2277 2206 Iesum
2312 2152 2465 2224 (Luc.
2502 2153 2589 2209 19.
2613 2153 2691 2224 8).
2716 2153 2822 2209 Sed
2862 2164 2915 2208 tu
2948 2152 3239 2208 admodum
3291 2154 3463 2207 icrves
3497 2170 3592 2222 pe-

1984 2242 2263 2295 etmiarum
2295 2244 2515 2299 amore?
2564 2244 2694 2312 Quae
2738 2245 2979 2299 omnium
3032 2254 3159 2297 sunt
3185 2244 3339 2314 quasi
3372 2255 3460 2297 tua
3489 2242 3591 2297 ha-

1986 2334 2130 2388 beto.
2162 2334 2295 2390 Nam
2348 2333 2535 2405 plura’,
2586 2352 2746 2406 quam
2793 2337 3029 2406 quau-is,
3079 2335 3150 2390 do
3192 2336 3323 2399 tibi,
3370 2335 3541 2406 inquit
3571 2377 3585 2397 ,

1981 2426 2107 2481 dum
2160 2427 2384 2482 divitum
2438 2430 2715 2494 omnium,
2763 2430 2851 2500 qui
2905 2445 3002 2500 per
3038 2429 3224 2485 orbem
3275 2438 3437 2492 sunt,
3493 2429 3587 2484 tibi

1978 2518 2169 2576 domos
2197 2521 2398 2589 aperio.
2425 2520 2555 2575 Nam
2586 2520 2686 2588 Qui
2714 2523 2972 2592 reliquerit
3000 2532 3216 2593 patrem,
3236 2533 3323 2576 aut
3348 2532 3584 2584 matrem,

1977 2620 2065 2664 aut
2088 2628 2236 2681 agros
2256 2654 2269 2675 ,
2297 2623 2384 2665 aut
2413 2613 2619 2667 domum
2644 2656 2657 2678 ,
2687 2613 2980 2684 centuplum
3008 2614 3224 2685 accipiet
3252 2612 3469 2682 (Matth.
3496 2614 3584 2669 19.

1976 2702 2047 2758 Ξ9
2070 2706 2109 2772 ).
2142 2704 2214 2757 Ita
2252 2722 2358 2759 non
2388 2706 2626 2777 pluribus
2658 2715 2862 2761 tantum
2896 2707 3118 2772 frueris,
3155 2707 3250 2762 sed
3283 2718 3337 2761 et
3367 2722 3582 2776 gravem

1976 2795 2115 2852 hanc
2145 2796 2288 2851 sitim
2321 2798 2542 2853 omnino
2572 2800 2875 2870 restingues
2896 2841 2910 2864 ,
2944 2809 2993 2853 et
3025 2800 3208 2854 omnia
3250 2797 3410 2854 facile
3441 2799 3583 2853 feres

1973 2903 2094 2942 cum
2123 2904 2230 2943 non
2264 2888 2428 2944 modo
2458 2890 2613 2961 plura
2646 2906 2753 2945 non
2781 2889 3063 2946 desideres
3086 2932 3099 2957 ,
3131 2889 3227 2946 sed
3277 2906 3343 2944 ne
3362 2889 3579 2961 quidem

1974 2980 2278 3035 necessaria
2311 2995 2474 3049 srepe.
2501 2980 2593 3036 Sic
2621 2981 2814 3036 Paulus
2833 2982 3058 3048 esuriit,
3088 2990 3146 3037 et
3178 2982 3347 3051 magis
3375 2982 3544 3052 gloria
3567 3011 3579 3019 -

1974 3069 2147 3133 batur,
2180 3087 2338 3141 quam
2372 3090 2492 3125 cum
2520 3073 2829 3127 conroderet
2860 3072 3135 3141 (Philipp.
3161 3074 3210 3126 4.
3244 3075 3335 3142 11)
3367 3090 3379 3124 :
3410 3072 3579 3141 siqui-

1969 3163 2091 3217 dem
2122 3174 2177 3218 et
2204 3165 2403 3218 athleta
2431 3165 2519 3233 qui
2553 3174 2831 3218 couccrtut
2859 3174 2910 3219 et
2936 3175 3227 3218 coronatur
3248 3207 3261 3228 ,
3291 3181 3397 3218 non
3426 3180 3577 3235 qun:-

1971 3256 2037 3309 t'it
2071 3256 2236 3311 otium
2272 3266 2326 3310 ct
2365 3257 2634 3326 quietem;
2683 3258 2765 3311 vel
2815 3268 3123 3323 mercator,
3172 3259 3261 3327 qui
3311 3260 3575 3312 marinum

1968 3348 2379 3404 mercimOnium
2402 3356 2484 3403 est
2507 3363 2816 3419 aggressus,
2851 3364 2956 3402 non
2986 3349 3178 3420 quaerit
3217 3350 3385 3403 otium
3425 3350 3578 3405 dein-

1966 3456 2113 3510 ceps.
2147 3441 2213 3495 Et
2246 3455 2344 3495 nos
2378 3441 2539 3511 igitur
2562 3483 2575 3509 ,
2611 3442 2652 3495 si
2685 3441 2996 3510 spirituales
3036 3439 3245 3496 fructus
3276 3452 3332 3494 ut
3364 3451 3580 3510 oportet

1966 3541 2240 3603 gustemus
2264 3574 2279 3599 ,
2316 3542 2443 3588 tunc
2473 3534 2761 3603 praesentia
2792 3533 2973 3586 omnia
3016 3548 3115 3601 pro
3157 3531 3326 3587 nihilo
3350 3532 3577 3588 habebi-

1968 3640 2107 3687 mus,
2135 3624 2432 3679 luturorum
2456 3623 2751 3695 cupiditate
2779 3640 2876 3680 ceu
2905 3624 3137 3695 quadam
3167 3625 3367 3695 Optima
3395 3626 3574 3681 ebrie-

1968 3724 2077 3775 tate
2098 3719 2258 3788 capti.
2290 3717 2581 3774 Gustemus
2606 3718 2789 3789 igitur,
2817 3728 2874 3771 tit
2903 3734 2931 3771 a
2966 3722 3194 3772 tumultu
3227 3721 3571 3787 prmsentium

1967 3813 2297 3875 liberemur.
2348 3824 2403 3869 et
2451 3812 2626 3867 futura
2669 3827 3068 3883 consequamur
3112 3810 3274 3879 bene,
3304 3813 3470 3883 gratia
3517 3824 3576 3869 et

1966 3905 2297 3976 benignitate
2329 3904 2540 3959 Domini
2587 3904 2763 3959 nostri
2789 3903 2916 3959 Jesu
2944 3903 3144 3958 Christi
3167 3946 3181 3969 ,
3206 3905 3292 3959 cui
3324 3904 3492 3975 gloria
3519 3914 3575 3958 et

1966 3999 2251 4069 imperium
2270 4041 2283 4067 ,
2313 4014 2457 4053 nunc
2485 4007 2539 4053 et
2565 4012 2801 4069 semper,
2828 4007 2881 4053 et
2910 3998 2962 4052 in
2992 3999 3186 4053 saecula
3222 3998 3566 4053 smculorum.

1964 4094 2156 4148 Amen.

1383 4390 1729 4452 HOMILIA
1778 4390 2037 4451 LXXV.
2086 4391 2172 4453 al.
2219 4393 2511 4455 LXXVI.

261 4532 390 4588 CAP.
418 4531 512 4587 ει.
538 4550 591 4588 v.
625 4535 679 4589 1.
729 4533 793 4588 Et
850 4551 1074 4605 egressus
1122 4532 1275 4588 Jesus
1320 4534 1384 4587 de
1426 4534 1643 4603 templo,
1674 4534 1854 4587 rnnbn-

334 4627 490 4681 labat.
518 4626 584 4682 Et
608 4640 924 4683 accesserunt
966 4629 1033 4682 ad
1076 4646 1187 4682 cum
1207 4628 1447 4697 discipuli
1464 4631 1591 4698 ejus,
1616 4640 1668 4682 ut
1693 4639 1857 4684 osten-

332 4721 506 4775 derent
526 4720 572 4774 ei
592 4721 954 4790 aedificationes
1000 4722 1192 4791 templi.
1223 4721 1277 4777 2.
1311 4721 1413 4777 Ille
1455 4733 1622 4776 autem
1649 4740 1857 4793 respon-

336 4813 459 4868 dens
479 4812 607 4867 dixit
632 4814 704 4867 eis
728 4829 747 4868 :
774 4813 957 4867 Nonne
983 4814 1160 4867 videtis
1188 4818 1295 4867 haec
1321 4816 1529 4869 omnia?
1555 4814 1713 4869 Amen
1742 4816 1855 4868 diro

334 4904 471 4961 uoltis
490 4947 504 4971 ,
555 4921 655 4960 non
692 4907 1002 4977 relinquetur
1028 4906 1111 4960 hic
1142 4906 1273 4977 lapis
1304 4924 1456 4977 super
1499 4909 1741 4979 lapidem,
1772 4910 1856 4979 qui

334 5015 433 5054 non
460 4999 769 5053 destruatur.

336 5093 389 5146 1.
429 5090 695 5158 Quoniam
725 5092 972 5162 superius
996 5092 1133 5146 dixit
1166 5110 1178 5145 :
1208 5092 1539 5164 Relinquetur
1576 5094 1754 5147 domus
1778 5110 1859 5147 υμ-

265 5194 366 5240 stra
397 5184 618 5249 deserta,
664 5194 715 5239 et
762 5186 1041 5239 innumera
1086 5185 1215 5255 ipsis
1258 5187 1393 5242 mala
1445 5189 1853 5256 praeuuntiavit;

268 5278 386 5330 hinc
418 5276 662 5344 discipuli
698 5276 783 5331 his
813 5278 1027 5345 auditis,
1057 5294 1154 5333 ceu
1181 5279 1511 5335 admirantes
1537 5282 1717 5350 templi
1751 5282 1856 5350 pul.

268 5370 621 5425 claritudinem
656 5372 1027 5426 monstrabant
1058 5372 1127 5436 ei,
1157 5383 1209 5425 et
1240 5373 1569 5444 ambigentes
1594 5391 1719 5429 num
1752 5384 1856 5429 tam

267 5464 472 5534 egregia
505 5465 727 5517 :cditicia
751 5464 1073 5519 destruenda
1098 5465 1291 5531 forent,
1326 5477 1431 5519 tam
1468 5468 1651 5537 ingens
1684 5478 1855 5523 matc-

272 5558 365 5620 ria,
400 5567 504 5609 tam
540 5555 806 5611 incﬂ'abile
843 5558 1127 5612 artiﬁcium
1162 5576 1173 5611 :
1210 5574 1313 5612 non
1348 5560 1483 5613 ultra
1527 5559 1592 5613 de
1615 5561 1863 5615 vastitate
1896 5584 1899 5585 ν

272 5648 522 5717 loquitur,
578 5648 671 5701 sed
717 5648 983 5703 excidium
1034 5661 1086 5704 et
1141 5650 1560 5705 destruetioncm
1601 5652 1860 5721 prwdicit.

274 5739 453 5794 Nonne
474 5742 650 5795 ridetis
668 5747 775 5795 htec
801 5754 990 5810 omnia,
1017 5744 1204 5813 inquit,
1236 5757 1287 5799 et
1312 5747 1577 5801 miramini
1605 5756 1762 5817 atque
1782 5748 1868 5802 oh-

272 5835 602 5902 stupesdlis?
633 5833 748 5889 Non
764 5837 980 5890 manebit
1003 5837 1132 5907 lapis
1154 5855 1305 5908 super
1321 5840 1561 5909 lapidum.
1582 5843 1859 5910 Quomodo

1965 4538 2125 4609 igitur
2150 4540 2366 4603 mansit,
2412 4540 2642 4611 inquies,
2684 4541 2891 4612 etquid
2922 4541 3022 4597 hoc
3062 4540 3163 4595 sibi
3215 4538 3575 4607 vult?-.'\‘eque

1967 4637 2109 4687 enim
2142 4634 2210 4686 ita
2239 4633 2435 4688 cecidit
2480 4635 2566 4688 illa
2609 4635 2898 4689 sententia.
2946 4634 3041 4690 \‘cl
3086 4630 3451 4686 omnimodam
3480 4631 3575 4685 de-

1967 4725 2286 4781 solationem
2314 4725 2591 4792 declarat;
2622 4728 2703 4781 vel
2726 4727 2793 4782 de
2823 4727 2914 4781 illo
2953 4736 3154 4781 tantum
3188 4725 3307 4779 loco
3334 4724 3482 4790 dicit,
3521 4724 3571 4777 in

1965 4836 2070 4891 quo
2095 4820 2205 4889 ipse
2233 4820 2425 4875 stabat.
2459 4820 2594 4877 Sunt
2623 4821 2767 4874 enim
2799 4820 3044 4891 quasdam
3092 4819 3272 4886 templi
3304 4827 3483 4887 partes
3506 4816 3574 4870 ad

1968 4914 2105 4967 hanc
2135 4929 2302 4983 usque
2319 4913 2461 4967 diem
2494 4915 2703 4981 penitus
2720 4912 2911 4967 delctu-
2932 4911 3178 4981 usquead
3204 4909 3572 4965 fittidanienta.

1969 5005 2045 5059 Ad
2072 5006 2185 5061 hanc
2212 5022 2339 5061 vero
2366 5022 2430 5059 ex
2455 5006 2619 5077 gestis
2650 5006 2907 5060 hactenus
2941 5006 3017 5059 vel
3052 5005 3421 5059 Cottlcntiosos
3452 5019 3573 5059 crc-

1968 5098 2097 5152 dcre
2143 5107 2377 5168 oportet,
2426 5098 2571 5169 ipsas
2604 5099 2857 5168 reliquias
2897 5114 3018 5154 esse
3069 5101 3352 5168 perituras.
3385 5097 3435 5151 5.
3474 5096 3573 5150 Sc-

1967 5190 2114 5244 dente
2142 5202 2311 5245 autent
2338 5193 2449 5259 ipso
2498 5192 2549 5243 in
2599 5190 2777 5244 Monte
2818 5191 3103 5252 olivarum,
3152 5198 3470 5244 accesserunt
3506 5188 3573 5240 ad

1969 5300 2081 5337 eum
2109 5284 2349 5353 discipuli
2371 5293 2563 5337 secreto
2592 5281 2815 5337 dicentes
2840 5299 2857 5336 :
2891 5282 2984 5335 Dic
3018 5282 3159 5335 nobis
3179 5325 3194 5347 ,
3231 5284 3435 5351 quando
3466 5282 3573 5333 hrrc

1969 5374 2153 5427 erunt?
2176 5386 2217 5427 et
2250 5376 2385 5444 quod
2415 5375 2618 5445 signant
2641 5374 2887 5427 adventus
2917 5376 2991 5427 tui
3037 5384 3083 5428 et
3125 5373 3571 5427 ronsunnmuionis

1973 5467 2189 5519 stt-culi?
2218 5466 2339 5521 Ideo
2361 5478 2986 5534 seorsumaccesserunt,
3017 5468 3155 5536 ψιςηι
3178 5467 3242 5520 de
3270 5466 3573 5534 hujusntmli

1974 5560 2135 5613 rebus
2188 5561 2565 5630 interrogaturi
2622 5572 2821 5616 essent.
2881 5562 3185 5615 Admodum
3237 5562 3377 5615 enim
3430 5559 3571 5613 diem

1976 5655 2117 5707 illum
2143 5655 2404 5709 adventus
2431 5653 2547 5724 ejus
2569 5654 2810 5709 ediscere
2836 5654 3117 5725 Cttpirbanl
3148 5699 3161 5718 ,
3194 5650 3333 5720 quod
3366 5665 3574 5705 smmnc

1973 5745 2342 5801 desiderarent
2366 5748 2589 5816 gloriam
2627 5746 2770 5801 illam
2804 5746 2987 5801 videre
3008 5789 3021 5811 ,
3052 5764 3169 5815 quas
3199 5752 3276 5797 tot
3308 5745 3572 5798 boum-um

1974 5855 2133 5895 causa
2160 5839 2331 5893 futura
2362 5850 2522 5895 esset.
2549 5839 2673 5895 ll-.cc
2701 5851 2877 5895 autem
2909 5839 3385 5907 duoiutet't‘ugant,
3421 5852 3590 5908 quan-
