4074 6434
523 317 621 375 687

519 433 713 491 donum
747 433 857 486 luce
881 430 1051 484 futura
1079 436 1278 494 essent,
1303 423 1482 493 templi
1512 435 1701 491 nempe
1729 416 2089 497 desolatio,,et

518 525 658 595 quod
679 525 883 592 signmn
922 520 1182 575 adventus
1224 519 1340 588 ejus
1367 516 1523 571 foret.
1555 512 1726 569 Lucas
1747 508 1896 581 (Cap.
1920 506 2011 562 ει.
2036 503 2091 576 7)

520 632 642 669 vero
682 628 838 669 unam
870 613 1030 667 fuisse
1060 611 1525 681 interrogationem
1546 605 1700 661 aitde
1725 600 2090 672 Jerosolymis,

517 705 654 776 quod
701 713 943 772 putarent
986 702 1085 773 ipsi
1126 711 1251 756 tunc
1294 700 1409 769 ejus
1449 697 1732 753 adventum
1777 693 1908 748 fore.
1952 692 2085 745 Mar-

517 810 611 850 cus
654 795 821 869 (Cap.
855 795 942 851 15.
982 792 1055 864 4)
1096 800 1272 847 autem
1325 805 1429 844 non
1476 789 1605 844 dicit
1647 798 1834 841 omnes
1870 785 2094 835 interro-

514 901 672 956 gasse
711 886 777 941 de
823 884 1275 955 Jerosolymorum
1318 881 1614 940 eversione,
1648 876 1741 932 sed
1786 876 1995 929 Prlruut
2037 882 2093 927 et

517 975 897 1043 Joattncm,qui
925 973 1178 1043 majorem
1210 972 1464 1026 haberent
1486 969 1750 1022 ﬁduciam.
1773 967 1906 1035 Quid
1937 965 2093 1034 igitur

517 1065 679 1138 ipse?
704 1066 759 1121 4.
799 1063 969 1119 Videte
1003 1080 1065 1118 ne
1100 1064 1211 1134 quis
1257 1079 1341 1117 t'os
1383 1060 1609 1114 seducet.
1653 1060 1705 1113 5.
1759 1057 1903 1109 Multi
1959 1056 2090 1109 enim

518 1160 711 1211 uenient
736 1154 789 1209 in
816 1156 1016 1209 nomine
1034 1170 1162 1217 meo,
1196 1152 1414 1206 dicentes
1448 1147 1599 1221 :Ego
1630 1165 1738 1203 sum
1760 1146 2013 1203 Christus.
2045 1155 2091 1197 et

519 1249 706 1301 multos
733 1245 985 1301 scducent.
1019 1245 1079 1319 6..
1100 1244 1334 1297 Audituri
1378 1243 1507 1295 enim
1544 1239 1660 1293 estis
1686 1238 1862 1309 prwlia
1900 1246 1944 1290 et
1977 1235 2092 1302 ορὶο

522 1340 693 1392 niones
724 1330 1037 1407 pra'liorumI
1073 1334 1251 1389 Videte
1278 1349 1339 1388 ne
1385 1330 1647 1385 turbemini
1676 1345 1694 1383 .°
1722 1337 1915 1397 Oportet
1959 1328 2092 1380 enim

520 1432 629 1489 {nec
672 1429 799 1497 ﬁeri,
834 1426 921 1481 sed
959 1426 1181 1481 nondum
1212 1436 1282 1480 est
1311 1424 1445 1492 ﬁnis.
1476 1423 1608 1489 Quia
1639 1420 1779 1475 enim
1808 1420 1876 1473 ita
1917 1417 2091 1471 affecti

521 1529 691 1595 erant,
720 1530 774 1573 ut
799 1519 1107 1588 supplicium
1135 1517 1480 1587 Jerosolymte
1508 1510 1836 1568 inferendum
1860 1510 2090 1564 alienum

522 1629 550 1667 a
581 1628 638 1667 se
662 1626 780 1667 esse
811 1620 1072 1679 putarent,
1100 1618 1153 1663 ct
1177 1608 1327 1679 quasi
1354 1606 1453 1677 ipsi
1482 1614 1637 1660 extra
1662 1604 1916 1658 tumultus
1934 1600 2091 1655 futuri

520 1714 717 1767 essent,
760 1703 827 1759 de
856 1701 1123 1773 prosperis
1152 1701 1324 1755 solum
1368 1697 1704 1767 cogitabant,
1749 1709 1867 1764 quae
1914 1691 2091 1745 omnia

519 1799 627 1851 cito
654 1805 903 1851 eventura
945 1808 1065 1849 esse
1107 1790 1507 1864 exspectabant.
1538 1787 1662 1843 ideo
1707 1785 1836 1855 ipsis
1882 1797 2091 1838 rursum

519 1889 695 1957 gravia
729 1887 1065 1957 pra-nuntiat,
1099 1878 1355 1938 sollicitos
1385 1878 1613 1935 reddens
1635 1918 1652 1945 ,
1693 1886 1748 1931 et
1788 1874 1984 1945 duplici
2025 1873 2093 1927 de

519 1993 675 2033 causa
704 1976 920 2047 vigilare
942 1976 1155 2044 iubens,
1184 1982 1241 2028 ut
1275 1981 1452 2041 neque
1466 1982 1509 2024 'a'
1524 1968 1728 2023 fallacia
1754 1966 2089 2022 seductorem

519 2068 1245 2135 circumvenirentur,neque
1273 2079 1339 2119 ex
1365 2064 1413 2116 vi
1446 2059 1800 2132 ingruentium
1833 2058 2091 2111 malorum

520 2162 891 2220 obruerentur.
936 2159 1170 2227 Duplex,
1204 2157 1406 2227 inquit,
1433 2154 1632 2210 bellum
1677 2154 1811 2223 erit,
1845 2151 2092 2205 seducto-

522 2270 637 2308 rum
682 2262 735 2307 et
773 2251 1136 2314 inimicorum;
1165 2246 1256 2305 sed
1309 2247 1455 2317 prius
1506 2246 1674 2301 multo
1714 2246 1926 2315 gravius
1969 2240 2091 2302 erit,

521 2352 702 2414 utpote
740 2342 880 2414 quod
922 2342 1132 2398 eveniat
1158 2342 1209 2395 in
1247 2338 1559 2395 confusione
1598 2348 1651 2393 et
1699 2335 2121 2406 perturbatione,

519 2450 718 2499 rerum,
766 2434 1071 2489 hominibus
1120 2432 1418 2503 perterritis
1464 2440 1624 2499 atque
1671 2429 1910 2483 turbatis.
1963 2428 2091 2482 Non

521 2538 643 2580 tunc
670 2525 829 2577 multa
856 2532 1137 2593 tempestas
1155 2521 1329 2579 futura
1358 2519 1762 2587 crat,Romanis
1788 2518 2093 2589 imperanti-

521 2617 641 2683 bus,
668 2620 835 2685 captis
864 2616 1100 2681 urbibus,
1142 2616 1423 2669 cmmnotis
1449 2612 1769 2669 exercitibus
1804 2621 1859 2668 et
1907 2612 2089 2674 armis,

522 2708 808 2778 multisque
852 2706 1005 2763 facile
1046 2706 1385 2762 credentibus
1410 2706 1447 2757 ¹.
1498 2704 1638 2759 Bella
1670 2718 1795 2759 vero
1817 2702 2090 2776 Jerosoly-

520 2799 715 2852 mitana
747 2798 893 2863 dicit,
938 2814 1041 2852 non
1086 2807 1260 2851 autem
1305 2806 1551 2850 extranea
1587 2795 1689 2869 alia
1740 2794 1932 2863 ubique
1980 2804 2090 2848 ter-

521 2904 698 2943 rarum
727 2897 841 2943 orta
881 2906 893 2941 :
936 2889 1060 2959 quid
1091 2890 1230 2943 enim
1263 2887 1342 2942 eis
1371 2902 1512 2943 cura:
1540 2888 1607 2941 de
1641 2874 1921 2940 illis'crat?
1948 2886 2093 2939 Alio-

517 2980 645 3050 quin
676 2977 803 3033 niltil
842 2979 1219 3034 nox‘idicturus
1260 2987 1373 3032 crat
1394 3020 1406 3042 ,
1433 2978 1474 3031 si
1505 2977 1641 3031 mala
1676 2977 1821 3031 orbis
1846 2976 2088 3043 dixisset,

490 3146 495 3147 γ
519 3087 636 3141 qute
663 3086 869 3139 semper
896 3072 1110 3126 evenire
1127 3072 1317 3126 solent.
1350 3070 1485 3125 Nam
1511 3079 1564 3124 et
1590 3076 1741 3123 antea
1771 3068 1907 3124 bella
1935 3078 2091 3121 erant

522 3164 776 3219 tumultus
798 3172 845 3218 et
872 3163 1046 3232 praelia
1079 3181 1092 3217 :
1118 3178 1299 3217 verum
1317 3162 1535 3217 Iudaica
1564 3160 1702 3216 bella
1731 3175 1835 3215 non
1865 3160 1956 3215 diu
1973 3169 2094 3229 post

519 3270 737 3311 ventura
769 3255 1086 3325 przunuutiat
1118 3272 1131 3309 :
1154 3254 1264 3325 jam
1305 3255 1445 3309 enim
1476 3254 1541 3309 dc
1572 3252 1717 3308 bello
1746 3268 1865 3307 cum
1896 3251 2090 3305 Roma-

521 3348 603 3400 nis
636 3347 846 3401 solliciti
875 3356 1047 3400 crant.
1085 3347 1346 3411 Quoniam
1380 3345 1680 3415 igiturJtaec
1709 3343 1828 3397 illos
1877 3342 2093 3397 turbare

523 3447 800 3507 poterant,
833 3437 945 3492 haec
973 3437 1146 3491 omnia
1175 3437 1433 3508 praedicit.
1480 3435 1678 3491 Deinde
1708 3435 2009 3504 signiﬁcans
2034 3448 2093 3488 se

518 3549 729 3603 quoque
754 3533 966 3587 Judmos
1004 3547 1376 3603 aggressurum
1403 3570 1417 3596 ,
1449 3538 1503 3585 et
1529 3540 1711 3584 contra
1741 3529 1857 3581 illos
1894 3543 2095 3597 pugna-

520 3638 693 3681 turum
726 3642 861 3693 esse,
889 3642 992 3681 non
1024 3641 1225 3696 pugnas
1249 3625 1422 3679 solum
1444 3632 1739 3685 memorat,
1771 3622 1864 3677 sed
1887 3630 1939 3676 et
1960 3623 2095 3676 divi-

522 3719 660 3772 nitus
706 3718 968 3771 immissas
1010 3717 1209 3787 plagas,
1260 3714 1472 3779 famem,
1535 3713 1879 3782 pestilentias,
1937 3724 2092 3768 terra:

522 3823 713 3871 motus,
746 3811 1029 3865 ostendens
1055 3825 1113 3864 se
1141 3792 1193 3863 et
1223 3808 1463 3863 inimicos
1489 3806 1737 3862 invadere
1758 3807 1962 3871 sivisse,
2000 3821 2092 3861 ne-

517 3890 620 3972 que
652 3904 761 3955 luce
795 3914 990 3955 teuurrc
1023 3901 1154 3964 ﬁeri,
1175 3899 1461 3955 secundum
1492 3907 1799 3953 consuetum
1823 3896 1959 3966 apud
1991 3896 2092 3950 lto-

522 3995 691 4047 mines
721 4009 942 4057 morem,
977 3992 1069 4046 sed
1098 4007 1161 4046 ex
1189 3990 1367 4045 divina
1390 3990 1485 4042 ira.
1521 3988 1642 4041 Ideo
1671 3986 1784 4040 Irec
1826 4002 1934 4040 non
1964 4001 2088 4039 casu

524 4089 632 4143 tieri
656 4087 803 4151 dicit,
846 4096 1018 4155 neque
1040 4093 1296 4153 repente,
1344 4081 1435 4136 sed
1472 4088 1591 4150 post
1630 4079 1768 4133 edita
1814 4080 1985 4147 signa.
2017 4077 2095 4131 Ne

520 4182 757 4234 dicereut
781 4180 920 4232 enim
952 4176 1141 4241 iudici,
1174 4190 1287 4242 eos,
1318 4174 1407 4244 qui
1434 4182 1557 4227 tunc
1581 4172 1889 4234 credebant,
1924 4172 2089 4222 malo-

520 4290 633 4327 rmu
678 4288 794 4328 esse
844 4286 1080 4334 causam,
1128 4269 1248 4324 ideo
1296 4280 1508 4321 causam
1556 4264 1684 4317 illati
1730 4262 1851 4317 mali
1883 4262 2092 4331 aperit:

518 4370 890 4437 Antenqnippe
929 4368 1039 4419 dico
1070 4365 1222 4428 vobis,
1265 4372 1418 4417 antea
1471 4360 1696 4426 dixerat,
1738 4360 1855 4424 quia
1899 4359 2093 4411 venient

519 4462 623 4515 Iure
644 4462 810 4513 omnia
834 4477 982 4524 super
1001 4457 1368 4529 generationem
1393 4456 1541 4507 istam
1568 4454 1586 4524 (
1616 4451 1801 4504 Matth.
1831 4451 1916 4503 25.
1954 4449 2022 4503 56
2052 4451 2089 4519 ).
2120 4518 2123 4519 ν

518 4552 715 4605 οωὰοιιι
762 4552 826 4603 ab
856 4551 985 4618 ipsis
1037 4557 1388 4617 perpetratam
1437 4559 1756 4599 memorans.
1791 4542 1988 4597 Deinde
2029 4557 2094 4595 ne

520 4648 700 4701 audito
737 4656 812 4698 tot
842 4645 1100 4697 malorum
1148 4645 1361 4696 incursu
1390 4648 1635 4709 putarent
1662 4637 2090 4703 praedicationem

522 4737 939 4792 labefactandam
963 4750 1101 4807 esse,
1151 4734 1422 4803 snbjuuxit
1451 4748 1463 4783 :
1506 4728 1674 4783 l’idete
1700 4746 1759 4783 ne
1781 4727 2045 4780 turbemini
2076 4743 2093 4779 :

519 4840 709 4899 spot-tet
738 4828 865 4881 enim
893 4827 999 4878 lucc
1025 4827 1133 4893 ﬁeri
1162 4841 1180 4878 :
1210 4824 1259 4877 id
1303 4831 1412 4886 est,
1467 4836 1583 4891 quae
1620 4836 1718 4890 ego
1766 4819 2004 4888 prardixi,
2034 4832 2095 4869 ac

520 4922 867 4975 tentationuut
898 4920 1138 4971 incursus
1172 4932 1256 4971 res
1300 4931 1329 4969 a
1375 4931 1458 4968 me
1491 4915 1767 4983 praedictas
1794 4927 1896 4965 non
1928 4911 2093 4961 inter-

519 5015 791 5085 turbabit:
824 5013 915 5065 sed
946 5014 1045 5065 erit
1086 5011 1297 5080 quidem
1342 5010 1593 5061 tumultus
1639 5016 1689 5061 et
1746 5004 2089 5073 perturbatio,

516 5124 633 5176 qua)
663 5105 871 5158 oracula
902 5118 1015 5156 nica
1062 5118 1164 5154 non
1194 5103 1453 5169 quatiant.
1504 5097 1703 5151 Deinde
1751 5094 1869 5163 quia
1900 5092 2096 5147 Judmis

517 5200 725 5251 tllXt‘l'lii.
756 5213 766 5249 :
804 5196 920 5249 Non
951 5213 1025 5247 mc
1052 5195 1276 5247 videbitis
1297 5192 1478 5245 antodo
1518 5193 1673 5244 donec
1702 5190 1897 5253 dicatis,
1930 5185 2091 5239 Bene-

519 5292 678 5341 dictus
710 5290 791 5357 qni
840 5292 966 5342 venit
996 5290 1045 5340 in
1093 5288 1290 5339 nomine
1318 5285 1522 5338 Domini
1550 5288 1567 5352 (
1605 5282 1787 5334 Matt/1.
1820 5282 1907 5334 ‘13.
1939 5280 2007 5335 59
2037 5282 2089 5349 );

524 5383 877 5447 pneubanhpu-
907 5380 1148 5447 discipuli
1178 5396 1296 5433 cum
1326 5377 1535 5431 excidio
1568 5376 1724 5430 etiam
1747 5389 2090 5427 consumma-

522 5483 532 5521 t
562 5488 716 5522 «metu
745 5472 874 5529 l‘ot'o,
910 5471 1042 5523 Itane
1076 5488 1257 5525 eorum
1287 5471 1593 5539 opinionem
1615 5468 1907 5537 corrigens,
1943 5466 2087 5517 dice-

520 5566 602 5615 bat
640 5583 651 5615 :
684 5564 789 5617 Sed
831 5564 1052 5614 nondum
1080 5564 1301 5632 cst/ints.
1331 5563 1480 5628 Quod
1522 5571 1693 5614 autem
1746 5560 1792 5613 id
1822 5558 1960 5627 quod
1995 5572 2089 5623 ego

576 5724 592 5753 '
629 5730 738 5786 .ilii,
766 5726 1013 5787 multis;::c
1036 5725 1145 5775 a’iis
1200 5721 1475 5771 instantibus
1516 5720 1921 5783 perturbatis)::sm
1976 5726 2083 5763 catt-

516 5798 595 5831 513.

1216 307 1271 366 s.
1313 304 1586 365 tomus
1614 278 2097 359 lLIiltYSOSTOMl
2137 291 2451 353 AltCltiEP.
2492 299 3019 361 CONSTANTINOP.

3668 311 3789 365 (επεν

2202 408 2309 464 disi
2342 413 2758 482 susiiicarcntur,
2813 434 2879 473 cx
2919 434 3102 474 eorum
3149 420 3559 490 interrogatloitc
3602 422 3770 477 disce.

2198 506 2336 572 Quid
2366 507 2506 560 cnim
2555 508 2994 580 interrogabant?
3044 512 3259 578 Quando
3305 514 3413 568 [nec
3450 517 3635 569 erant!
3674 517 3778 569 hoc.

2198 612 2301 665 ρει,
2332 600 2673 669 Quandonam
2703 600 3029 674 lernsolyma
3055 606 3287 674 peribit?
3314 604 3383 658 Et
3411 608 3545 676 quod
3577 608 3777 677 signum

2198 694 2437 748 adventus
2458 695 2530 747 tui
2556 704 2600 747 ct
2625 690 3068 750 consnnimationis
3104 696 3315 751 εαξεηίἱῖ
3343 697 3460 767 lpSe
3488 714 3615 753 vero
3645 698 3735 750 nili
3762 698 3777 750 l

2198 786 2373 839 statim
2401 784 2465 838 ad
2491 783 2629 838 hanc
2673 784 3138 856 interrogationem
3166 787 3471 857 respondit;
3502 788 3595 843 sed
3630 772 3778 858 prius

2200 874 2284 927 illa
2312 874 2440 929 dicit
2466 892 2584 943 qua:
2613 876 2728 944 plus
2763 876 3018 932 intererat
3060 877 3285 934 discere.
3330 876 3512 960 Neque
3538 880 3683 934 enim
3711 878 3779 934 de

2196 967 2543 1039 Jerosolymis
2580 969 2779 1033 statim,
2827 985 3000 1040 neque
3045 970 3113 1026 de
3141 972 3374 1026 secundo
3403 987 3502 1026 suo
3544 972 3778 1025 adventu

2208 1058 2446 1129 bquutus
2475 1071 2577 1125 est,
2607 1062 2700 1118 sed
2733 1062 2799 1117 de
2826 1064 2979 1118 malis
3010 1081 3127 1132 qum
3150 1064 3259 1133 jam
3289 1064 3530 1134 proxima
3580 1072 3766 1123 erant,

2218 1152 2420 1223 .Icoque
2444 1153 2565 1207 illos
2593 1155 2849 1208 sollicitos
2870 1136 3045 1209 reddit
3082 1155 3267 1210 dicens
3302 1154 3519 1209 :Carete
3559 1172 3625 1207 ne
3665 1158 3780 1220 quis

2195 1259 2280 1298 vos
2305 1244 2531 1301 seducet.
2562 1244 2717 1299 .ilulti
2740 1247 2870 1301 enim
2896 1248 3092 1301 venient
3122 1248 3173 1299 in
3202 1247 3403 1300 nomine
3431 1262 3541 1299 meo
3561 1289 3575 1311 ,
3604 1246 3781 1299 dicen-

2197 1346 2267 1391 tes
2293 1352 2313 1390 :
2336 1334 2449 1408 Ego
2472 1353 2583 1390 sum
2606 1335 2853 1393 Christus.
2875 1337 3072 1392 Deinde
3099 1338 3336 1393 excitans
3359 1337 3475 1390 illos
3496 1336 3561 1389 ad
3588 1336 3777 1390 barum

2195 1443 2371 1482 rerum
2393 1428 2650 1493 auditum,
2680 1426 2873 1494 Cavete,
2909 1430 3097 1499 inquit,
3120 1445 3183 1481 ne
3197 1429 3308 1497 quis
3330 1444 3414 1481 ros
3442 1426 3651 1482 reducat
3676 1443 3694 1479 :
3726 1436 3781 1481 et

2196 1534 2316 1575 cum
2337 1518 2590 1573 sollicitos
2610 1528 2767 1590 atque
2783 1518 2850 1573 ad
2873 1519 3191 1589 vigilandum
3207 1528 3419 1589 paratos
3432 1517 3775 1581 reddidisset,

2195 1622 2475 1681 postquam
2514 1612 2822 1667 seductorcs
2860 1622 2913 1667 et
2952 1611 3409 1680 psemlo—cbristos
3437 1609 3773 1669 mcztzumvit,

2198 1711 2325 1759 tunc
2366 1704 2823 1775 Jcrosolymorum
2880 1704 3013 1756 Iunia
3057 1712 3254 1767 narrat,
3303 1702 3462 1757 exiis
3505 1718 3624 1769 quae
3667 1702 3721 1769 ja
3746 1719 3776 1752 ιι

2197 1806 2485 1852 evenerant
2530 1794 2700 1848 futura
2758 1809 3005 1848 asserens
3034 1794 3170 1863 apud
3218 1794 3432 1847 insanos
3471 1801 3518 1847 ct
3550 1801 3799 1846 Ct)!thtt-.

2199 1891 2389 1944 tiosos.

2267 1979 2323 2035 2.
2366 1980 2509 2033 Bella
2534 1989 2710 2033 autem
2734 1989 2787 2033 et
2811 1978 3096 2061 Opiniones
3124 1976 3401 2037 bellorum,
3424 1984 3481 2029 ut
3505 1976 3616 2044 jam
3639 1975 3774 2037 dixi,

2197 2070 2457 2124 tumultus
2477 2070 2565 2140 qui
2594 2071 2738 2139 ipsos
2768 2068 3001 2123 invasuri
3033 2075 3159 2122 sunt
3199 2076 3371 2121 vocat.
3410 2065 3612 2121 Deinde
3650 2067 3775 2137 quia

2198 2161 2473 2231 putabant,
2505 2171 2564 2215 ut
2589 2159 2700 2215 dixi
2729 2201 2742 2225 ,
2771 2169 2892 2228 post
2923 2156 3119 2213 bellum
3150 2156 3278 2211 illud
3327 2165 3612 2211 venturum
3655 2168 3779 2209 esse

2198 2253 2378 2319 fluent,
2412 2253 2527 2308 vide
2553 2251 2820 2324 quomodo
2868 2249 2989 2303 illos
3033 2247 3380 2318 praemuniat,
3415 2246 3601 2301 dicens
3629 2264 3643 2299 :
3674 2244 3781 2299 Sed

2199 2348 2422 2400 nondum
2450 2353 2522 2399 est
2551 2344 2687 2411 ﬁnis.
2735 2344 2786 2394 7.
2835 2340 3087 2411 Exsurget
3135 2340 3287 2405 enim,
3339 2337 3528 2405 inquit,
3575 2351 3699 2408 gens
3727 2336 3782 2386 in

2197 2449 2392 2511 gentem
2413 2447 2456 2489 et
2482 2452 2690 2505 regnum
2719 2434 2772 2487 in
2811 2447 3036 2501 regnum.
3070 2429 3217 2484 Initia
3246 2427 3587 2482 Judaicorum
3610 2425 3785 2479 male.

2200 2546 2318 2585 rum
2343 2529 2489 2583 dicit.
2513 2528 2563 2583 8.
2600 2525 2723 2580 Ilwc
2749 2532 2915 2578 autent
2945 2521 3112 2575 omnia
3137 2520 3281 2573 initia
3306 2528 3420 2573 sunt
3433 2517 3669 2571 dolorum
3690 2530 3707 2577 ;
3727 2515 3780 2568 id

2196 2631 2299 2684 est,
2326 2634 2509 2676 eorum
2540 2618 2629 2689 qui
2675 2620 2802 2687 ipsis
2844 2614 3084 2672 eventuri
3132 2624 3274 2667 sunt.
3308 2610 3361 2666 9.
3402 2607 3546 2687 Tune
3576 2607 3783 2661 tradent

2197 2729 2285 2767 vos
2313 2714 2363 2765 in
2393 2712 2787 2776 tribulationem,
2813 2720 2859 2763 et
2902 2708 3131 2763 occident
3155 2721 3259 2759 vos.
3293 2703 3603 2771 Opportune
3629 2699 3778 2767 ipso-

2198 2819 2314 2858 rum
2340 2804 2474 2856 mala
2499 2802 2739 2866 inseruit,
2771 2816 2889 2870 qum
2931 2814 2959 2852 a
2994 2792 3366 2853 communibus
3395 2792 3546 2845 malis
3575 2786 3780 2860 aliquid

2197 2894 2580 2951 consolationis
2603 2892 2908 2961 accipiunt;
2944 2876 3041 2943 nec
3073 2886 3197 2941 inde
3236 2894 3485 2948 tantum,
3518 2881 3613 2937 sed
3654 2882 3781 2950 quia

2196 2984 2413 3048 addidit,
2450 2981 2668 3053 Propter
2705 2996 2882 3034 nomen
2929 2994 3130 3032 meum:
3156 2974 3316 3029 Erilis
3338 2974 3479 3029 enim
3504 3013 3519 3038 ,
3564 2971 3777 3040 inquit,

2196 3076 2312 3130 odio
2339 3073 2568 3128 eninibus
2594 3080 2798 3141 promer
2828 3086 3005 3123 nomen
3036 3083 3219 3120 meum.
3252 3065 3338 3120 10.
3358 3062 3514 3123 Tum:
3554 3062 3783 3114 scanda-

2196 3167 2482 3222 lisabuntnr
2534 3164 2718 3229 multi,
2768 3172 2813 3215 et
2857 3160 3064 3213 invicem
3121 3157 3357 3221 tradent,
3392 3156 3478 3210 il.
3532 3164 3575 3207 ct
3630 3152 3784 3206 multi

2198 3256 2591 3329 pseudo—christi
2615 3297 2629 3319 ,
2659 3263 2705 3308 et
2735 3249 3202 3322 pseudo-propheta:
3246 3256 3414 3312 erum,
3455 3255 3499 3298 et
3522 3244 3784 3323 .scducent

2203 3351 2402 3403 inuitos.
2437 3345 2521 3401 l9...
2562 3346 2624 3399 Et
2653 3340 3177 3413 quoniamabundabit
3202 3338 3461 3407 iniquitas,
3490 3337 3783 3407 refrigescet

2198 3441 2385 3493 caritas
2415 3439 2709 3492 multorum.
2744 3436 2831 3489 15.
2868 3433 2965 3498 Qui
3012 3443 3178 3484 autem
3211 3429 3595 3499 perseveraverit
3627 3442 3785 3495 usque

2198 3536 2247 3586 in
2278 3534 2453 3601 ﬁnem,
2480 3532 2559 3583 ln'c
2585 3530 2752 3583 salrns
2783 3529 2892 3581 crit.
2925 3526 3031 3579 lloc
3062 3524 3233 3592 majus
3261 3522 3454 3575 malum
3484 3528 3565 3573 est
3588 3560 3602 3583 ,
3639 3519 3789 3572 intc-

2198 3628 2395 3681 stinnm
2421 3638 2613 3693 nempe
2650 3622 2847 3675 bellum
2882 3618 3075 3675 :multi
3124 3616 3263 3670 enim
3296 3612 3412 3668 falsi
3444 3610 3642 3665 fratres
3667 3608 3783 3662 fue-

2199 3730 2339 3777 runt.
2369 3718 2550 3773 Viden‘
2570 3716 2757 3787 triplex
2794 3714 3011 3778 brllum,
3043 3726 3071 3765 a
3094 3707 3481 3768 seductorilnts,
3507 3704 3574 3758 ab
3603 3703 3781 3759 inimi-

2196 3816 2294 3878 cis,
2323 3828 2348 3864 a
2373 3810 2521 3865 falsis
2550 3806 2833 3862 fratribus?
2862 3804 2992 3858 Vide
3021 3801 3241 3857 Paulum
3258 3800 3357 3853 hoc
3372 3796 3737 3865 deplorantem
3762 3811 3777 3849 :

2201 3904 2351 3960 Foris
2382 3918 2584 3973 pagum,
2618 3902 2751 3954 intus
2780 3899 3003 3962 timores,
3032 3904 3077 3949 et
3110 3894 3334 3964 pericula
3382 3890 3435 3943 in
3476 3889 3623 3957 falsis
3665 3890 3777 3958 [ra-

2200 3998 2354 4052 tribus
2382 3996 2476 4066 (2.
2501 3995 2617 4047 Cor.
2648 3994 2699 4047 7.
2742 3992 2795 4046 5.
2826 3999 2874 4044 et
2958 3990 3044 4042 ll.
3072 3987 3144 4042 ‘26
3170 3988 3187 4055 )
3213 4003 3227 4051 ;
3257 4000 3319 4040 ac
3345 3998 3554 4038 rursum
3583 4002 3595 4032 :
3624 3980 3789 4034 Tales

2200 4091 2329 4142 enim
2358 4087 2477 4155 falsi
2505 4084 2717 4154 apostoli
2744 4091 2877 4146 sunt,
2898 4080 3119 4148 operarii
3143 4077 3327 4141 dolosi,
3359 4074 3780 4142 transformantcs

2200 4197 2251 4234 se
2275 4181 2325 4233 in
2350 4179 2602 4248 apostolos
2632 4175 2815 4229 Christi
2848 4177 2864 4243 (
2900 4171 3033 4225 Ibid.
3076 4172 3163 4224 11.
3213 4170 3279 4223 15
3302 4172 3338 4235 ).
3374 4166 3507 4221 Hinc
3564 4179 3775 4219 rursum

2202 4272 2250 4327 id
2297 4271 2436 4341 quod
2494 4271 2728 4323 omnium
2782 4254 3153 4336 gravissimum
3204 4268 3305 4325 est,
3360 4259 3499 4329 quod
3543 4258 3781 4312 caritatis

2198 4366 2615 4421 consolationem
2660 4377 2763 4414 non
2817 4358 3040 4412 habituri
3074 4358 3197 4409 siut.
3251 4353 3449 4408 Deinde
3488 4350 3780 4406 ostendens

2199 4470 2515 4528 generosum
2545 4464 2599 4507 et
2624 4453 2907 4521 patientem
2944 4449 3064 4499 hinc
3104 4446 3223 4500 lardi
3267 4461 3371 4498 non
3407 4459 3577 4513 posse,
3608 4440 3684 4497 Ne
3715 4444 3779 4496 ti-

2201 4551 2389 4605 meatis
2409 4589 2423 4612 ,
2452 4546 2621 4615 inquit
2645 4587 2657 4607 ,
2690 4558 2861 4611 neque
2893 4540 3199 4594 turbemini.
3230 4537 3282 4592 Si
3311 4536 3452 4591 enim
3480 4550 3781 4604 congruen-

2202 4652 2305 4696 tem
2340 4638 2646 4709 patientiam
2680 4630 3047 4694 exltibtteritis,
3092 4630 3206 4684 iure
3234 4628 3370 4682 mala
3413 4644 3516 4682 non
3552 4641 3777 4695 supera-

2202 4736 2331 4787 bunt
2357 4746 2470 4785 vos.
2498 4729 2773 4797 Hujusqne
2804 4725 2877 4779 rei
2920 4725 3061 4775 clara
3092 4716 3475 4775 demonstratio
3503 4726 3604 4782 est,
3634 4718 3780 4786 quod

2204 4824 2505 4892 prmdicatio
2532 4822 2726 4889 ubique
2758 4833 2850 4886 per
2871 4816 3055 4869 orbem
3087 4810 3373 4881 pervadat:
3399 4809 3468 4864 ita
3502 4808 3777 4862 ευ1›1ἰιιιί·›-

2202 4931 2287 4971 res
2308 4916 2479 4977 eritis,
2504 4928 2669 4983 quam.
2692 4920 2745 4965 ut
2775 4911 2887 4963 lure
2932 4906 3065 4959 mala
3096 4904 3300 4974 possint
3346 4917 3441 4958 vos
3492 4902 3776 4969 attingere.

2204 5012 2279 5067 Ne
2301 5012 2538 5065 dicereut
2566 5006 2728 5069 enim,
2750 5000 3015 5072 quomodo
3038 5015 3163 5068 ergo
3194 4993 3473 5050 vivemus?
3500 4992 3619 5062 plus
3634 4992 3784 5043 addi-

2199 5106 2294 5167 dit,
2333 5103 2395 5156 Et
2422 5100 2609 5153 viretis
2638 5107 2690 5151 et
2718 5097 2912 5163 ubique
2941 5090 3218 5145 docebitis.
3250 5085 3608 5156 Quamobrem
3638 5082 3782 5135 iutu-

2204 5199 2262 5251 lit
2295 5214 2307 5249 :
2342 5198 2425 5250 Η.
2499 5189 2868 5246 Prwdicabitur
2922 5188 3014 5239 hoc
3062 5182 3393 5252 Evangelinm
3444 5178 3497 5230 in
3550 5176 3783 5229 universo

2202 5290 2388 5344 mundo
2414 5292 2459 5340 in
2491 5285 2823 5337 teszimoniuin
2848 5278 3074 5334 onmibns
3104 5273 3327 5344 gentibus
3356 5288 3373 5324 :
3405 5280 3447 5325 et
3472 5280 3590 5321 tunc
3624 5268 3784 5320 vestiet

2194 5385 2337 5451 ﬁnts,
2364 5392 2549 5443 nempe
2566 5362 3055 5423 consummationis
3072 5358 3566 5425 Hierosolymorum
3585 5351 3785 5419 ‘.Quod

2197 5448 2340 5529 enim
2415 5470 2480 5522 de
2513 5466 2604 5517 illo
2637 5464 2743 5516 line
2800 5458 3018 5520 dixerit,
3066 5466 3120 5508 et
3184 5452 3325 5522 quod
3358 5460 3484 5503 ante
3509 5448 3784 5501 excidium

2214 5561 2566 5625 limum-lium
2596 5554 2947 5626 prmdicatum
2977 5547 3159 5609 fuerit,
3186 5543 3311 5598 audi
3336 5542 3463 5612 quid
3481 5541 3625 5595 dicat
3650 5537 3788 5591 Pau-

2275 5696 2284 5721 ¹
2314 5694 2353 5742 Μ
2394 5694 2479 5738 ΜΓ.
2510 5698 2614 5751 post
2644 5690 2877 5755 Saril...”
2926 5686 3065 5749 ﬂuis,
3102 5698 3193 5735 non
3226 5678 3676 5733 consttntmotion’s.
3702 5680 3785 5727 sed

2206 5758 2661 5820 ΗίιΓυῖιιῘει-μωυεη
2705 5752 2837 5800 Lun.
