4074 6466
223 459 328 512 υςθ

227 573 306 620 las
333 587 344 622 :
376 567 436 622 In
469 584 666 622 omnm:
693 574 878 620 terram
905 560 1056 616 exivit
1095 571 1251 612 sonus
1291 567 1462 608 eorum
1493 549 1511 619 (
1547 548 1693 603 Rom.
1727 545 1814 601 iO.

231 666 311 725 ιδ)
341 677 355 724 ;
388 670 440 714 ct
461 673 697 719 rursum,
728 654 992 725 Evangelii
1017 651 1152 722 quod
1172 647 1507 720 puriﬁcatam
1537 652 1608 696 cst
1640 643 1690 694 iu
1712 639 1829 693 uni-

225 769 367 806 rrrsa
399 763 630 806 creatura
656 765 770 818 qua:
798 749 886 801 sub
912 744 1038 800 calo
1067 751 1139 796 est
1187 739 1321 811 (Coi.
1352 739 1403 792 1.
1426 736 1541 804 23).
1573 734 1641 789 Et
1674 732 1825 786 vides

223 862 345 899 ιιιιη
380 841 736 914 JcrOSonmis
781 841 830 893 in
877 835 1184 907 Hispaniam
1233 839 1562 887 currentem.
1595 826 1648 882 Si
1677 825 1822 879 enim

221 953 358 993 unius
391 948 592 991 tantam
621 935 768 988 orbis
798 941 1000 1002 partem
1022 925 1320 995 occupavit,
1349 924 1473 977 hinc
1502 920 1674 989 cogita
1704 933 1824 986 quae

221 1031 309 1081 alii
349 1029 598 1083 fecerint.
649 1026 854 1080 Etenim
897 1022 1015 1076 aliis
1054 1019 1297 1074 scribens
1333 1014 1528 1069 Paulus
1551 1012 1619 1066 de
1642 1008 1820 1061 Evan-

220 1124 362 1194 gelio
389 1121 623 1185 dicebat,
671 1117 812 1189 quod
855 1115 1084 1170 fructum
1118 1111 1252 1165 ferat
1279 1119 1332 1164 et
1361 1113 1568 1160 crescat
1599 1103 1649 1155 in
1677 1099 1822 1153 onini

221 1228 467 1272 creatura
500 1230 620 1284 qua:
661 1214 760 1266 sub
785 1209 915 1265 czclo
947 1205 1068 1277 est(
1099 1205 1231 1259 Ibid.
1253 1219 1299 1257 ιι.
1335 1202 1368 1257 6
1395 1201 1434 1270 ).
1479 1197 1612 1266 Quid
1642 1205 1821 1249 autem

224 1310 350 1366 iilud
384 1319 490 1373 est,
533 1306 600 1361 In
654 1302 990 1360 testimonium
1032 1299 1266 1352 omnibus
1301 1291 1576 1366 gentibus?
1616 1288 1824 1357 Ubique

225 1402 573 1473 praedicatum
621 1406 725 1462 est,
772 1395 866 1451 sed
903 1411 1005 1448 non
1036 1406 1228 1445 omnes
1255 1386 1622 1447 crediderunt,
1649 1395 1823 1450 neque

224 1508 498 1565 receptura
529 1503 609 1547 cst
638 1491 852 1560 ubique.
889 1487 951 1540 In
980 1482 1343 1544 testimonium,
1369 1478 1560 1548 inquit,
1590 1481 1693 1528 crit
1716 1487 1820 1525 non

222 1587 569 1644 credentibus
602 1603 617 1651 ;
649 1585 699 1638 id
731 1591 832 1646 est,
867 1583 916 1634 in
947 1576 1376 1647 rcdorgutionem
1396 1612 1410 1633 ,
1445 1571 1495 1624 in
1521 1566 1822 1623 accusatio-

223 1695 368 1734 uem.
415 1676 480 1730 In
523 1674 906 1729 testimonium:
934 1685 1054 1724 nam
1090 1668 1178 1737 qui
1212 1663 1557 1719 crediderunt
1584 1659 1824 1712 testimo-

221 1774 368 1825 nium
400 1769 570 1823 ferent
595 1775 779 1821 contra
805 1780 898 1818 eos
928 1761 1014 1832 qui
1047 1758 1266 1813 credere
1287 1754 1592 1816 noluerunt,
1613 1758 1666 1805 et
1696 1763 1825 1803 con-

221 1861 557 1918 demnabunt
585 1874 698 1914 eos.
737 1856 968 1925 Ideoque
1003 1863 1281 1922 postquam
1310 1840 1654 1914 Evangelium
1682 1855 1822 1910 prir—

216 1954 456 2008 dicatum
492 1952 588 2005 fuit
615 1965 709 2019 per
738 1956 906 2001 totum
937 1944 1145 2005 orbem,
1169 1939 1500 2008 Jcrosolyma
1527 1933 1821 2003 perierunt,

223 2058 281 2101 ut
305 2062 372 2101 ne
395 2045 642 2099 umbram
665 2040 882 2110 quidem
931 2033 1292 2092 excusationis
1321 2028 1512 2100 ingrati
1542 2027 1619 2080 illi
1654 2023 1823 2079 habe-

222 2147 361 2193 rent.
395 2135 528 2192 Nam
561 2133 648 2203 qui
672 2132 917 2184 viderunt
938 2127 1053 2198 ejus
1077 2123 1364 2194 potentiam
1396 2119 1589 2190 ubique
1621 2116 1826 2185 fulgen-

225 2240 355 2293 tem,
388 2235 444 2280 et
471 2225 620 2295 quasi
675 2223 730 2277 in
792 2230 1073 2275 momento
1131 2216 1264 2270 orbe
1323 2215 1596 2284 potitum,
1662 2220 1822 2277 quam

224 2321 438 2376 veniant
472 2317 698 2372 habeant
725 2315 774 2366 in
796 2312 992 2367 duritie
1017 2305 1333 2364 manentes?
1359 2302 1512 2372 Quod
1540 2301 1684 2358 enim
1709 2298 1826 2355 ubi-

223 2427 328 2482 quc
361 2421 488 2464 tunc
516 2405 860 2476 praedicatum
888 2401 1069 2463 fuerit,
1107 2398 1229 2452 audi
1265 2395 1483 2452 Paulum
1511 2411 1524 2446 :
1564 2389 1827 2460 Evangelii

223 2481 360 2574 quod
382 2501 712 2572 prtedicatmn
738 2507 811 2552 est
841 2497 893 2549 in
923 2495 1156 2548 universa
1183 2499 1439 2552 creatura,
1459 2501 1570 2556 qua:
1590 2484 1681 2539 sub
1702 2481 1826 2537 ca'lo

224 2607 296 2649 cst
328 2593 492 2665 (Ibid.
525 2610 572 2647 ιν.
599 2592 713 2656 ἓὸ).
742 2589 892 2658 Quod
926 2585 1121 2644 Christi
1143 2584 1393 2656 potentia:
1425 2582 1715 2636 maximum
1745 2585 1828 2632 est

224 2695 622 2759 argumentum,
650 2684 790 2756 quod
816 2682 1059 2738 doctrina
1090 2679 1243 2734 annis
1273 2675 1455 2748 viginti
1485 2675 1569 2730 vel
1587 2673 1824 2743 triginta,

223 2781 373 2836 orbis
404 2780 661 2835 terminos
705 2776 1021 2847 pervaserit.
1077 2773 1202 2828 Post
1247 2771 1364 2826 hsce
1413 2769 1592 2840 igitur,
1637 2765 1822 2835 inquit,

223 2875 406 2929 veniet
437 2873 559 2927 linis
587 2869 1065 2939 Jerosolymorum.
1099 2863 1251 2933 Quod
1281 2862 1421 2917 enim
1454 2860 1556 2914 hoc
1582 2855 1824 2913 subindi-

223 2976 330 3032 cet,
360 2972 585 3034 arguunt
615 2961 910 3031 sequentia.
936 2957 1128 3014 Attulit
1173 2956 1315 3011 enim
1365 2950 1697 3022 prophetiam
1727 2992 1737 3008 ,
1771 2955 1827 3001 ut

222 3057 342 3128 ejus
369 3055 639 3111 excidium
671 3060 960 3118 asscreret,
993 3050 1172 3117 aitque
1201 3065 1215 3100 :
1249 3047 1335 3100 15.
1368 3046 1492 3098 (.‘um
1537 3053 1704 3095 autem
1747 3040 1824 3093 vi-

223 3149 399 3202 deritis
428 3146 854 3202 abominationem
895 3140 1240 3202 dcsolationis,
1289 3153 1404 3208 qua:
1447 3136 1581 3188 dicta
1628 3145 1698 3187 est
1740 3147 1828 3200 per

225 3242 496 3297 Danielem
524 3239 846 3309 prophetam,
876 3243 1088 3288 stantem
1131 3232 1182 3284 in
1214 3231 1322 3284 loco
1344 3239 1520 3285 sancto
1547 3245 1564 3283 :
1591 3227 1677 3298 qui
1707 3226 1826 3295 legit

222 3333 475 3402 intelligat
538 3328 698 3400 (Dan.
728 3327 923 3396 9.27).
974 3324 1053 3379 At]
1104 3323 1374 3378 Danielem
1429 3321 1549 3375 illos
1596 3319 1824 3374 remisit.

223 3423 696 3478 Almminationem
727 3429 906 3474 autem
951 3424 1105 3472 vocat
1146 3425 1377 3472 statuam
1414 3413 1530 3484 ejus
1567 3413 1658 3483 qui
1701 3421 1828 3464 tunc

222 3521 413 3574 urbem
443 3525 694 3586 ceperat,
728 3530 886 3586 quam
917 3512 1154 3568 desolata
1189 3509 1320 3565 urbe
1359 3518 1414 3564 et
1457 3507 1657 3577 templo
1685 3507 1827 3560 intus

226 3611 447 3682 posuit,
503 3623 667 3678 quare
732 3605 1189 3662 abominationcm
1247 3600 1598 3658 desolationis
1649 3607 1823 3652 vocat.

227 3702 432 3758 Deinde
463 3711 519 3756 ut
541 3701 826 3765 discerent,
849 3697 961 3752 hate
988 3698 1158 3750 futura
1183 3709 1323 3758 esse,
1345 3691 1615 3747 nonnullis
1639 3703 1828 3746 eorum

223 3797 401 3853 adhuc
432 3795 730 3850 viventibus
749 3833 765 3858 ,
794 3791 928 3847 dixit
953 3808 965 3844 :
993 3791 1118 3846 Cum
1157 3789 1379 3844 videritis
1405 3787 1828 3842 abominationem

224 3887 577 3944 desolationis.

298 3982 352 4035 5.
390 3979 556 4048 Quam
586 3976 813 4048 digit-ilia
843 3984 1069 4044 tempora
1096 3971 1474 4045 predicationis
1503 3969 1826 4040 evangelicae.

225 4073 476 4130 ——Undc
505 4072 642 4143 quis,
668 4084 1011 4140 summopere
1060 4068 1286 4123 miretur
1325 4063 1525 4121 Christi
1575 4065 1828 4118 virtutem

227 4168 555 4234 il'orumque
585 4163 947 4219 fortitudinem
971 4203 985 4227 ,
1019 4160 1162 4232 quod
1195 4160 1392 4215 talibus
1421 4157 1831 4228 prtedicavcrint

229 4257 564 4326 temporibus
589 4297 603 4320 ,
635 4255 827 4324 quibus
854 4255 1084 4308 maxime
1105 4251 1327 4307 Judaica
1359 4250 1826 4319 impugnabautur,

227 4351 445 4422 quando
472 4349 639 4404 Juda-i
669 4358 724 4403 ut
747 4348 986 4403 seditiosi
1015 4346 1459 4410 obscrvabantur,
1489 4343 1830 4413 jusseratque

226 4447 412 4500 Guar
437 4457 626 4498 omnes
659 4438 1024 4496 exterminari.
1060 4437 1401 4508 ldipsumque
1439 4435 1661 4497 accidit,
1692 4449 1754 4488 ac
1784 4433 1827 4488 si

228 4537 370 4608 quis,
398 4534 532 4590 nutri
558 4533 794 4603 undique
821 4531 1074 4611 excitato,
1107 4540 1158 4586 et
1198 4529 1425 4599 caligine
1451 4537 1617 4582 totum
1647 4541 1829 4582 aerem

228 4637 565 4698 occupante,
612 4624 906 4696 naufragiis
957 4621 1363 4694 frequentibus,
1418 4635 1538 4676 cum
1581 4628 1830 4675 vectores

228 4737 422 4778 omnes
453 4719 778 4783 dissideant,
810 4727 866 4773 et
891 4725 1127 4772 monstra
1161 4716 1366 4768 marina
1386 4727 1557 4782 supra
1586 4720 1826 4783 surgant,

230 4834 349 4887 quae
376 4815 536 4870 simul
567 4830 686 4868 cum
719 4812 966 4867 ﬂuctibus
993 4811 1306 4879 navigantes
1333 4806 1700 4876 pessumdent,
1731 4805 1830 4860 ful-

233 4911 468 4964 minibus
508 4907 754 4970 emissis,
785 4904 971 4975 piratis
1011 4901 1383 4957 invadentibus
1404 4942 1417 4964 ,
1447 4909 1500 4954 et
1525 4898 1830 4955 vectoribus

231 5006 330 5059 sibi
362 5012 548 5057 mutuo
580 4998 972 5062 insidiantibus,
1008 4996 1253 5052 homines
1279 4993 1632 5064 navigationis
1659 4992 1829 5060 impe-

234 5099 457 5169 peritus,
489 5095 580 5167 qui
613 5109 711 5150 nec
747 5107 893 5148 mare
933 5090 1208 5153 noverint,
1235 5087 1420 5159 jubeat
1449 5086 1517 5141 ad
1562 5085 1831 5157 guberna-

231 5189 349 5244 cula
393 5188 617 5250 sedere,
659 5185 834 5241 navim
940 5183 1165 5238 bernare
1189 5190 1242 5236 et
1272 5194 1543 5251 pugnare,
1576 5177 1831 5234 classem-

231 5293 337 5348 q-ie
368 5277 642 5347 ingentem
670 5289 732 5329 ex
759 5273 988 5329 adverso
1011 5272 1342 5338 venientem,
1364 5275 1649 5347 validoque
1675 5291 1836 5332 exer-

232 5375 341 5428 citu
393 5373 744 5436 instructam,
787 5370 1037 5426 navicula
1079 5386 1184 5424 una
1227 5386 1378 5436 usos,
1418 5372 1470 5426 in
1505 5388 1613 5444 qua
1650 5381 1829 5443 tanta,

234 5478 292 5522 ut
348 5468 506 5530 dixi,
559 5463 810 5521 confusio
861 5471 1019 5526 erat,
1085 5479 1281 5534 capere
1339 5473 1390 5518 et
1455 5466 1829 5534 submergere.

234 5560 367 5616 Nam
417 5577 446 5615 a
493 5560 750 5631 gentibus
789 5557 917 5613 odio
971 5557 1313 5613 habebantur
1346 5568 1403 5614 ut
1445 5558 1616 5614 Judaei
1652 5601 1667 5625 ,
1716 5570 1769 5615 et
1803 5576 1832 5614 a

235 5655 437 5708 Judzeis
488 5652 892 5718 lapidabantur,
937 5659 998 5704 ut
1042 5650 1134 5720 qui
1177 5665 1307 5704 suas
1349 5651 1493 5720 leges
1538 5648 1834 5722 impugnas

237 5755 394 5798 rent:
457 5756 732 5812 nusquan
785 5756 916 5794 vero
968 5749 1114 5794 stare
1163 5749 1434 5809 poterant.
1496 5741 1588 5796 Sic
1647 5741 1832 5795 omnia

241 5836 772 5908 pi-meipitin,sropttli
793 5845 846 5891 ct
866 5851 997 5890 saxa
1031 5836 1252 5892 latentia
1282 5846 1458 5896 erant.
1489 5837 1544 5890 in
1584 5837 1835 5901 urbibus,

243 5933 294 5988 in
321 5934 480 5993 viris,
507 5933 558 5983 in
602 5931 879 5994 domibus,
923 5930 1233 6001 singuliqua
1278 5931 1402 5986 ilius
1441 5931 1578 5984 bello
1609 5931 1839 6002 impete-

1156 443 1221 499 ΙΝ
1260 435 1670 496 MATTKA'IUM
1714 429 1954 493 HOMIL.
1994 435 2212 492 LXXV.
2255 434 2328 491 al.
2370 431 2608 487 LXXVI.

3430 433 3532 483 Gitt!

1932 549 2089 616 bant,
2109 551 2244 618 dux,
2263 550 2544 622 priuecps,
2564 548 2833 617 privatus,
2851 553 3042 618 gentes
3062 546 3304 616 integra',
3356 546 3545 621 populi

1933 659 2150 709 omnes,
2175 652 2228 697 et
2254 642 2595 711 perturbatio
2613 647 2732 694 erat
2750 647 2956 707 quanta
2978 653 3080 691 nec
3098 640 3266 703 possit
3289 635 3536 688 orationi;

1943 743 2220 814 explicari.
2255 741 2385 796 Nam
2417 757 2666 810 perosum
2711 741 2866 810 plane
2909 755 3025 795 erat
3056 739 3336 796 Judatcum
3379 755 3551 813 genus

1943 835 1994 888 in
2045 835 2290 889 Romano
2335 834 2561 902 imperio
2586 874 2600 897 ,
2631 833 2773 902 quod
2806 830 2952 887 mille
2992 836 3202 902 negotia
3234 836 3544 887 faet~s~eret.

1940 925 2123 997 Neque
2155 936 2331 980 tamen
2363 923 2487 980 inde
2515 924 2879 994 prmdicationi
2905 923 3200 979 nocebatur
3230 941 3242 976 :
3269 925 3362 979 sed
3390 933 3546 994 capta

1941 1021 2075 1073 urbe
2106 1031 2267 1090 atque
2290 1029 2526 1074 cremata
2551 1060 2565 1084 ,
2597 1034 2658 1072 ac
2685 1027 2841 1090 gente
2874 1018 2924 1072 vi
2956 1018 3219 1072 malorum
3251 1033 3506 1087 Oppressa
3529 1058 3543 1080 ,

1942 1112 2063 1166 inde
2094 1110 2316 1180 profecti
2349 1112 2598 1183 apostoli,
2633 1111 2720 1178 qui
2756 1125 2920 1166 novas
2946 1109 3271 1165 inducebant
3303 1110 3446 1175 leges
3479 1110 3494 1141 ¹
3528 1151 3544 1174 ,

1939 1205 2196 1258 Romanis
2224 1205 2573 1272 imperarunt.
2599 1203 2644 1258 0
2681 1219 2766 1257 res
2806 1216 2972 1256 novas
3011 1211 3060 1256 et
3089 1200 3382 1272 stupendas
3414 1200 3545 1254 !.|u-

1937 1297 2176 1350 datorum
2207 1297 2483 1349 innumera
2514 1295 2680 1349 millia
2705 1294 2932 1349 Romani
2959 1299 3241 1364 ceperunt,
3263 1301 3316 1346 et
3344 1290 3548 1346 duode-

1935 1391 2038 1444 cim
2070 1391 2214 1444 viros
2243 1390 2458 1445 vincere
2491 1405 2595 1443 non
2627 1397 2936 1458 potuerunt,
2960 1387 3049 1457 qui
3084 1386 3210 1440 nudi
3238 1384 3354 1440 sine
3381 1386 3546 1438 armis

1935 1498 2056 1536 (‘lllll
2088 1482 2217 1550 ipsis
2246 1481 2555 1552 pugnabant
2583 1483 2594 1534 l
2629 1480 2762 1549 Quis
2787 1494 2972 1534 sermo
3004 1479 3173 1548 possit
3206 1487 3409 1531 tantum
3439 1477 3543 1530 mi-

1936 1575 2177 1629 raculum
2200 1573 2550 1630 describere?
2576 1575 2688 1628 Duo
2712 1572 2854 1628 enim
2881 1573 2995 1627 haec
3020 1570 3340 1626 docentibus
3368 1568 3546 1624 inesse

1935 1678 2184 1738 oportet,
2220 1677 2275 1723 ut
2323 1667 2426 1723 fide
2469 1667 2613 1737 digni
2667 1667 2769 1722 sint
2798 1710 2810 1732 ,
2842 1677 2896 1721 et
2948 1674 3008 1720 ut
3061 1665 3167 1719 sint
3209 1661 3546 1721 auditoribus

1931 1762 2068 1831 grati
2105 1778 2116 1813 :
2151 1761 2214 1815 ad
2249 1760 2363 1815 haec
2390 1775 2518 1815 vero
2540 1801 2555 1824 ,
2585 1770 2643 1816 ut
2668 1760 2909 1815 doctrina
2940 1759 3060 1814 talis
3086 1760 3193 1823 sit,
3237 1773 3357 1829 qum
3390 1755 3547 1811 facile

1935 1854 2266 1918 admittatur,
2301 1855 2626 1924 insuperque
2657 1863 2712 1908 ut
2744 1832 2961 1922 tempus
2982 1853 3051 1908 sit
3080 1853 3307 1908 tumultu
3332 1860 3387 1906 et
3419 1865 3544 1920 per-

1935 1947 2237 2002 turbatione
2293 1963 2539 2003 vacuum.
2593 1948 2745 2002 Tunc
2802 1957 2980 2003 autem
3042 1949 3220 2001 omnia
3271 1945 3541 2000 contraria

1934 2048 2107 2093 erant.
2142 2039 2325 2109 Neque
2354 2040 2496 2094 enim
2528 2039 2630 2095 fide
2659 2040 2804 2111 digni
2846 2054 2966 2096 esse
2999 2038 3319 2094 videbantur
3340 2080 3356 2104 ,
3387 2037 3541 2092 illos-

1933 2146 2036 2202 que
2062 2133 2148 2202 qui
2177 2131 2381 2201 decepti
2413 2130 2627 2187 fuerant
2667 2132 2736 2184 ab
2767 2132 2832 2186 iis
2875 2131 2965 2202 qui
3020 2131 3124 2187 fide
3156 2130 3314 2201 digna
3360 2129 3542 2185 dicere

1934 2223 2279 2293 putabantur,
2315 2240 2344 2278 a
2386 2239 2444 2278 se
2474 2224 2792 2278 avertebant
2823 2242 2836 2278 :
2869 2241 2974 2278 non
3001 2222 3398 2294 diligebantur;
3433 2208 3544 2276 imo

1933 2318 2059 2372 odio
2110 2316 2479 2382 habebantur;
2511 2317 2578 2371 ab
2620 2317 2684 2371 iis
2727 2331 2848 2387 qua:
2893 2316 3128 2371 maxime
3156 2315 3349 2385 placita
3388 2322 3544 2368 erant

1932 2409 2289 2473 abduccbaut,
2324 2424 2352 2461 a
2381 2409 2792 2473 consuetudine,
2822 2423 2851 2462 a
2882 2407 3074 2478 patria,
3097 2422 3126 2461 a
3153 2405 3377 2478 legibus.
3408 2405 3544 2460 Prae-

1932 2512 2084 2571 cepta
2111 2501 2244 2556 dura
2275 2501 2620 2572 diffii‘iliaque
2647 2510 2842 2568 erant,
2875 2516 2995 2572 quae
3023 2515 3154 2556 vero
3185 2497 3544 2570 prohibebant

1934 2596 2208 2665 voluptate
2235 2597 2410 2664 plena.
2441 2595 2602 2652 Multa
2635 2605 2745 2650 tum
2793 2595 2926 2665 ipsi,
2962 2603 3072 2649 tum
3105 2593 3344 2664 ipsorum
3373 2591 3541 2648 disci-

1935 2688 2040 2758 puli
2089 2687 2340 2743 snbib;:nt
2381 2689 2612 2758 pericula
2635 2731 2650 2754 ,
2683 2689 2881 2743 multas
2917 2695 3152 2754 mortes;
3185 2701 3250 2742 ac
3290 2701 3411 2742 cum
3457 2686 3543 2740 his

1933 2782 2182 2837 omnibus
2212 2792 2420 2852 tempus
2453 2798 2700 2851 magnam
2728 2780 2986 2836 aliercbat
3011 2778 3406 2845 difficultatem,
3436 2778 3542 2835 bel-

1934 2874 1999 2929 lis
2031 2874 2234 2929 scilicct
2272 2875 2610 2945 tumultuque
2660 2874 2914 2943 plenum;
2947 2873 3015 2928 ita
3048 2883 3106 2928 ut
3147 2872 3248 2928 etsi
3287 2871 3417 2925 nihil
3451 2886 3541 2925 su-

1935 2968 2292 3036 pradictorum
2343 2968 2641 3035 adfuisset,
2677 2968 2801 3024 hinc
2846 2968 3022 3022 omnia
3060 2965 3262 3022 turbari
3295 2973 3537 3036 possent.

1931 3061 2244 3132 Opportune
2296 3061 2504 3115 dicatur
2537 3078 2550 3112 :
2585 3060 2712 3128 Quis
2742 3061 2976 3128 loquetur
3014 3059 3266 3129 potentias
3305 3055 3537 3122 Domini,

1931 3157 2133 3208 auditas
2177 3155 2327 3225 faciet
2352 3171 2524 3208 omnes
2551 3153 2727 3208 laudes
2753 3157 2861 3222 ejus
2888 3153 2908 3225 (
2943 3151 3086 3207 Psul.
3113 3152 3236 3208 {05.
3272 3151 3331 3219 ‘2’.)
3353 3151 3377 3204 ?
3402 3150 3537 3206 Nam

1932 3245 2329 3300 sicontribulcs
2354 3244 2589 3315 Moysem
2630 3255 2750 3314 post
2802 3254 2874 3298 tot
2924 3245 3067 3298 edita
3104 3245 3253 3314 signa
3303 3260 3406 3297 non
3440 3260 3540 3296 an-

1932 3337 2170 3397 dicbant,
2203 3337 2274 3390 ob
2303 3337 2468 3390 lutum
2496 3344 2552 3390 et
2583 3335 2778 3391 lateres
2806 3335 2954 3405 queis
2998 3335 3417 3405 premebantur;
3445 3349 3540 3390 eos

1932 3432 2022 3503 qui
2054 3431 2292 3502 quotidie
2329 3430 2452 3485 exesi
2498 3439 2552 3484 et
2591 3430 2753 3485 occisi
2794 3428 3130 3485 intoleranda
3161 3428 3536 3500 patiebantur,

1933 3525 2051 3595 quis
2094 3524 2301 3579 induxit
2345 3532 2402 3577 ut
2444 3523 2672 3578 otiosam
2724 3522 2884 3577 vitam
2929 3521 3303 3591 repudiarent,
3336 3528 3391 3576 et
3437 3521 3536 3591 ipsi

1932 3620 2090 3674 aliam
2117 3625 2527 3688 anteponerent,
2556 3616 2828 3687 periculis,
2855 3616 3138 3685 sanguine.
3169 3613 3540 3685 mortibusque

1929 3709 2147 3779 plenam
2177 3727 2188 3761 :
2224 3723 2350 3762 cum
2382 3707 2674 3770 niaximeii
2718 3703 3539 3777 quipraedicabantalienigena:

1935 3798 2306 3867 omnibusque
2321 3791 2553 3866 pret-sus
2585 3796 2793 3851 inimici
2825 3805 3010 3852 essent
3036 3797 3059 3849 ‘t
3089 3794 3144 3850 Si
3173 3795 3296 3864 quis
3320 3795 3375 3850 in
3401 3810 3536 3864 gen-

1934 3904 2032 3958 tes,
2071 3894 2122 3948 in
2150 3893 2331 3955 urbes,
2363 3893 2414 3945 in
2449 3889 2674 3960 populos
2698 3931 2712 3955 ,
2746 3889 2855 3942 imo
2885 3888 2936 3942 in
2971 3902 3129 3940 unam
3157 3884 3534 3941 domunculam

1934 3990 2212 4044 induceret
2243 3987 2412 4041 virum
2440 3984 2691 4040 omnibus
2727 3981 3086 4037 habitantibus
3113 3994 3230 4034 eam
3259 3991 3534 4048 perosum,

1931 4094 1986 4138 et
2020 4097 2116 4151 per
2143 4096 2265 4135 eum
2295 4087 2580 4134 conaretur
2610 4075 2849 4146 singulos
2878 4089 2906 4127 a
2937 4070 3146 4127 dilectis
3187 4068 3473 4132 abducere.
3504 4083 3535 4124 a

1935 4186 2116 4248 patre,
2145 4192 2174 4229 a
2203 4184 2372 4228 matre
2393 4213 2408 4238 ,
2439 4171 2508 4224 ab
2540 4183 2706 4223 uxore
2727 4210 2741 4234 ,
2773 4182 2803 4221 a
2846 4165 3004 4221 ﬁliis:
3040 4179 3217 4218 annon
3259 4161 3346 4217 ille
3386 4170 3540 4216 ante-

1934 4286 2090 4342 quam
2113 4283 2175 4323 os
2203 4266 2438 4336 aperiret
2466 4258 2903 4331 discerperetur?
2931 4257 2990 4313 Si
3014 4249 3194 4310 autem
3216 4255 3296 4308 vir
3323 4262 3378 4308 et
3403 4269 3541 4308 uxor

1932 4362 2091 4420 simul
2124 4361 2424 4430 litigarent,
2453 4370 2630 4410 annon
2672 4353 2754 4407 vel
2788 4351 2932 4422 prius
2975 4363 3135 4419 quam
3169 4347 3330 4402 limen
3360 4355 3541 4399 trans-

1936 4459 2057 4524 iret,
2092 4453 2354 4524 lapidibus
2386 4447 2740 4504 obrueretur?
2769 4444 2825 4499 Si
2857 4451 3035 4498 autem
3070 4440 3159 4495 ille
3185 4455 3282 4510 per
3321 4452 3382 4493 se
3409 4453 3539 4492 con-

1935 4558 2170 4618 temptus
2211 4557 2440 4599 onerosa
2473 4541 2820 4612 przrciperet,
2855 4535 3060 4592 deliciis
3095 4533 3334 4587 fruentes
3364 4531 3540 4602 philu-

1933 4645 2150 4716 sophari
2175 4641 2393 4713 iuberet
2412 4681 2426 4706 ,
2459 4641 2526 4693 ad
2555 4636 2670 4691 h:ec
2698 4648 2827 4688 vero
2856 4641 3043 4687 contra
3077 4628 3245 4684 multo
3271 4625 3458 4697 plures
3489 4632 3539 4678 ct

1935 4738 2185 4793 fortiores
2232 4742 2505 4791 certamen
2556 4728 2957 4790 committeret,
3006 4736 3184 4776 annon
3235 4719 3409 4787 palam
3458 4724 3539 4771 est

1935 4835 2081 4889 illum
2125 4830 2344 4887 omnino
2376 4827 2667 4897 periturum
2703 4820 2862 4877 esse?
2907 4821 3156 4873 Attamen
3192 4811 3324 4869 illud
3365 4814 3539 4883 ipsum

1934 4926 2074 4996 quod
2103 4924 2154 4978 in
2186 4938 2290 4977 una
2317 4920 2477 4974 domo
2507 4917 2619 4972 ficri
2667 4913 2884 4984 nequit,
2911 4909 3160 4967 Christus
3189 4906 3240 4960 in
3271 4914 3382 4960 toto
3410 4903 3543 4958 orbe

1938 5019 2079 5082 fecit,
2111 5031 2205 5086 per
2234 5011 2552 5086 praecipitia,
2579 5023 2676 5079 per
2705 5006 2972 5070 :‘ornaees,
3003 5017 3101 5073 per
3130 5007 3420 5070 prrerupta,
3448 5010 3541 5067 per

1935 5109 2189 5179 scopulos
2214 5150 2226 5172 ,
2261 5121 2358 5176 per
2386 5114 2583 5158 terram
2615 5111 2670 5155 et
2700 5113 2847 5153 mare
2870 5137 2886 5163 ,
2917 5097 3055 5150 inter
3091 5083 3238 5148 bella
3270 5090 3499 5162 plurima
3522 5129 3536 5153 ,

1936 5202 2080 5256 orbis
2107 5199 2342 5254 medicos
2365 5195 2650 5284 inducens8
2662 5193 2791 5259 Quae
2809 5188 2988 5245 omnia
3013 5187 3056 5242 si
3079 5184 3280 5240 certius
3300 5183 3540 5239 ediscere

1940 5295 2100 5352 velis;
2137 5305 2326 5360 nempe
2356 5285 2572 5360 famem,
2603 5283 2984 5356 pestilentiam.
3021 5291 3178 5333 terra:
3210 5287 3409 5341 motus,
3437 5288 3539 5334 cm.-

1939 5398 2184 5455 terasque
2216 5381 2502 5453 tragordias
2527 5421 2540 5440 ,
2573 5378 2659 5432 adi
2687 5375 2905 5445 Iosephi
2934 5370 3210 5428 historiam
3230 5412 3247 5437 ,
3279 5377 3334 5424 ut
3379 5380 3538 5422 accn-
3575 5359 3577 5362 ⁴

1938 5493 2050 5533 rate
2084 5477 2262 5530 omnia
2292 5472 2519 5529 ediscas.
2541 5472 2665 5526 Ideo
2692 5468 2904 5524 dicebat
2933 5468 3022 5521 ille
3054 5483 3066 5519 :
3106 5461 3186 5517 Ne
3215 5459 3537 5516 tcrreumini:

1938 5581 2132 5641 oportet
2162 5571 2294 5625 enim
2329 5569 2499 5622 omnia
2533 5565 2684 5636 ﬁeri;
2714 5573 2769 5618 ct
2793 5606 2806 5628 ,
2839 5561 2944 5630 Qui
2976 5556 3358 5629 perseveraverit
3384 5566 3539 5621 usque

1938 5667 1987 5718 in
2019 5666 2187 5732 ﬁnem,
2220 5663 2300 5715 Itic
2326 5661 2494 5714 salvus
2524 5658 2655 5718 erit;
2681 5665 2756 5718 et,
2792 5653 3162 5709 Pranlirabitnr
3190 5651 3283 5703 hoc
3306 5645 3533 5710 Evange-

1935 5757 2065 5811 liurn
2092 5756 2146 5809 in
2170 5755 2416 5808 universo
2446 5750 2662 5804 mundo.
2694 5747 2822 5802 Illos
2848 5745 2998 5801 enim
3030 5759 3094 5798 ex
3125 5740 3399 5796 dictorum
3430 5741 3543 5790 ter-

1946 5872 2019 5983 ni
2048 5867 2103 5917 In
2145 5867 2322 5919 Morel.
2358 5867 2566 5931 legitur,
2597 5862 2681 5928 qni
2710 5875 2859 5913 novas
2896 5855 3186 5912 inducebant
3223 5853 3353 5918 leges
3376 5856 3546 5900 contra

1985 5943 2199 5982 onmnos.

1985 5943 2199 5982 onmnos.
