4074 6424
625 434 721 488 $91

625 564 745 603 rore
771 549 966 603 fractos
998 550 1313 619 solutosque
1345 552 1408 604 ad
1434 567 1584 620 spent
1620 550 1897 603 meliorem
1932 548 2201 603 convertit

624 642 828 706 dicens,
869 640 1083 696 etiamsi
1126 642 1293 696 millia
1327 641 1502 697 forent
1542 642 1913 701 incommoda,
1947 649 2200 709 oportere

628 739 801 782 tamen
843 730 1182 797 evangelium
1220 732 1501 800 praedicari
1532 746 1626 801 per
1659 738 1831 785 totum
1874 728 2063 783 orbem
2094 738 2202 783 trr-

624 835 826 882 rarnm,
861 835 917 875 et
943 834 1070 877 tunc
1102 835 1391 877 venturum
1427 824 1585 878 finem
1615 838 1756 877 esse.

695 915 745 967 4.
793 913 921 979 Quot
950 915 1079 969 bella
1102 916 1344 984 apostolis
1374 915 1517 966 illata
1556 923 1776 976 (corpore
1803 902 2192 979 prrtdicationis.

624 1004 811 1060 Contra
860 1004 1296 1076 genethlialoyium
1329 1014 1374 1059 et
1404 1016 1682 1072 temporum
1721 1002 2101 1056 rcrolutioncm.
2129 1028 2198 1041 --

628 1082 867 1149 \‘idistin'
891 1096 989 1163 qua
1018 1097 1321 1151 conditione
1348 1104 1457 1150 tum
1486 1110 1571 1149 res
1600 1101 1800 1160 essent,
1830 1101 1885 1146 et
1911 1107 2069 1162 quam
2101 1107 2196 1144 va-

626 1188 700 1242 ria
733 1187 853 1241 belli
889 1187 1067 1252 facies,
1097 1198 1150 1243 et
1189 1188 1301 1243 hinc
1333 1188 1384 1241 in
1416 1185 1695 1255 principio,
1724 1198 1844 1237 cum
1890 1181 1957 1237 ad
1993 1181 2195 1253 singula

624 1278 757 1331 bona
783 1294 940 1347 opera
962 1318 976 1341 ,
1010 1294 1194 1349 magna
1222 1293 1352 1348 opus
1383 1286 1463 1333 est
1496 1274 1920 1346 tranquillitate?
1948 1273 2063 1338 Quo
2111 1287 2199 1327 res

624 1372 674 1425 in
720 1382 856 1425 statu
897 1382 1045 1425 erant
1067 1371 1089 1425 ?
1114 1371 1251 1425 Nihil
1278 1371 1417 1425 enim
1449 1370 1636 1433 obest,
1666 1368 1791 1436 quin
1833 1365 2019 1420 eadem
2050 1379 2197 1417 resu-

624 1476 848 1517 mamus.
874 1463 1105 1517 Primum
1138 1463 1332 1518 bellum
1375 1472 1487 1517 erat
1537 1461 1874 1515 seductorum
1909 1475 1922 1513 :
1964 1456 2192 1520 Veniet".

625 1557 808 1625 inquit,
841 1556 1249 1625 parudo-clrristi,
1282 1566 1326 1609 et
1357 1556 1545 1623 pseudo
1579 1554 1872 1624 prapltetaz;
1902 1549 2194 1605 secundum

629 1646 984 1700 Romanorum
1020 1666 1032 1699 ε
1072 1648 1306 1699 Audituri
1341 1647 1473 1698 enim
1524 1646 1637 1699 estis
1690 1645 1865 1714 prwtia
1887 1659 1906 1707 ;
1938 1640 2191 1704 tertium,

621 1738 757 1803 qunti
788 1739 977 1793 famem
1011 1740 1257 1804 inducet;
1288 1752 1564 1808 quartum,
1593 1739 1730 1807 quod
1777 1736 2100 1806 pestilentias
2141 1744 2194 1789 et

621 1840 773 1885 terra:
802 1843 976 1885 morus
1008 1850 1018 1884 :
1049 1834 1309 1901 quintum,
1345 1831 1778 1886 tribulationum:
1808 1828 2026 1882 Trndcnt
2052 1829 2193 1882 enim

620 1940 701 1976 vos
731 1924 783 1976 in
810 1936 1054 1986 mortem;
1086 1934 1291 1977 sextum
1314 1965 1326 1987 ,
1360 1923 1516 1976 Erilis
1563 1923 1678 1976 odio
1722 1922 1951 1975 omnibus
1990 1932 2193 1990 propter

620 2028 797 2066 nomen
823 2031 982 2068 meum
1006 2031 1025 2078 ;
1053 2016 1335 2085 septimum
1364 2055 1377 2076 ,
1408 2013 1630 2067 Trndcnt
1654 2030 1707 2066 sc
1735 2015 1943 2066 inuicem
1963 2054 1976 2073 ,
2002 2024 2046 2065 et
2075 2012 2193 2065 odio
2218 2039 2233 2047 -

618 2106 861 2159 habebunt
893 2107 1139 2170 invicem;
1170 2105 1254 2161 hic
1282 2106 1475 2160 bellum
1518 2106 1675 2159 civile
1704 2104 1953 2159 declarat.
1991 2104 2192 2159 Deinde

620 2198 1052 2265 pscudo—christi
1096 2208 1151 2254 et
1197 2198 1312 2253 falsi
1355 2198 1546 2253 fratres
1579 2216 1594 2251 :
1629 2210 1807 2267 postea
1838 2239 1853 2265 ,
1888 2198 2192 2267 Rcfrigescet

617 2289 801 2343 raritas
830 2290 1118 2353 mntsorum,
1148 2290 1285 2360 quod
1329 2298 1411 2345 cst
1444 2292 1679 2343 onmimn
1717 2303 1875 2343 causa
1906 2290 2186 2343 malorum.

622 2377 802 2432 \‘iden‘
828 2380 974 2435 tnillc
1010 2380 1266 2436 bellorum
1312 2376 1504 2451 genera
1530 2423 1544 2445 ,
1595 2397 1727 2435 nova
1759 2382 1934 2436 omnia
1976 2390 2030 2437 ct
2069 2391 2186 2436 stu-

616 2468 823 2534 penda?
852 2471 1121 2533 Altamen,
1155 2471 1290 2525 inter
1317 2470 1429 2525 lt:rc
1458 2454 1511 2525 et
1532 2472 1630 2524 alia
1662 2473 1822 2526 multa
1854 2472 1873 2543 (
1901 2489 2018 2525 nam
2043 2472 2187 2526 civili

614 2560 751 2613 bello
780 2560 936 2614 etiam
963 2570 1309 2630 cognatorum
1340 2562 1533 2616 bellum
1556 2575 1663 2618 erat
1698 2564 2026 2633 adiunctum)
2056 2578 2189 2633 pra:-

614 2648 805 2701 dicatio
833 2659 993 2703 totum
1026 2650 1208 2705 orbem
1251 2653 1528 2721 occupavit
1563 2670 1575 2706 :
1605 2670 1725 2707 nam
1755 2655 1848 2718 ait,
1880 2652 2191 2708 Prwdicnbi-

614 2746 693 2789 tur
730 2737 821 2790 hoc
844 2736 1166 2808 Evnngelinm
1215 2742 1265 2793 in
1315 2744 1542 2795 universo
1583 2745 1786 2796 mundo.
1823 2744 1916 2798 Ubi
1947 2745 2185 2814 suntqui

616 2830 819 2895 genesis
872 2822 1198 2901 tyrannidem
1250 2842 1650 2904 l"lll|!0l'|lnlf]ll0
1705 2835 2086 2889 revolutionrm
2132 2837 2181 2889 in

613 2919 863 2974 Eccle~iie
905 2922 1147 2992 dogmata
1187 2924 1415 2978 inferunt
1460 2923 1574 2994 (tt)?
1602 2924 1728 2993 Quis
1774 2943 2021 2997 umquam
2065 2944 2178 2983 mc-

610 3012 861 3076 moravit,
894 3012 1060 3067 visum
1102 3012 1265 3070 fuisse
1304 3016 1570 3069 Christum
1604 3019 1814 3077 'alium.
1850 3019 2184 3090 similemque

608 3118 720 3155 rem
753 3113 806 3156 et
829 3113 1083 3158 eventum
1113 3104 1305 3162 fuisse?
1328 3107 1425 3161 etsi
1459 3108 1561 3162 alia
1589 3111 1750 3163 multa
1782 3110 1913 3164 falso
1941 3118 2178 3177 narrent,

610 3209 798 3262 nempe
827 3206 1039 3250 centum
1080 3211 1338 3252 annorum
1388 3200 1551 3253 millia
1589 3203 1907 3269 praeteriisse
1934 3241 1948 3265 ,
2002 3219 2179 3258 verum

609 3283 738 3338 nihil
766 3283 849 3339 hic
873 3286 1045 3340 simile
1073 3287 1374 3358 contingere
1395 3291 1607 3344 audent.
1640 3290 1804 3358 Quam
1827 3307 1954 3361 ergo
1981 3291 2184 3349 revolu-

607 3376 800 3427 tionem
842 3375 1327 3448 di'xcritis?Ncque
1369 3380 1509 3434 enim
1559 3380 1805 3436 Sodoma:
1857 3399 2027 3452 neque
2075 3384 2180 3440 Go-

608 3464 833 3519 morrba:
883 3480 1075 3532 casus,
1108 3482 1277 3538 neque
1330 3471 1625 3532 diluvium,
1678 3475 1911 3527 secundo
1962 3492 2177 3533 venere.

610 3552 889 3625 Usquequo
915 3571 1041 3627 ergo
1066 3558 1288 3625 ludetis,
1325 3562 1705 3617 reVolutionem
1733 3579 1794 3619 ac
1828 3567 2063 3633 genesim
2095 3568 2176 3623 in-

603 3646 896 3703 decentes?
920 3649 1195 3717 Quomodo
1218 3667 1345 3722 crgo
1370 3695 1383 3717 ,
1416 3654 1625 3724 inquies
1644 3698 1657 3720 ,
1687 3658 1851 3710 multa
1880 3661 2177 3727 pra-dicun-

604 3750 707 3807 tur,
731 3750 783 3795 et
810 3742 1093 3796 eveniunt?
1116 3742 1247 3810 Quia
1275 3756 1326 3799 tu
1350 3747 1570 3815 teipsum
1599 3748 1689 3802 Dei
1717 3750 1911 3803 auxilio
1938 3753 2171 3820 privasti,

603 3841 657 3883 et
702 3840 753 3885 te
790 3831 1095 3900 prodidisti,
1122 3842 1280 3904 atque
1318 3846 1464 3890 evtra
1498 3838 1877 3906 providentiam
1918 3844 2171 3911 posuisti,

602 3921 723 3976 ideo
749 3921 953 3977 diemon
987 3938 1081 3993 pro
1110 3921 1393 3981 lubito'suo
1420 3943 1507 3981 res
1528 3931 1792 3984 convertit
1817 3940 1871 3986 ct
1900 3932 2169 3989 transfert.

606 4011 798 4066 Verum
830 4013 881 4067 id
923 4031 1026 4068 non
1066 4016 1175 4085 agit
1210 4017 1260 4071 in
1306 4019 1523 4079 sanctis,
1568 4019 1676 4074 imo
1725 4036 1895 4091 neque
1938 4024 1987 4077 in
2022 4024 2173 4080 nobis

601 4105 982 4171 peccatoribus,
1003 4106 1089 4177 qui
1122 4106 1207 4160 illa
1233 4107 1517 4163 admodum
1540 4109 1881 4180 despicimus.
1915 4112 2044 4166 Nam
2072 4116 2174 4169 etsi

601 4194 706 4247 vita
736 4204 913 4249 nostra
944 4212 1049 4249 non
1092 4198 1160 4250 sit
1204 4198 1473 4253 toleranda
1502 4242 1513 4264 ,
1545 4211 1776 4255 attamen
1804 4204 1924 4273 quia
1956 4220 2049 4273 per
2081 4205 2171 4261 Dei

598 4287 821 4356 gratiam
852 4288 1086 4342 veritatis
1134 4290 1377 4359 dogmata
1420 4295 1817 4350 accuratiSsime
1848 4298 2166 4365 retinemus,

598 4375 895 4429 drmonum
932 4378 1134 4433 insidiis
1176 4383 1479 4447 superiores
1522 4400 1724 4439 smnus.
1755 4385 1859 4439 Sed
1891 4387 2013 4456 quid
2058 4400 2169 4443 tau-

597 4467 717 4523 dem
764 4478 845 4524 est
872 4469 955 4524 illa
985 4472 1241 4541 genesis?
1280 4474 1421 4530 Nihil
1461 4476 1602 4530 aliud
1642 4494 1797 4547 quam
1838 4478 2088 4550 iniquitas
2117 4493 2171 4537 et

596 4560 873 4630 confusio,
902 4572 956 4617 et
983 4562 1124 4633 quod
1155 4566 1332 4619 omnia
1378 4581 1503 4620 casu
1552 4579 1605 4621 et
1648 4571 1848 4624 temere
1896 4570 2166 4637 ferantur;

598 4652 704 4705 imo
733 4667 836 4706 non
869 4662 1069 4710 temere
1099 4665 1296 4709 tantum
1322 4699 1337 4723 ,
1365 4656 1460 4712 sed
1486 4659 1643 4713 etiam
1671 4670 1855 4715 contra
1886 4662 2167 4718 rationem.

600 4745 761 4812 Atqui
790 4746 835 4797 si
875 4759 980 4799 non
1014 4756 1095 4801 est
1126 4748 1354 4817 genesis,
1380 4748 1607 4819 inquies,
1636 4765 1730 4805 cur
1758 4752 1842 4807 ille
1871 4751 2019 4808 dives
2043 4766 2126 4810 est
2151 4798 2164 4821 ,

597 4838 686 4892 ille
713 4852 910 4907 pauper
931 4838 953 4890 ?
977 4837 1186 4893 Nescio.
1220 4839 1291 4894 ita
1319 4843 1461 4896 enim
1495 4856 1668 4899 tecum
1696 4844 1999 4914 disputabo,
2032 4859 2084 4903 ut
2118 4860 2170 4905 to

595 4930 813 4984 doceam
854 4946 958 4983 non
985 4931 1159 4985 omnia
1202 4933 1279 4987 sic
1306 4935 1513 4990 curiose
1542 4937 1863 5005 exploranda
1892 4955 2039 5001 esse.
2072 4958 2165 4996 ne;

591 5036 693 5090 qnc
719 5021 1038 5075 credendum
1081 5038 1200 5078 esse
1242 5026 1318 5079 sic
1354 5041 1440 5081 res
1467 5035 1664 5081 temere
1692 5028 1836 5083 ferri.
1870 5028 1983 5085 Non
2024 5034 2165 5085 Cllilll

591 5112 710 5179 quia
740 5112 854 5167 hrec
876 5112 1087 5183 ignoras
1106 5158 1122 5181 ,
1153 5114 1318 5170 debes
1355 5131 1416 5171 ea
1453 5132 1571 5187 quae
1596 5134 1721 5175 vere
1751 5136 1858 5175 non
1888 5132 2012 5176 sunt
2040 5137 2167 5176 con-

595 5203 813 5274 tingere.
837 5205 1058 5261 Praestat
1087 5208 1226 5263 enim
1258 5210 1421 5279 probe
1447 5211 1709 5282 ignorare,
1737 5229 1893 5283 «piam
1925 5215 2165 5282 improbe

592 5296 817 5351 discere.
846 5297 977 5353 Nam
1002 5301 1089 5370 qui
1117 5317 1328 5358 causam
1360 5304 1582 5374 ignorat,
1614 5305 1766 5360 facile
1795 5309 1997 5362 ratione
2020 5308 2167 5361 duci-

594 5399 714 5451 tur;
745 5390 829 5457 qui
857 5402 1052 5459 autem,
1079 5396 1201 5464 quia
1231 5410 1409 5449 veram
1448 5411 1550 5451 non
1588 5400 1759 5463 novit,
1800 5398 1983 5453 falsam
2018 5415 2165 5454 com-

592 5479 922 5547 ntiniscitur,
953 5500 1057 5540 non
1107 5486 1261 5543 facile
1291 5490 1484 5558 poterit
1528 5504 1705 5542 veram
1756 5492 2037 5559 accipere,
2067 5494 2159 5547 scd

653 5679 723 5747 (tt)
747 5682 989 5747 Genesim,
1013 5682 1115 5747 sive
1147 5684 1602 5747 genethlialogiam,
1632 5692 1681 5733 et
1720 5683 1846 5747 illam
1890 5693 2159 5745 temporum

588 5742 942 5804 revolutionom
968 5742 1181 5804 exagitat
1211 5742 1596 5804 Chrysostoams,
1624 5754 1676 5795 ut
1717 5746 1842 5795 “iil‘O
1876 5742 2042 5795 contra
2080 5756 2159 5794 ,ιιι-

587 5803 713 5850 eam
743 5811 792 5851 et
814 5804 1043 5869 gentiles.
1067 5803 1117 5852 ‘r.
1146 5806 1190 5861 i,
1217 5803 1339 5869 Coll.
1357 5808 1465 5864 828,
1490 5808 1569 5855 ubi
1586 5803 1757 5855 eorum
1781 5808 1885 5857 illos
1900 5809 2026 5869 agit,
2054 5809 2136 5869 qni

589 5875 743 5920 *ἔντιιά
769 5862 839 5913 vel
861 5865 1103 5916 stellarum
1127 5862 1506 5919 conversionibus
1550 5872 1707 5918 etmtia
1733 5862 2091 5919 adscribEl‘anf.

1382 431 1436 487 s.
1479 426 1754 484 toams
1783 398 2252 479 CHRYSOSTUMI
2301 421 2616 481 ARCllllil’.
2657 424 3188 487 COSSTANTINOP.

3788 438 3887 493 6“!

2310 542 2474 595 multo
2529 543 2730 612 majore
2776 559 2908 613 Opus
2955 545 3170 600 habebit
3220 546 3401 605 labore
3454 550 3791 621 sndoruque,
3840 571 3892 609 nt

2308 632 2534 701 priorem
2567 634 2739 689 deleat
2764 636 3087 704 opinionem.
3122 638 3176 692 lu
3208 641 3550 709 pugillaribus
3575 646 3779 715 quippe
3810 648 3893 700 de-

2306 723 2423 778 lctis
2454 725 2606 779 facile
2635 727 2753 795 quis
2776 727 2875 794 piis
2896 743 3013 797 qua:
3036 730 3263 784 voluerit
3292 732 3489 787 scribet
3518 734 3594 802 (α)
3618 750 3633 798 ;
3668 734 3719 788 in
3765 750 3895 790 exa-

2304 815 2435 870 ratis
2456 832 2581 871 vcro
2611 832 2715 870 non
2750 817 2907 871 item:
2931 827 3139 887 oportet
3166 822 3307 876 enim
3342 823 3569 891 primum
3596 840 3659 881 ea
3686 824 3894 883 delere.

2304 918 2423 973 quae
2452 905 2590 960 male
2614 907 2807 977 scripta
2840 906 3070 963 fuerant.
3096 911 3154 965 lit
3188 911 3326 967 inter
3354 914 3611 979 medicos,
3641 918 3732 984 qui
3765 917 3895 971 nihil

2305 995 2474 1061 atfert,
2508 1006 2723 1066 praestat
2750 998 2798 1052 ei
2830 1000 2917 1069 qui
2957 1001 3248 1069 perniciosa
3280 1006 3496 1059 attulit:
3526 1017 3581 1061 et
3608 1010 3698 1076 qui
3728 1009 3897 1063 inditi-

2304 1099 2389 1141 cat
2415 1105 2522 1143 non
2571 1092 2737 1145 solida
2768 1103 3031 1148 structura
3064 1095 3210 1163 pejor
3240 1097 3333 1151 illo
3360 1108 3441 1153 est
3477 1086 3573 1169 qui
3598 1099 3734 1155 nihil
3765 1116 3895 1156 con-

2302 1178 2489 1243 struit;
2521 1190 2576 1233 ut
2603 1191 2657 1235 et
2688 1191 2825 1235 terra
2856 1200 2975 1253 qua:
3001 1185 3128 1239 nihil
3160 1187 3399 1255 profert,
3433 1190 3622 1245 tuebor
3651 1191 3743 1245 illa
3775 1208 3898 1262 quae

2305 1269 2482 1334 spinas
2522 1271 2706 1340 gignit.
2736 1273 2812 1328 Ne
2840 1275 3016 1345 itaque
3049 1275 3116 1331 ad
3141 1279 3318 1335 omnia
3348 1280 3637 1337 ediscenda
3668 1282 3898 1339 festiue-

2305 1372 2422 1413 mus
2446 1401 2459 1421 ,
2491 1360 2583 1415 sed
2613 1378 2681 1416 ne
2709 1379 2850 1433 ξρετε
2877 1367 3109 1422 feramus
3133 1369 3179 1423 si
3207 1370 3406 1441 aliquid
3437 1372 3748 1442 ignoremus
3773 1392 3789 1440 ;
3824 1391 3897 1430 ne

2302 1450 2345 1503 si
2369 1448 2640 1507 doctorem
2670 1454 2997 1512 inveniamus
3022 1500 3037 1525 ,
3073 1459 3338 1529 duplicem
3370 1461 3443 1516 illi
3476 1462 3774 1519 inferamus
3813 1465 3895 1519 la-

2302 1540 2519 1608 borem;
2555 1545 2660 1597 imo
2690 1562 2816 1600 vero
2859 1550 3008 1603 nnilti
3040 1566 3180 1621 saepe
3211 1552 3490 1608 incuraliili
3520 1556 3709 1611 morbo
3741 1557 3894 1611 labo-

2301 1643 2499 1693 rantes,
2527 1649 2649 1689 eum
2678 1638 2728 1690 in
2762 1654 2917 1707 prava
2954 1640 3194 1710 dogmata
3240 1646 3402 1699 semel
3449 1647 3763 1703 incidissent
3786 1692 3799 1710 .
3834 1650 3890 1704 in

2299 1726 2365 1780 iis
2393 1730 2756 1796 perstiterunt.
2785 1733 2963 1803 Neque
2991 1737 3131 1789 enim
3164 1737 3383 1807 aequalis
3412 1739 3561 1794 l::bor
3600 1752 3683 1794 cst
3737 1743 3888 1811 prius

2298 1818 2526 1874 evellere
2556 1836 2617 1875 ca
2661 1839 2779 1892 qua:
2819 1826 2953 1879 male
3002 1826 3206 1882 radices
3237 1840 3522 1897 posuerant
3545 1872 3563 1898 ,
3590 1840 3645 1887 et
3674 1833 3726 1887 in
3753 1850 3887 1902 agro

2301 1923 2432 1983 puro
2475 1912 2741 1966 seminare
2770 1925 2925 1982 atque
2956 1915 3214 1983 plantare.
3245 1919 3356 1973 lllic
3395 1920 3537 1974 enim
3587 1923 3887 1979 emundare

2299 1982 2443 2067 prius
2464 2013 2692 2071 oportet,
2721 2015 2773 2060 et
2801 2015 2919 2075 post
2946 2008 3045 2061 alia
3073 2009 3336 2073 inserere;
3368 2010 3455 2065 hic
3473 2023 3652 2068 autem
3680 2026 3885 2084 parata:

2295 2100 2421 2146 sunt
2464 2108 2641 2151 aures.
2684 2096 2833 2152 Unde
2875 2114 3003 2170 ergo
3045 2100 3101 2155 fit
3129 2112 3186 2155 ut
3214 2103 3300 2157 ille
3329 2105 3399 2159 sit
3438 2104 3628 2161 dives?
3652 2106 3771 2161 Jam
3800 2109 3883 2161 di-

2294 2196 2410 2236 cam
2438 2202 2452 2238 :
2479 2186 2565 2240 alii
2612 2187 2720 2242 Deo
2748 2190 2909 2246 dante
2929 2233 2943 2259 ,
2974 2192 3061 2245 alii
3096 2194 3457 2261 permittente,
3487 2198 3576 2252 alii
3616 2198 3687 2253 ob
3717 2201 3879 2255 aliam

2293 2288 2537 2329 arcanam
2564 2277 3012 2347 diSpeusatiouem
3036 2324 3051 2347 ,
3074 2283 3284 2340 divitias
3307 2287 3598 2357 possident.
3634 2290 3764 2345 lltec
3794 2307 3880 2346 ra-

2296 2364 2368 2417 tio
2394 2365 2566 2421 brevis
2609 2378 2689 2423 cst
2735 2380 2893 2441 atque
2918 2374 3161 2443 simplex.
3194 2375 3301 2430 Cur
3328 2392 3475 2447 ergo,
3509 2380 3737 2449 inquies,
3768 2380 3876 2437 for-

2295 2456 2585 2510 nicator-em
2621 2457 2839 2515 divitem
2875 2463 3086 2529 etlccit,
3114 2480 3319 2520 necnon
3363 2468 3627 2523 tumebunt
3653 2511 3669 2534 ,
3716 2471 3873 2526 lasci-

2294 2560 2413 2599 vum
2436 2589 2451 2614 ,
2485 2564 2711 2619 cumque
2739 2553 2828 2621 qui
2862 2556 3001 2610 male
3035 2554 3194 2612 rebus
3223 2559 3334 2611 suis
3361 2558 3560 2613 utitur?
3586 2559 3705 2614 Non
3751 2560 3875 2616 facit

2292 2637 2528 2707 divitem,
2561 2641 2652 2696 sed
2695 2644 2947 2712 permittit
2976 2661 3094 2702 esse
3122 2647 3337 2704 divitem
3368 2666 3381 2703 :
3416 2665 3663 2721 magnum
3692 2662 3871 2707 autem

2289 2741 2372 2785 est
2414 2732 2748 2789 intervallum
2777 2737 2913 2792 inter
2951 2738 3127 2795 facere
3153 2748 3206 2795 et
3232 2743 3556 2810 permittere.
3586 2744 3699 2800 Cur
3741 2762 3872 2818 ergo

2288 2823 2506 2879 otnnino
2532 2827 2829 2895 permittit?
2857 2830 2987 2898 Quia
3019 2832 3253 2888 nondum
3283 2834 3499 2910 idvcnit
3517 2838 3709 2907 judicii
3737 2850 3870 2895 tem-

2290 2930 2385 2984 pus
2412 2956 2426 2981 ,
2457 2925 2512 2971 ut
2542 2933 2637 2986 pro
2662 2920 2853 2974 merito
2878 2923 3102 2994 quisque
3146 2927 3386 2997 recipiat.
3415 2928 3550 2997 Quid
3594 2932 3741 2986 enim
3779 2934 3871 2989 illo

2285 3004 2447 3061 divite
2482 3010 2717 3063 deterius
2737 3052 2751 3077 ,
2798 3013 2886 3081 qui
2928 3028 2994 3069 ne
3020 3017 3183 3070 micas
3209 3018 3423 3087 quidem
3447 3020 3647 3077 Lazaro
3674 3024 3868 3084 dabat.

2284 3104 2340 3150 et
2365 3106 2539 3152 tamen
2567 3100 2804 3156 omnium
2832 3104 3315 3163 miserabilissimus
3339 3109 3436 3165 fuit
3460 3111 3613 3181 (Luc.
3636 3114 3722 3168 l6.
3742 3113 3873 3184 ὶὴῖ

2283 3186 2414 3242 Nam
2444 3204 2618 3260 neque
2647 3192 2841 3248 stillam
2872 3209 3023 3264 aquae
3047 3198 3242 3253 habere
3266 3200 3463 3271 potuit,
3487 3202 3609 3259 ideo
3637 3214 3867 3270 tantum,

2283 3281 2405 3348 quia
2433 3280 2585 3338 dives
2610 3299 2729 3337 cum
2770 3296 2949 3352 esset,
2977 3288 3297 3347 inhumanus
3341 3303 3476 3349 erat.
3503 3295 3635 3351 Nam
3674 3299 3719 3351 si
3758 3300 3871 3354 duo

2285 3370 2504 3441 imparis
2532 3376 2752 3429 fortun-.‘e
2785 3379 3007 3448 improbi
3040 3379 3253 3452 fuerint,
3280 3402 3506 3455 quormu
3535 3389 3671 3446 alius
3712 3392 3871 3446 dives

2283 3463 2372 3529 sit,
2403 3464 2537 3520 alius
2562 3480 2782 3536 pauper,
2815 3485 2919 3523 non
2949 3487 3104 3541 pares
3146 3475 3251 3530 illic
3291 3476 3494 3533 dabunt
3524 3493 3735 3549 pallas,
3768 3483 3867 3537 sed

2281 3558 2581 3626 opulentior
2606 3563 2819 3629 gravius
2847 3563 3124 3631 plectetur.

2350 3648 2403 3702 5.
2440 3647 2655 3704 Peccata
2698 3655 2958 3723 gravitatis
2986 3667 3031 3711 et
3057 3674 3217 3729 pretia:
3263 3663 3544 3717 auctionem
3570 3674 3658 3717 aut
3686 3665 3865 3721 immi-

2278 3739 2530 3793 nutionem
2554 3760 2584 3793 lt
2611 3742 3100 3801 circumstantiarum
3126 3760 3169 3802 et
3196 3768 3527 3818 personarum
3564 3754 3868 3821 di/fetentiis

2277 3832 2822 3890 mutuantur.-—Vidcs
2848 3853 2974 3908 ergo
3000 3839 3136 3895 hunc
3156 3843 3395 3911 graviore
3415 3844 3551 3899 affici
3578 3849 3862 3918 supplicia,

2276 3924 2395 3992 quia
2426 3924 2476 3979 in
2506 3926 2601 3981 hac
2630 3928 2735 3981 vita
2761 3929 2897 3985 bona
2926 3936 3241 4002 acceperat?
3266 3934 3331 3990 Et
3352 3946 3405 3990 tu
3426 3940 3602 4008 igitur,
3630 3956 3751 3995 cum
3779 3945 3863 3997 vi-

2276 4014 2420 4069 deris
2446 4016 2625 4086 inique
2658 4018 2873 4075 divitem
2896 4020 3112 4077 feliciter
3138 4039 3316 4094 agerc,
3345 4025 3654 4097 ingemiscc,
3686 4031 3864 4103 ιπηιγ-

2278 4118 2461 4159 mare:
2497 4122 2616 4160 nam
2666 4108 2861 4164 divitia:
2889 4111 2961 4165 illi
2990 4114 3232 4182 supplicii
3280 4118 3517 4173 accessio
3560 4133 3739 4176 erunt.
3794 4124 3864 4181 Ut

2277 4196 2420 4252 enim
2447 4199 2521 4254 illi
2555 4202 2641 4270 qui
2682 4202 2902 4257 multum
2941 4220 3021 4275 pet
3037 4220 3243 4273 earnm,
3284 4224 3456 4280 tetue
3491 4212 3860 4280 pmaitcntiam

2272 4302 2431 4359 agere
2449 4292 2650 4359 volunt,
2678 4292 2769 4347 ira:
2797 4294 3099 4350 thesaurum
3121 4298 3219 4353 sibi
3250 4310 3435 4368 parant
3454 4302 3629 4373 (Rom.
3662 4304 3718 4361 2.
3755 4307 3813 4376 5)
3842 4327 3855 4360 :

2274 4380 2352 4435 sic
2393 4380 2464 4435 illi
2504 4383 2593 4452 qui
2639 4383 2729 4459 hic,
2765 4401 2949 4456 pmnas
3001 4406 3105 4442 non
3137 4390 3417 4455 dederunt,
3446 4394 3539 4446 sed
3570 4395 3729 4451 rebus
3775 4400 3860 4454 usi

2273 4479 2396 4524 sunt
2425 4474 2690 4542 prosperis
2710 4515 2725 4539 ,
2761 4475 2943 4545 majori
2968 4479 3225 4547 supplicio
3252 4481 3567 4539 afficientur.
3606 4486 3660 4540 ω
3688 4490 3856 4555 quod,

2271 4560 2317 4616 si
2346 4561 2535 4632 placet,
2561 4581 2664 4618 non
2695 4580 2757 4619 ex
2791 4565 2965 4621 futura
2997 4579 3199 4624 tantum
3248 4572 3384 4637 vita,
3432 4574 3524 4627 sed
3576 4578 3735 4631 etiam
3786 4595 3857 4633 cx

2228 4662 2231 4663 '
2272 4654 2520 4723 praasenti
2554 4656 2646 4710 tibi
2673 4660 2919 4728 exemplo
2966 4663 3220 4729 probabo.
3252 4664 3445 4719 Beatus
3480 4667 3622 4723 enim
3666 4670 3853 4739 David,

2270 4744 2481 4813 quando
2521 4751 2759 4815 peccavit
2803 4766 2922 4805 cum
2976 4752 3237 4808 Bersabee
3262 4798 3277 4822 ,
3309 4772 3428 4810 cum
3474 4773 3783 4829 argueretur
3823 4780 3853 4817 a

2272 4837 2565 4905 propheta,
2616 4840 2737 4894 ideo
2791 4843 3018 4898 maxime
3070 4846 3432 4904 vehementius
3476 4852 3854 4921 incusabatur,

2270 4931 2407 4999 quod
2441 4933 2618 4987 multis
2641 4933 2859 4990 alfectus
2890 4937 3181 5008 beneficiis,
3213 4942 3331 4997 talis
3372 4945 3480 5016 iam
3518 4957 3679 5003 esset.
3715 4952 3853 5006 Audi

2270 5024 2408 5075 enim
2439 5024 2601 5080 Deum
2630 5028 2678 5080 id
2700 5028 2771 5083 illi
2793 5031 3199 5099 exprobrantetn
3232 5051 3245 5090 :
3276 5037 3456 5091 Annon
3481 5042 3604 5094 anxi
3633 5050 3680 5095 te
3698 5044 3753 5095 in
3775 5061 3857 5098 ri:-

2267 5131 2397 5184 gem,
2417 5126 2463 5171 et
2488 5118 2596 5170 erui
2625 5128 2671 5172 te
2695 5121 2755 5173 de
2782 5138 2932 5176 manu
2962 5123 3138 5179 Sutilis
3158 5142 3179 5180 :
3199 5127 3412 5198 dedique
3432 5131 3517 5184 tibi
3544 5135 3714 5186 omnia
3741 5150 3855 5204 qua:

2270 5207 2460 5259 domini
2487 5210 2561 5262 tui
2588 5214 2804 5279 fuerant,
2828 5224 2875 5266 et
2902 5216 3179 5271 universam
3201 5218 3407 5274 domum
3428 5220 3592 5278 Israel
3611 5234 3659 5277 rt
3678 5224 3856 5281 Inda?

2272 5296 2335 5349 [Ct
2362 5299 2405 5352 si
2433 5299 2537 5353 [nec
2565 5317 2727 5370 pauca
2755 5303 2840 5357 tibi
2861 5317 3042 5374 essent,
3069 5309 3305 5363 adderem
3346 5313 3434 5365 tibi
3470 5315 3597 5367 sicut
3636 5315 3752 5369 ista.
3789 5316 3855 5371 Et

2267 5390 2385 5457 quid
2418 5390 2579 5459 fecisti
2608 5395 2793 5447 malum
2818 5410 2985 5449 coram
3017 5416 3094 5452 nte
3132 5399 3218 5468 (2.
3246 5401 3370 5473 Reg.
3406 5405 3488 5457 12.
3514 5406 3542 5457 7
3561 5404 3631 5460 -9
3657 5406 3713 5470 )?
3738 5407 3792 5461 Ν·
3820 5426 3852 5461 ιι

2268 5492 2391 5537 sunt
2432 5486 2625 5554 quippe
2658 5486 2843 5541 eadem
2878 5506 2972 5555 pro
3002 5493 3247 5546 ontnibus
3279 5496 3527 5561 premitis,
3562 5499 3654 5551 sed
3684 5502 3850 5553 inu'ta

2268 5573 2514 5643 variaque
2543 5576 2819 5645 supplicia,
2842 5580 3132 5634 sccuudttm
3156 5592 3389 5649 aetatem,
3408 5587 3698 5641 secundum
3730 5608 3844 5658 per-

2265 5668 3097 5740 eonas,secundumdignitatem,
3125 5673 3453 5741 prudentiam
3494 5678 3700 5747 aliaque
3733 5685 3847 5751 plu-

2264 5757 2417 5812 ritna.
2474 5758 2646 5830 thue
2674 5761 2868 5818 clarius
2907 5764 3112 5833 loquar,
3147 5782 3307 5821 unum
3337 5770 3386 5823 in
3418 5773 3594 5826 medio
3623 5785 3850 5843 ponatur

2329 5871 2401 5934 (α)
2426 5871 2692 5935 Pugillares
2713 5874 2981 5937 hujustnmli
3005 5876 3367 5942 palimpsestum
3392 5892 3526 5932 vorat
3553 5882 3760 5933 Tullius.
