4074 6430
229 447 338 506 693

231 573 508 638 peccatum
536 604 551 628 .
583 561 861 617 fornicatio
893 576 908 613 :
939 569 992 614 et
1022 557 1299 613 considera
1329 565 1457 625 quot
1483 567 1678 623 genera
1709 565 1834 618 sup-

230 658 511 727 pliciorum
540 661 846 716 occurrant,
880 666 987 704 non
1017 666 1043 701 a
1075 649 1228 703 nobis
1255 647 1435 709 allata,
1461 646 1552 698 sed
1581 659 1650 696 cx
1685 641 1826 695 Scri-

227 747 398 817 pturis
425 745 728 812 desumpta.
760 741 816 796 Si
852 741 975 810 quis
1021 750 1145 793 ante
1195 742 1362 805 legem
1404 736 1694 788 fornicatus
1724 738 1825 793 est,

225 839 333 892 alio
371 835 536 890 modo
565 833 884 903 supplicium
918 831 1048 895 luit;
1082 830 1132 884 id
1161 830 1355 882 Paulus
1379 828 1613 880 ostendit
1643 841 1656 876 :
1699 823 1827 886 Qui-

223 947 442 999 cumque
468 929 576 982 sine
603 928 711 997 lege
736 935 1084 996 peccaverunt,
1107 925 1215 976 sine
1242 925 1350 992 lege
1374 920 1606 990 peribunt
1636 916 1825 988 (Rom.

223 1023 282 1075 2.
319 1021 450 1091 12).
494 1018 810 1074 Fornieatus
835 1027 917 1071 est
947 1019 1064 1087 quis
1095 1025 1214 1086 post
1240 1015 1434 1083 b-gem,
1456 1010 1698 1082 graviora
1731 1022 1829 1078 pa-

227 1113 391 1165 tietur
422 1129 435 1164 :
471 1109 730 1179 Quotquot
762 1109 893 1162 enim
934 1108 986 1159 in
1029 1105 1137 1175 lege
1164 1113 1491 1172 peccaverunt
1512 1143 1528 1168 ,
1557 1117 1644 1169 per
1671 1100 1830 1169 legem

223 1202 608 1272 judicabuntur.
643 1200 966 1270 Fornicatus.
1003 1207 1083 1251 est
1110 1191 1229 1266 quis
1255 1194 1529 1258 sacerdos,
1561 1208 1626 1245 ex
1654 1191 1826 1258 digiti-

227 1304 335 1348 tate
360 1293 781 1346 additamentum
811 1305 982 1360 ptume
1009 1289 1202 1357 accipit
1227 1287 1537 1340 niaximum.
1563 1283 1686 1337 Ideo
1711 1283 1829 1334 alite

228 1385 420 1454 puella:
482 1365 805 1436 fornicantes
857 1380 1273 1441 occidebantur;
1319 1376 1655 1430 sacerdotum
1700 1387 1828 1427 vero

227 1477 351 1530 tilia:
378 1474 868 1539 comburebantur,
912 1478 1242 1526 monstrante
1275 1468 1592 1537 ‘Iegislalore
1633 1475 1829 1534 quanta

226 1581 386 1636 pinna
411 1564 679 1619 sacerdoti
703 1565 770 1617 ita
796 1563 1034 1632 peccanti
1055 1561 1357 1615 immineret
1381 1576 1393 1610 :
1419 1572 1539 1610 nam
1561 1556 1606 1610 si
1631 1555 1825 1624 puella,

225 1657 369 1728 quod
400 1656 502 1708 lilia
523 1653 817 1708 sacerdotis
841 1663 1006 1717 esset,
1028 1653 1198 1719 majus
1217 1651 1310 1703 luit
1337 1649 1679 1719 supplicium,
1705 1646 1829 1698 mul-

228 1759 284 1801 to
310 1747 479 1816 majus
503 1745 617 1814 ipse
643 1743 891 1799 sacerdos
913 1743 1043 1796 luet.
1064 1741 1128 1796 Vi
1150 1754 1456 1809 compressa
1484 1738 1680 1792 femina
1705 1736 1824 1800 fuit,

227 1854 256 1892 a
281 1837 542 1906 supplicio
569 1836 655 1888 illa
687 1835 978 1890 eximitur:
1009 1835 1123 1887 haec
1148 1831 1419 1901 Opulenta,
1452 1830 1646 1898 illaque
1677 1827 1831 1896 inops

228 1927 489 1982 fornicata
511 1937 594 1980 est
617 1944 629 1978 :
657 1926 742 1981 hic
761 1941 969 1996 quoque
989 1940 1267 1996 plenarum
1294 1923 1584 1978 discrimen
1615 1931 1716 1976 est.
1749 1920 1832 1975 Id-

227 2033 332 2088 que
361 2017 535 2088 palum
562 2027 644 2072 est
673 2033 736 2072 ex
771 2018 832 2071 iis
856 2033 976 2088 quae
1002 2004 1166 2072 modo,
1187 2016 1496 2071 dicebamus
1517 2015 1584 2069 de
1608 2013 1826 2068 Davide.

231 2107 548 2162 Fornicatns
585 2117 666 2162 est
702 2108 963 2177 quispiam
993 2115 1110 2174 post
1143 2105 1431 2160 adventum
1461 2105 1684 2169 Christi,
1719 2119 1824 2157 non

229 2197 499 2253 initiatus:
520 2199 789 2269 graviores
815 2213 972 2268 quam
997 2197 1069 2251 illi
1091 2212 1280 2253 omnes
1295 2196 1442 2250 dabit
1464 2211 1672 2267 pinnas.
1698 2195 1832 2250 For-

228 2291 437 2345 nicatus
453 2299 536 2344 est
556 2289 673 2359 quis
703 2298 819 2359 post
849 2290 1116 2343 lavacrum
1137 2287 1299 2342 divini
1319 2288 1652 2355 baptismatis
1681 2306 1691 2316 -
1712 2287 1820 2355 jam

230 2382 354 2436 huic
385 2382 528 2436 nulla
557 2381 872 2451 relinquitur
896 2379 1193 2436 consolatio
1224 2380 1305 2434 vel
1339 2380 1602 2432 levamen.
1636 2379 1699 2432 Et
1728 2380 1829 2433 hoc

227 2477 406 2546 ipsum
438 2475 732 2529 ostendens
763 2474 962 2528 Paulus
991 2475 1205 2529 dicebat
1227 2491 1240 2528 :
1266 2471 1328 2528 Si
1347 2473 1458 2541 quis
1485 2473 1835 2541 contempserit

225 2573 390 2636 legem
415 2565 631 2636 logsis,
663 2567 773 2620 sine
801 2566 1152 2619 misericordia
1179 2565 1372 2618 duobus
1400 2566 1476 2618 vel
1508 2563 1667 2617 tribus
1699 2565 1809 2617 testi
1819 2594 1832 2601 -

225 2663 321 2712 bus
351 2656 789 2726 Μήταν-(Πρω.
839 2658 925 2718 10.
958 2657 1085 2722 28).
1133 2656 1344 2724 Quanto
1388 2655 1593 2725 majore
1639 2655 1836 2726 putatis

229 2750 495 2819 supplicio
543 2747 810 2805 afficietur
855 2750 898 2804 is
933 2750 1022 2820 qui
1055 2749 1243 2804 Filium
1284 2748 1375 2803 Dei
1418 2749 1834 2812 conculcavcrit,

229 2841 321 2910 qui
350 2842 662 2913 sanguinem
715 2841 1042 2896 Testamenti
1098 2856 1438 2896 communem
1493 2843 1758 2913 putaverit
1785 2843 1835 2895 in

228 2947 338 3002 quo
378 2933 743 2986 sanetilicatus
772 2935 971 3002 est,qui
1000 2933 1222 3002 gratiam
1253 2931 1482 3002 Spiritus
1512 2932 1836 2987 contumelia

229 3021 516 3076 aﬂeeeritt
566 3020 881 3078 Fornicatus
928 3038 1072 3077 nunc
1109 3032 1190 3078 est
1237 3023 1490 3078 sacerdos
1524 3023 1786 3092 quispiam
1818 3040 1834 3076 :

231 3113 338 3169 hoc
361 3115 591 3169 maxime
618 3115 884 3170 malorum
906 3117 1118 3172 culmen
1141 3126 1242 3171 est.
1275 3115 1519 3169 Vidistin‘
1539 3117 1693 3170 unius
1716 3129 1812 3183 pec

230 3205 337 3258 cati
359 3214 493 3275 quot
521 3203 963 3260 sintditferentia:
987 3206 1010 3258 ?
1038 3207 1149 3260 Alia
1182 3215 1306 3261 ante
1349 3206 1544 3276 legem,
1580 3206 1680 3260 alia
1720 3215 1838 3274 post

234 3294 430 3364 legum.
457 3295 752 3350 sacerdotis
769 3297 894 3363 alia,
915 3297 1094 3350 divitis
1123 3307 1174 3351 et
1203 3300 1452 3366 pauperis
1474 3298 1683 3353 feminas
1709 3300 1834 3364 alia,

232 3388 336 3440 alia
364 3401 496 3441 vero
522 3373 943 3453 cateiihunienze,
969 3388 1140 3442 fidelis
1181 3398 1236 3442 et
1272 3388 1588 3444 sacerdotis.
1621 3392 1659 3444 Α
1707 3406 1834 3460 pru-

230 3476 413 3531 dentia
455 3493 667 3547 quoque
709 3478 874 3534 multa
921 3490 1005 3534 est
1053 3479 1351 3535 differentia
1407 3497 1575 3536 :nam
1607 3482 1706 3549 Qui
1741 3483 1836 3536 scit

231 3570 542 3622 voluntatem
581 3569 789 3624 Domini
826 3573 927 3634 sui,
955 3583 1000 3625 et
1032 3589 1131 3625 non
1180 3573 1323 3644 facit,
1355 3574 1616 3644 vapulabit
1666 3577 1837 3630 multis

232 3660 248 3722 (
278 3657 406 3713 Luc.
441 3659 526 3715 12.
553 3662 619 3716 47
641 3664 677 3731 ).
701 3667 778 3717 Ae
799 3673 920 3732 post
951 3674 1027 3717 tot
1057 3674 1308 3735 tantaque
1329 3670 1572 3738 exempla
1603 3683 1832 3738 peccare

232 3753 410 3822 majus
444 3753 616 3807 adfert
641 3755 980 3825 supplicium.
1010 3756 1161 3812 Unde
1190 3759 1261 3812 ait
1289 3777 1300 3811 :
1331 3759 1436 3814 Vos
1457 3771 1634 3816 autem
1659 3777 1832 3832 neque

233 3844 517 3910 videntes,
553 3847 919 3914 paenitentiam
970 3858 1152 3919 postea
1201 3852 1419 3921 egistis,
1462 3853 1586 3908 licet
1639 3871 1832 3925 magno

1199 438 1264 494 IN
1304 433 1707 493 MATTILEUM
1753 429 1976 486 IIOMIL.
2024 429 2256 486 LXXVI.
2297 428 2365 485 ai.
2410 431 2666 486 LXXVII.

3444 435 3550 492 694

1941 551 2085 602 cultu
2115 550 2230 602 sitis
2261 550 2525 603 honorati.
2570 550 2695 603 Ideo
2721 558 2776 603 et
2800 548 3154 620 Jerosolymze
3203 549 3304 604 hoc
3349 550 3553 619 impro-

1941 650 2088 708 perat
2135 641 2360 694 dicens:
2396 640 2603 706 Quoties
2646 641 2782 694 volui
2824 658 3133 712 congregare
3172 643 3308 709 filios
3335 654 3548 706 vestros,

1938 742 1984 784 et
2014 733 2245 786 noluistis
2277 730 2444 804 (Luc.
2472 734 2557 786 15.
2588 733 2734 800 διγρ
2766 733 2838 788 De
2865 735 3207 801 peccantibus
3235 751 3299 789 ex
3332 733 3550 790 delicia-

1941 838 2055 876 rum
2088 824 2239 890 copia
2286 823 2338 876 in
2389 824 2591 878 Lazaro
2621 823 2925 894 exemplum
2961 824 3150 880 habes.
3184 827 3223 878 Λ
3258 826 3378 880 loco
3419 832 3545 878 item

1938 916 2152 984 gravius
2191 913 2428 968 efficitur
2471 929 2786 984 peceatum;
2821 916 2963 986 quod
2996 917 3075 972 sic
3120 918 3232 987 ipse
3262 919 3499 974 declarat
3533 937 3546 972 :

1942 1010 2083 1062 Inter
2125 1012 2369 1078 templunt
2397 1022 2442 1063 et
2470 1011 2653 1065 altare.
2705 1013 2745 1063 A
2793 1009 2956 1065 modo
3012 1011 3139 1065 item
3184 1012 3544 1067 delictorum:

1944 1101 2063 1153 Non
2089 1101 2294 1165 mirum,
2327 1101 2517 1169 inquit,
2547 1111 2618 1154 est
2648 1102 2693 1154 si
2722 1105 2834 1170 quis
2861 1102 3044 1170 furens
3082 1105 3500 1172 apprehendatur
3529 1120 3548 1160 .'

1940 1198 2142 1262 furatur
2155 1195 2288 1246 enim
2310 1204 2362 1246 ut
2379 1196 2603 1246 animam
2624 1211 2770 1248 suam
2806 1196 3014 1266 impleat
3041 1198 3342 1250 esurientem
3359 1196 3545 1271 (Prov.

1938 1283 1991 1337 6.
2025 1283 2158 1352 ὖο);
2191 1293 2243 1336 et
2272 1298 2504 1345 rursum,
2561 1285 2806 1339 Occidisti
2845 1286 2982 1353 ﬁlios
3017 1298 3130 1338 tnos
3164 1296 3209 1340 et
3238 1287 3373 1354 ﬁlias
3403 1298 3548 1352 tuos;

1940 1377 2034 1428 hoc
2082 1391 2233 1444 super
2263 1391 2458 1428 onmem
2492 1378 2881 1444 fornicationem
2908 1389 3048 1429 luant
3077 1387 3124 1429 et
3151 1377 3550 1431 abominationes

1940 1477 2054 1520 tuas
2080 1467 2305 1536 (Ezech.
2343 1467 2428 1522 I6.
2467 1467 2597 1536 20).
2633 1469 2674 1520 Α
2711 1468 2956 1536 personis
2987 1481 3155 1522 vero:
3184 1467 3247 1523 Si
3273 1471 3554 1538 peccaverit

1939 1560 2122 1628 aliquis
2164 1559 2218 1612 in
2259 1561 2554 1620 hominem,
2586 1561 2800 1612 orabunt
2845 1574 2936 1626 pro
2977 1575 3068 1621 eo;
3097 1560 3140 1612 si
3181 1560 3300 1628 quis
3342 1575 3460 1614 vero
3502 1560 3556 1612 in

1943 1649 2106 1703 Deum
2138 1651 2448 1718 peccaverit,
2472 1649 2582 1717 quis
2607 1647 2894 1719 precabitur
2938 1665 3030 1718 pro
3070 1649 3159 1703 illo
3183 1648 3200 1719 (
3223 1651 3272 1702 l.
3321 1647 3452 1719 Reg.
3495 1641 3581 1702 2.-

1938 1741 2084 1812 25)?
2110 1739 2178 1796 Et
2198 1755 2322 1795 cum
2345 1740 2466 1810 quis
2487 1755 2600 1806 eos,
2619 1741 2710 1810 qui
2741 1739 2953 1794 exteris
2983 1740 3142 1810 longe
3171 1740 3384 1811 pejores
3404 1751 3552 1803 sunt,

1938 1834 2142 1889 desidia
2165 1832 2532 1904 superaverit;
2574 1832 2719 1903 quod
2748 1832 2890 1903 apud
2919 1831 3258 1888 Eaechielem
3289 1832 3435 1888 Deus
3455 1847 3554 1887 ess

1941 1927 2162 1996 probrat
2185 1968 2199 1988 .
2228 1927 2412 1980 dicens
2440 1944 2453 1979 :
2483 1925 2658 1996 Neque
2701 1927 2980 1981 secundum
3002 1926 3398 1997 justificationes
3433 1943 3554 1997 geu-

1940 2019 2066 2072 tium
2089 2019 2295 2089 fecisti(
2325 2017 2507 2071 Ezccli.
2545 2019 2596 2073 5.
2635 2017 2730 2088 7).
2758 2018 2823 2072 Et
2848 2034 2970 2072 cum
2996 2033 3063 2074 ne
3083 2019 3308 2074 aliorum
3339 2018 3556 2087 quidem

1940 2109 2205 2178 exemplis
2253 2109 2606 2164 emendamur
2640 2128 2654 2162 :
2693 2107 2830 2161 Vidit
2860 2125 3088 2162 sororem
3135 2109 3296 2177 ipsius
3317 2149 3330 2172 ,
3364 2111 3441 2162 ait
3465 2150 3480 2171 ,
3510 2118 3560 2162 et

1931 2201 2235 2272 justilicarit
2271 2217 2404 2256 eam.
2458 2202 2522 2255 Et
2565 2201 2780 2272 quando
2822 2200 3027 2270 majore
3079 2199 3200 2269 quis
3250 2200 3560 2270 patrocinio

1943 2305 2070 2345 usus
2097 2302 2179 2346 est
2207 2311 2219 2344 :
2247 2290 2306 2346 Si
2333 2293 2468 2345 enim
2494 2292 2544 2344 in
2575 2290 2731 2362 Tyro,
2749 2291 2939 2360 inquit,
2965 2301 3009 2344 et
3034 2290 3231 2346 Sidone
3253 2291 3334 2344 Ita:
3353 2295 3560 2344 virtutes

1943 2387 2096 2454 facta
2121 2385 2354 2456 fuissent,
2379 2384 2501 2437 olim
2525 2384 2873 2453 penitentiam
2893 2383 3131 2454 egissent.
3161 2381 3408 2437 Ceterum
3441 2381 3571 2435 tole—

1942 2479 2155 2533 rabilius
2179 2479 2272 2532 erit
2295 2475 2434 2548 Tyro
2463 2487 2510 2531 et
2541 2476 2748 2540 Sidoni,
2778 2492 2931 2541 quam
2957 2475 3149 2529 ciuitati
3180 2471 3340 2544 huic.(
3366 2471 3559 2527 Matth.

1945 2573 2032 2629 tl.
2083 2571 2174 2626 2t.
2215 2569 2286 2625 29..
2311 2569 2352 2637 ).
2384 2569 2632 2624 Vidistiu'
2673 2574 2968 2640 perlectam
3000 2567 3561 2638 accnrationem,‘nec

1943 2680 2133 2719 omnes
2177 2660 2491 2717 eormndem
2546 2669 2888 2730 peccatorum
2946 2675 3102 2729 pares
3152 2672 3342 2730 pinnas
3387 2657 3564 2712 dare?

1943 2755 2075 2810 Nam
2099 2757 2220 2808 eum
2249 2763 2370 2822 post
2397 2751 2608 2821 longam
2634 2751 2727 2805 Dei
2759 2751 3074 2821 patientiam
3104 2749 3236 2804 nihil
3265 2750 3563 2812 lucramur.

1942 2849 2186 2918 graviora
2221 2847 2518 2917 patiemur;
2549 2856 2606 2899 et
2637 2845 2739 2900 hoc
2773 2844 2968 2899 Paulus
3007 2844 3308 2912 significat,
3334 2843 3561 2898 dicens:

1946 2940 2243 2995 Secundum
2282 2939 2526 2992 duritiam
2565 2950 2704 2992 tuam
2727 2979 2743 3002 ,
2777 2948 2824 2993 et
2853 2937 3174 3008 impcnitens
3202 2929 3290 2991 cor
3310 2979 3326 3004 ,
3359 2937 3563 2990 thesau-

1942 3033 2079 3086 risas
2109 3031 2196 3085 tibi
2225 3031 2354 3085 iram
2378 3030 2568 3101 (Rom.
2622 3031 2678 3084 2.
2727 3031 2820 3101 5).
2873 3029 3000 3085 Haec
3028 3047 3151 3085 cum
3199 3031 3432 3084 sciamus
3453 3071 3467 3092 ,
3495 3043 3562 3083 ne

1944 3123 2280 3178 oﬂ‘endamur
2324 3123 2406 3177 vel
2455 3123 2734 3177 turbentur
2774 3121 2842 3177 de
2883 3137 3063 3176 rerum
3111 3131 3339 3188 eventu,
3387 3135 3563 3190 neque

1942 3215 2328 3285 cogitationum
2371 3214 2624 3268 fluctibus
2663 3214 2960 3284 agiteinur;
3000 3214 3096 3268 sed
3137 3213 3562 3283 incomprrliens

1944 3306 2180 3361 sibilitati
2210 3305 2404 3360 divinte
2427 3304 2779 3374 providentia:
2805 3304 3062 3360 cedentes
3085 3345 3101 3371 ,
3132 3305 3348 3360 virtutis
3369 3319 3558 3360 curam

1944 3397 2237 3453 habeamus
2257 3438 2272 3462 ,
2306 3397 2708 3466 nequitiamque
2738 3394 3005 3466 fugiamus
3036 3415 3048 3449 :
3079 3404 3136 3451 ut
3165 3394 3362 3452 futuris
3405 3396 3562 3453 bonis

1945 3493 2244 3560 potiamur,
2278 3490 2447 3559 gratia
2473 3499 2528 3543 et
2554 3489 2884 3560 benignitate
2934 3488 3144 3543 Domini
3199 3490 3375 3544 nostri
3431 3489 3563 3544 Jesu

1942 3583 2180 3649 Christi,
2212 3596 2308 3652 per
2333 3596 2496 3650 quem
2529 3590 2586 3636 et
2623 3595 2747 3636 eum
2773 3597 2880 3652 quo
2913 3581 3057 3636 Patri
3089 3582 3260 3653 gloria
3302 3599 3408 3638 una
3436 3575 3568 3638 cum

1942 3685 2131 3730 sancto
2157 3674 2361 3743 Spiritu
2397 3712 2415 3740 ,
2447 3687 2592 3728 nunc
2615 3681 2672 3729 et
2699 3687 2936 3744 semper,
2969 3683 3022 3730 et
3057 3675 3108 3728 in
3149 3674 3348 3729 saecula
3379 3689 3558 3730 saecu-

1943 3769 2141 3823 lorum.
2169 3769 2361 3822 Amen.

1335 4063 1682 4126 HOMILIA
1731 4066 2020 4127 LXXVI.
2069 4065 2155 4127 al.
2200 4063 2526 4126 LXXVII.

231 4197 362 4256 Car.
403 4200 493 4256 24.
537 4217 589 4254 v.
633 4201 718 4256 i6.
765 4201 904 4255 Tunc
946 4204 1033 4272 qui
1087 4203 1138 4255 in
1177 4203 1363 4258 Judtea
1415 4217 1566 4271 sunt,
1616 4209 1816 4278 fugiant

309 4296 377 4347 ad
407 4303 603 4347 montes
629 4311 647 4357 ;
688 4295 774 4348 I7.
809 4304 855 4348 et
885 4298 968 4364 qui
990 4313 1147 4366 supra
1183 4307 1399 4363 tectum,
1428 4317 1530 4354 non
1560 4301 1829 4357 descendat

306 4385 483 4439 tollere
510 4384 706 4453 aliquid
731 4385 795 4438 de
819 4386 969 4438 domo
994 4403 1122 4450 sua;
1155 4388 1237 4442 i8.
1274 4399 1320 4441 et
1341 4392 1425 4457 qni
1457 4391 1507 4444 in
1542 4408 1667 4462 agro
1689 4433 1702 4459 ,
1730 4409 1832 4446 non

305 4463 582 4531 revertatur
606 4478 782 4532 tollere
805 4479 1095 4532 vestimenta
1126 4497 1240 4547 sua,
1274 4490 1379 4536 etc.

313 4570 362 4622 i.
405 4567 604 4622 Inda-is
645 4578 756 4638 post
797 4585 963 4622 necem
993 4568 1182 4624 Christi
1225 4589 1338 4642 spes
1385 4575 1549 4628 omnis
1595 4577 1831 4639 pra'cisa.

236 4659 441 4725 Quanta
464 4661 612 4730 fuerit
636 4662 839 4714 illorum
855 4663 1144 4727 calamitas;
1165 4681 1298 4719 mors
1320 4665 1508 4721 Christi
1525 4669 1663 4723 illius
1684 4687 1836 4725 causa

234 4751 354 4819 fuit.
375 4750 737 4820 —Postquam
764 4751 831 4805 de
859 4753 1014 4807 malis
1039 4754 1304 4808 civitatem
1334 4756 1596 4814 invasuris
1621 4800 1635 4824 ,
1665 4760 1837 4829 deque

231 4841 598 4910 apostolorum
617 4844 995 4899 certaminibus
1011 4846 1238 4911 dixerat,
1259 4848 1378 4901 illos
1401 4865 1590 4919 nempe
1614 4853 1838 4908 invictos

238 4931 376 4998 fore,
409 4942 687 5004 totumque
716 4935 897 4989 urbem
931 4952 1253 5006 pervasurus
1278 4955 1418 5005 esse,
1448 4941 1694 4997 iudaicas
1723 4961 1837 4998 rur-

236 5039 356 5077 sum
381 5024 716 5079 calamitates
752 5026 1038 5085 describit.
1083 5029 1372 5083 ostendens
1393 5074 1406 5096 ,
1435 5034 1650 5100 quando
1679 5034 1837 5089 disci-

238 5115 345 5182 puli
376 5115 642 5183 splendidi
677 5126 832 5169 erunt
862 5125 1141 5185 totumque
1171 5120 1438 5176 docebunt
1466 5124 1673 5190 orbem,
1715 5137 1839 5181 tunc

237 5207 355 5259 illos
381 5207 432 5260 in
453 5208 846 5264 calamitatibus
867 5221 1176 5264 versaturos
1195 5228 1334 5267 esse.
1365 5216 1638 5284 Perpende
1662 5228 1836 5273 autem

235 5297 507 5365 quomodo
538 5298 734 5351 belliin
764 5310 1014 5363 enarret,
1045 5317 1142 5370 per
1183 5318 1243 5355 ea
1274 5320 1394 5373 qua:
1425 5308 1645 5361 minima
1686 5310 1831 5364 vide-

238 5389 434 5443 bantur
457 5392 796 5445 atrocitatem
829 5393 946 5460 ejus
975 5393 1271 5449 declarans.
1303 5396 1479 5462 Tunc,
1517 5399 1718 5470 inquit,
1753 5406 1838 5471 qui

235 5478 289 5530 in
317 5477 502 5532 Iudam
528 5489 665 5540 sunt,
698 5486 900 5551 fugiunt
923 5483 994 5536 ad
1015 5495 1228 5538 montes.
1263 5487 1421 5548 Tunc,
1454 5491 1839 5558 quandonam?

235 5569 369 5623 Cum
396 5571 507 5623 haec
529 5574 796 5628 eveniena.
822 5590 939 5626 tum
967 5576 1286 5630 abominatio
1309 5579 1656 5634 desolationis
1678 5584 1840 5638 stabit

247 5662 300 5712 in
345 5662 461 5714 loco
506 5674 710 5714 sancto.
749 5663 898 5718 Lude
931 5666 1057 5718 mihi
1088 5667 1297 5720 videtur
1323 5672 1593 5725 exercitus
1635 5674 1834 5729 dicere.

237 5751 392 5806 'I'unc
421 5752 584 5821 fugite
608 5795 622 5818 ,
658 5755 829 5824 inquit
864 5779 875 5806 :
919 5759 1060 5810 nulla
1093 5760 1234 5811 enim
1265 5762 1518 5830 deinceps
1546 5765 1692 5818 vobis
1716 5780 1840 5834 spes

238 5842 426 5899 salutis
455 5845 574 5898 erit.
605 5845 736 5900 Nam
767 5849 886 5916 qui}
914 5849 964 5902 in
992 5852 1244 5919 gravibus
1272 5853 1393 5906 olun
1429 5856 1602 5914 bellis.
1634 5873 1662 5910 e
1685 5859 1838 5910 malis

491 5960 497 5968 ’
563 5960 836 6019 Primo-2
895 5960 1001 6017 τὶν..
1055 5958 1266 6018 LV'lll.

1926 4211 2142 4264 demum
2159 4215 2514 4273 emerserant,
2535 4217 2589 4260 ut
2607 4208 2706 4262 sub
2727 4206 3062 4264 Senacherib
3082 4210 3256 4264 et'sub
3270 4209 3559 4277 Antiocho;

1938 4302 2138 4355 etenim
2190 4309 2318 4354 tunc
2359 4300 2640 4368 temporis,
2697 4316 2819 4354 cum
2870 4303 3144 4357 exercitus
3193 4303 3560 4370 invasissent,

1940 4392 2301 4462 templumque
2326 4401 2541 4461 captum
2569 4400 2734 4456 esset,
2765 4391 3085 4447 Macchabaei
3119 4393 3169 4448 in
3203 4393 3388 4450 hostes
3426 4409 3562 4450 cons

1940 4486 2101 4552 versi,
2136 4501 2312 4540 rerum
2341 4483 2531 4538 faciem
2560 4492 2934 4549 mutaverunt;
2959 4500 3026 4539 ne
3045 4500 3185 4540 nunc
3205 4485 3368 4542 etiam
3398 4487 3561 4547 talem

1941 4579 2055 4634 fore
2077 4579 2425 4633 mutationem
2449 4578 2869 4647 suspicarentur,
2889 4593 3106 4634 omnem
3125 4595 3276 4648 spem
3296 4582 3560 4651 pmidit.

1943 4671 2040 4726 Vix
2073 4679 2342 4741 poterunt,
2377 4670 2567 4739 inquit,
2603 4670 2748 4725 nudo
2771 4687 3002 4741 corpore
3026 4674 3254 4728 servari.
3282 4673 3408 4730 Ideo
3431 4677 3556 4732 illos

1941 4763 2035 4832 qui
2052 4777 2211 4832 supra
2237 4771 2432 4817 tectum
2457 4773 2579 4818 sunt
2603 4777 2707 4816 non
2733 4764 2993 4833 permittit
3013 4764 3064 4818 in
3091 4764 3313 4821 domum
3334 4767 3562 4830 intrare.

1944 4865 2002 4910 ut
2031 4858 2345 4909 vestimenta
2374 4871 2467 4910 sua
2498 4857 2704 4923 tollant,
2729 4855 3052 4911 inevitabilia
3076 4858 3377 4929 depingens
3423 4862 3563 4914 mala

1944 4956 1997 5001 et
2025 4947 2475 5001 interminabilem
2506 4949 2887 5016 calamitatem,
2913 4951 2964 5004 in
2987 4965 3145 5021 quam
3173 4951 3266 5021 qui
3291 4951 3560 5018 inciderit,

1950 5039 2259 5094 necessario
2286 5039 2500 5108 peribit.
2536 5039 2662 5094 Ideo
2691 5041 2895 5109 adjicit,
2932 5043 3034 5110 Qui
3055 5043 3107 5096 in
3133 5059 3280 5114 agro,
3314 5060 3377 5098 ne
3397 5061 3560 5100 rever-

1946 5141 2083 5184 tatur
2123 5130 2302 5186 tollere
2340 5134 2631 5187 uestimenta
2679 5151 2793 5188 sua.
2828 5134 2959 5188 Nam
2991 5137 3034 5190 si
3066 5138 3158 5207 qui
3191 5139 3336 5193 intus
3386 5148 3517 5194 sunt
3541 5177 3562 5205 ,

1946 5221 2190 5291 fugiunt,
2224 5224 2394 5277 multo
2446 5225 2622 5278 minus
2663 5229 2750 5294 qui
2785 5224 2916 5282 foris
2941 5237 3102 5293 sunt,
3158 5228 3302 5283 intro
3332 5228 3559 5300 fugiant.

1947 5311 2034 5366 i9.
2081 5311 2168 5365 γω
2207 5324 2376 5367 autem
2422 5315 2807 5384 pratgnantibus
2853 5328 2898 5370 et
2931 5317 3277 5382 lactantibus;
3307 5319 3416 5375 illis
3441 5322 3561 5390 qui-

1944 5404 2069 5458 dem
2107 5404 2251 5473 quod
2283 5405 2551 5460 tardiores
2595 5408 2732 5472 sint,
2764 5424 2863 5463 nec
2913 5411 3121 5474 possint
3153 5410 3307 5466 facile
3333 5404 3559 5483 fugere,

1946 5509 2111 5548 onere
2134 5497 2336 5550 ventris
2364 5505 2621 5560 retentae;
2651 5498 2776 5563 illis,
2803 5500 2944 5569 quod
2966 5503 3170 5555 amoris
3197 5501 3413 5557 vinculo
3432 5517 3556 5570 erga

1947 5585 2209 5640 lactentes
2235 5587 2596 5654 detineantur,
2629 5605 2729 5645 nec
2758 5592 2969 5660 possint
2994 5607 3088 5647 eos
3112 5607 3351 5648 servare.
3386 5594 3557 5647 Pecu-

1949 5677 2063 5728 nias
2085 5678 2227 5731 enim
2254 5688 2307 5732 et
2329 5689 2675 5735 contemnere
2697 5690 2750 5736 et
2767 5697 2982 5738 servare
3005 5683 3160 5739 facile
3181 5695 3282 5750 est,
3306 5683 3556 5754 idemque

1947 5767 2014 5822 de
2041 5770 2284 5825 vestibus
2311 5771 2466 5835 dico;
2489 5787 2608 5842 qua:
2629 5784 2807 5829 autem
2838 5787 3027 5831 natura
3052 5778 3144 5831 dat
3165 5778 3286 5847 quis
3314 5776 3563 5846 effugiat?

1951 5860 2230 5928 quom0do
2256 5875 2538 5933 pregnans
2568 5863 2741 5921 levior
2787 5863 3088 5923 efﬁciatur?
3113 5859 3388 5938 quomodo
3430 5882 3554 5939 qua

3147 5965 3219 6027 l5
