4074 6426
541 450 648 505 695

543 566 701 621 lactat
749 563 941 632 poterit
986 563 1268 619 lactentem
1310 561 1626 633 despicere?
1673 561 1874 618 Deinde
1911 577 2123 618 rursum

538 657 856 712 calamitatis
887 655 1300 725 magnitudinem
1333 655 1644 721 ostendens,
1675 655 1785 709 ait:
1815 653 1912 712 20.
1949 655 2124 719 Orate,

539 764 603 803 ne
631 748 720 815 ﬁat
747 751 871 820 fuga
909 758 1072 802 vestra
1098 749 1159 801 in
1190 748 1350 801 hieme
1372 789 1386 814 ,
1413 764 1503 802 nec
1529 748 1580 801 in
1625 747 1855 802 sabbato.
1888 747 1977 802 2f.
2015 745 2128 800 Erit

536 841 669 894 enim
703 850 820 894 tunc
849 841 1112 895 tribulatio
1152 857 1338 912 magna
1361 880 1376 908 ,
1409 841 1575 912 qualis
1607 857 1709 894 non
1754 843 1851 910 fuit
1879 841 1942 892 ab
1980 839 2124 892 initio

535 935 712 989 mundi
739 951 895 1005 usque
930 951 1063 990 nunc
1084 976 1099 1000 ,
1131 951 1291 1006 neque
1329 936 1436 1004 fiet.
1469 933 1656 989 Vidcn'
1680 932 1746 987 ad
1772 931 1986 988 Judceos
2011 946 2125 984 scr-

533 1043 749 1084 nionem
775 1025 977 1094 haberi,
1001 1039 1055 1085 et
1078 1028 1214 1084 mala
1237 1020 1380 1099 ipsos
1405 1029 1649 1082 invasura
1676 1025 1878 1080 narrari
1900 1023 2122 1094 ?Neque

533 1119 678 1176 enim
701 1119 927 1188 apostoli
952 1119 1232 1174 sabbatum
1260 1119 1590 1175 ohservaturi
1617 1125 1789 1184 erant,
1819 1131 1992 1186 neque
2014 1115 2121 1170 illic

534 1218 664 1266 tunc
692 1211 952 1267 versaturi
974 1250 989 1275 ,
1019 1225 1125 1281 quo
1157 1217 1395 1279 tempore
1421 1208 1778 1279 Vespasianus
1823 1207 1938 1262 haec
1981 1207 2119 1260 mala

533 1301 775 1356 il'aturus
818 1309 952 1355 erat.
983 1299 1116 1355 Nam
1160 1301 1387 1354 maxima
1431 1313 1553 1368 pars
1578 1297 1956 1366 discipulorum
1995 1304 2119 1350 ante

531 1391 774 1447 obierant
795 1408 809 1453 :
833 1391 878 1445 si
908 1391 998 1460 qui
1020 1405 1152 1446 vero
1181 1390 1378 1446 residui
1409 1398 1581 1454 erant,
1609 1389 1660 1443 in
1687 1388 1806 1442 aliis
1829 1387 1972 1442 orbis
1995 1401 2118 1457 par-

535 1484 678 1539 tibus
706 1493 831 1538 tunc
863 1483 1234 1538 versabantur.
1265 1479 1374 1536 Cur
1424 1497 1529 1536 non
1586 1480 1639 1534 in
1671 1480 1847 1535 hieme
1875 1521 1889 1544 ,
1923 1494 2024 1533 nec
2063 1478 2115 1532 in

531 1575 794 1631 sabbato?
821 1574 877 1630 In
911 1574 1121 1642 hieme,
1152 1574 1221 1629 ob
1251 1573 1508 1642 temporis
1555 1572 1696 1627 illius
1730 1570 2071 1626 difficultates
2099 1588 2113 1624 :

531 1669 585 1722 in
629 1667 850 1723 sabbato
876 1707 891 1728 ,
936 1665 1005 1720 ob
1033 1665 1165 1736 legis
1205 1662 1761 1730 auctoritatem.‘Quia
1805 1660 1947 1716 enim
1994 1659 2113 1730 fuga

531 1773 668 1828 opus
693 1767 776 1814 est
800 1798 816 1823 ,
846 1767 899 1812 et
927 1758 1048 1827 fuga
1077 1757 1412 1812 velocissima
1438 1771 1452 1819 ;
1487 1771 1661 1825 neque
1689 1755 1744 1809 in
1770 1754 1990 1810 sabbato
2016 1753 2111 1808 Ju-

528 1851 626 1904 dazi
653 1860 776 1904 tunc
796 1847 978 1919 l‘ugere
997 1847 1282 1913 audebant,
1300 1863 1371 1902 ne
1395 1848 1570 1918 legem
1586 1841 2109 1916 transgrederentur;

529 1955 703 2010 neque
724 1939 884 1994 etiam
912 1939 964 1994 in
993 1938 1170 1994 hieme
1197 1939 1350 1994 facile
1371 1949 1506 2003 erat,
1531 1937 1652 1992 ideo
1679 1936 1772 2002 ait,
1799 1934 1973 1990 Orate.
1999 1935 2114 1988 Erit

527 2033 663 2085 enim
686 2041 802 2084 tunc
828 2031 1088 2085 tribulatio
1113 2031 1278 2100 qualis
1303 2046 1577 2097 numquam
1608 2028 1724 2097 fuit,
1757 2043 1915 2096 neque
1939 2033 2111 2094 postea

527 2125 635 2180 erit.
667 2122 743 2178 Ne
768 2122 888 2192 quis
921 2137 1049 2176 vero
1089 2131 1239 2192 putet
1269 2121 1321 2176 id
1350 2119 1691 2191 hyperbolice
1718 2117 1917 2172 dictum
1956 2129 2109 2181 esse;

526 2215 619 2273 sed
651 2215 791 2286 legat
814 2211 1040 2286 Iosephi
1070 2213 1258 2275 libros,
1289 2222 1343 2268 et
1370 2210 1543 2266 discat
1571 2209 1646 2263 rei
1677 2207 1982 2263 veritatem.
2005 2204 2114 2260 Ne-

528 2327 632 2381 que
674 2314 816 2368 enim
855 2309 1051 2367 dixerit
1091 2306 1357 2379 quispiam
1383 2345 1396 2367 ,
1425 2303 1572 2357 illum
1601 2309 1786 2372 utpote
1823 2299 1912 2368 qui
1943 2296 2110 2352 fidelis

527 2406 642 2459 sive
681 2404 1014 2459 Christianus
1043 2409 1222 2464 esset,
1255 2406 1314 2452 ut
1358 2395 1514 2451 dictis
1539 2393 1698 2448 fidem
1741 2390 1939 2446 faceret
1966 2429 1981 2452 ,
2012 2389 2110 2444 ista

527 2495 664 2550 mala
687 2492 1073 2562 amplifleassc;
1100 2505 1218 2544 nam
1250 2496 1304 2544 et
1329 2485 1564 2548 Judazus,
1591 2492 1751 2553 atque
1776 2483 1913 2536 inter
1931 2478 2110 2536 Judai-

525 2601 712 2640 eorum
744 2582 1169 2639 ferventissimus
1196 2579 1428 2635 cultores
1455 2583 1576 2645 post
1593 2571 1793 2628 Christi
1825 2570 2110 2626 adventum

528 2687 663 2732 erat.
696 2675 831 2743 Quid
859 2674 1018 2746 igitur
1045 2681 1225 2727 narrat
1255 2669 1379 2725 ille?
1405 2665 1749 2723 Calamitates
1778 2663 1895 2718 illas
1918 2672 2114 2731 tragm-

528 2770 668 2826 (liam
717 2781 931 2822 onmem
973 2777 1294 2834 superasse,
1337 2759 1640 2829 bellumque
1684 2756 1787 2812 tale
1827 2769 2112 2825 numquam

529 2859 700 2916 cuivis
746 2858 890 2929 genti
921 2866 1115 2912 lautam
1144 2853 1389 2910 attulisse
1417 2849 1645 2905 cladem.
1674 2847 1842 2902 Tanta
1866 2845 2009 2900 enim
2034 2843 2112 2900 fa-

527 2965 643 3007 mes
669 2959 820 3017 erat,
861 2956 918 3003 ut
958 2957 1159 3002 matres
1183 2945 1250 2999 de
1277 2938 1625 2997 comedendis
1666 2937 1843 3009 pueris
1884 2938 2024 2991 inter
2053 2949 2111 2990 se

524 3043 882 3107 decertarent,
899 3045 954 3094 et
974 3038 1072 3092 hac
1086 3035 1153 3092 de
1175 3050 1235 3090 re
1259 3042 1442 3089 mutuo
1460 3036 1752 3101 pugnarent
1775 3043 1789 3094 ;
1813 3026 2112 3095 multosque

526 3142 769 3191 mortuos
813 3147 843 3186 a
889 3137 1076 3186 ventre
1118 3125 1374 3182 discissos
1419 3122 1601 3177 fuisse.
1649 3119 1899 3175 Libenter
1957 3117 2113 3186 igitur

524 3225 746 3283 Iudaeos
790 3223 1177 3291 interrogarem
1202 3259 1216 3283 ,
1246 3216 1516 3272 undenam
1561 3211 1678 3266 hrec
1723 3217 1870 3263 tanta
1901 3216 2113 3277 tamque

529 3315 860 3375 intoleranda
883 3313 1159 3369 calamitas
1179 3326 1208 3364 a
1230 3308 1406 3365 divina
1425 3309 1500 3361 ira
1523 3305 1654 3376 ipsis
1676 3303 1911 3358 immissa
1934 3299 2109 3365 fuerit,

527 3425 645 3482 qutc
669 3407 961 3480 praeteritas
985 3416 1172 3459 omnes
1194 3444 1212 3470 ,
1242 3416 1346 3456 non
1375 3399 1533 3454 modo
1559 3399 1611 3452 in
1643 3395 1880 3451 iudieam
1899 3435 1913 3459 ,
1941 3392 2036 3448 sed
2062 3400 2117 3446 et

528 3519 626 3575 per
673 3511 840 3557 totum
888 3498 1076 3555 orbem
1134 3497 1370 3550 invectas
1426 3489 1755 3546 calamitates
1799 3485 2116 3575 superaret?

530 3574 721 3651 Annon
751 3592 820 3647 ob
844 3589 1080 3646 crucifixi
1109 3585 1303 3642 Christi
1336 3582 1549 3640 facinus
1599 3580 1651 3634 id
1678 3578 1936 3634 accidisse
1963 3574 2115 3629 dixe-

530 3685 636 3740 rint
662 3696 850 3738 omnes
874 3723 889 3748 ,
916 3695 980 3735 ae
1019 3693 1128 3749 pra:
1147 3676 1395 3731 omnibus
1435 3675 1548 3744 ipsa
1573 3685 1752 3725 rerum
1779 3666 2009 3724 veritas?
2037 3665 2116 3719 Tu

533 3790 660 3829 vero
689 3772 818 3828 mihi
856 3770 1116 3826 malorum
1147 3765 1417 3822 cumulum
1447 3761 1728 3819 considera
1749 3803 1763 3828 ,
1790 3755 2116 3830 quandoqui-

533 3864 655 3918 dem
695 3877 792 3917 nec
821 3856 1180 3931 praecedenti,
1207 3857 1320 3912 imo
1367 3869 1465 3909 nec
1509 3851 1848 3923 subsequenti
1880 3857 2116 3919 tempore

531 3954 802 4024 quidpiam
847 3953 919 4008 ita
946 3950 1316 4009 calamitosum
1364 3947 1603 4016 reperire
1631 3945 1772 4000 licet.
1807 3942 1900 3998 llis
1924 3941 2119 4012 quippe

533 4044 690 4101 malis
717 4057 814 4104 nec
841 4042 986 4112 prius
1008 4054 1109 4096 nec
1130 4038 1392 4109 posterius
1417 4036 1560 4109 paria
1583 4035 1693 4089 visa
1725 4032 1890 4088 fuere.
1915 4030 1982 4086 Et
1997 4030 2118 4102 jure

536 4137 770 4209 quidem.
801 4134 984 4204 Neque
1012 4133 1154 4188 enim
1197 4130 1369 4202 quivis
1410 4127 1684 4182 hominum
1713 4125 1798 4180 vel
1839 4132 1995 4179 antea
2035 4121 2116 4176 vel

534 4238 736 4300 postea,
764 4236 868 4281 tam
887 4225 1147 4294 iniquum,
1167 4232 1271 4276 tam
1287 4213 1622 4276 horrendum
1643 4217 1818 4274 scelus
1841 4211 2121 4271 admittere

535 4334 698 4376 ausus
721 4328 820 4372 est.
843 4315 967 4371 Ideo
991 4317 1094 4370 ait:
1117 4313 1233 4368 Erit
1260 4312 1515 4366 tribulatio
1551 4303 1715 4380 riualis
1750 4324 1852 4364 non
1890 4308 2006 4378 fuit,
2030 4322 2120 4360 nec

537 4418 653 4467 erit.
692 4393 882 4464 22313:
919 4407 1016 4462 nisi
1049 4404 1320 4459 abbreviati
1349 4403 1562 4476 fuissent
1592 4401 1698 4454 dies
1718 4399 1795 4454 illi
1818 4440 1833 4466 ,
1859 4414 1960 4452 non
1984 4398 2121 4468 ﬁeret

535 4505 679 4559 salva
703 4501 864 4557 omnis
891 4516 1009 4554 caro
1035 4514 1053 4552 :
1087 4507 1289 4568 propter
1317 4496 1497 4550 electos
1516 4503 1681 4548 autem
1707 4488 2123 4545 abbreviabuntur

539 4596 646 4650 dies
687 4593 786 4648 illi.
833 4592 969 4646 llinc
999 4589 1230 4644 ostendit
1258 4587 1378 4642 illos
1400 4585 1631 4656 graviori
1656 4584 1818 4640 etiam
1864 4581 2122 4652 supplicio

542 4687 730 4757 dignos
761 4683 922 4739 fuisse
945 4723 961 4748 ,
1004 4696 1097 4751 per
1123 4679 1351 4749 illosque
1392 4677 1507 4734 dies
1554 4675 1799 4746 intelligit
1829 4673 1953 4728 belli
1982 4672 2124 4727 obsi-

539 4777 1060 4847 dionisquetcmpus.
1077 4772 1189 4828 Hoc
1210 4785 1368 4842 porro
1383 4768 1490 4825 vult
1513 4769 1834 4840 significare.
1858 4763 2124 4821 Sidiutius

538 4868 898 4923 Romanorum
943 4872 1128 4920 contra
1165 4864 1347 4918 urbem
1381 4861 1532 4916 illam
1581 4858 1778 4915 bellum
1823 4864 2121 4912 extractum

535 4965 746 5025 luisset,
775 4972 963 5013 omnes
988 4956 1156 5012 ιιιόωὶ
1192 4955 1499 5026 periissem:
1518 4967 1649 5007 nam
1671 4965 1884 5006 omnem
1909 4963 2122 5004 carnem

539 5054 624 5106 hic
644 5064 739 5121 pro
765 5048 983 5104 Judaiea
1025 5047 1233 5117 posuit;
1261 5044 1579 5115 Judtcosque
1609 5041 1982 5114 complectitur
2015 5056 2119 5095 non

536 5156 635 5198 eos
659 5140 819 5196 modo
839 5140 929 5209 qui
945 5139 1080 5193 intra
1105 5178 1120 5203 ,
1157 5137 1250 5192 sed
1284 5150 1376 5191 eos
1400 5137 1557 5191 etiam
1597 5135 1685 5207 qui
1722 5141 1869 5190 extra
1887 5132 2124 5188 Judmam

538 5243 711 5288 erant.
743 5231 857 5287 Non
878 5230 1050 5286 solum
1069 5227 1208 5283 enim
1231 5227 1275 5283 si
1299 5228 1387 5296 qui
1405 5228 1455 5282 in
1477 5227 1657 5282 Iudaea
1678 5239 1827 5283 erant
1847 5225 2122 5296 imaugua-

542 5326 774 5390 bantur;
815 5339 998 5379 verum
1025 5322 1184 5377 etiam
1224 5333 1340 5386 eos,
1370 5321 1460 5390 qui
1495 5319 1690 5389 ubique
1731 5330 1987 5373 terrarum
2025 5319 2122 5373 de-

539 5417 758 5489 gebant,
784 5414 1178 5485 proscribebant
1209 5411 1579 5482 lugabautque,
1607 5411 1730 5465 odio
1759 5411 2002 5480 permoti.

614 5506 668 5560 2.
699 5507 969 5571 Quasnam
997 5511 1172 5558 autem
1205 5503 1293 5557 hic
1323 5503 1524 5556 electos
1553 5499 1740 5556 vocat?
1767 5499 2007 5563 Fideles,
2036 5499 2124 5569 qui

543 5603 601 5658 in
639 5595 818 5650 medio
866 5595 1073 5648 illorum
1114 5593 1350 5649 conclusi
1389 5601 1560 5647 erant.
1591 5589 1670 5645 Nc
1709 5591 1950 5645 dicerent
1983 5592 2122 5645 enim

542 5689 707 5745 Jodati
729 5729 748 5754 ,
779 5687 894 5742 haec
923 5685 1059 5740 mala
1081 5686 1320 5741 immissa
1352 5685 1515 5740 fuisse
1556 5684 1625 5739 ob
1654 5682 2082 5754 pradicationcm
2107 5725 2123 5749 ,

547 5793 599 5834 et
625 5781 765 5851 quod
787 5780 1034 5836 Christus
1055 5779 1388 5845 adoraretur,
1411 5778 1643 5835 ostendit
1671 5778 1853 5833 lideles
1879 5777 1996 5832 illos
2024 5793 2126 5833 non

543 5873 706 5928 modo
735 5874 862 5942 ipsis
883 5886 1099 5929 causam
1123 5872 1383 5929 malorum
1422 5888 1527 5929 non
1553 5872 1735 5939 fuisse,
1766 5871 1859 5927 sed
1891 5872 2049 5926 etiam
2081 5873 2124 5925 si

1300 449 1358 506 S.
1398 447 1672 506 JOANNIS
1704 448 2184 506 CllRYSOSTOMl
2225 451 2539 512 ARCHIEP.
2580 455 3109 518 CONSTANTINOP.

3709 470 3821 528 696

2240 566 2312 620 illi
2342 582 2451 622 non
2476 569 2803 639 adfuissent,
2829 589 3016 631 omnes
3058 577 3311 635 radicitus
3338 580 3602 651 perituros
3632 585 3821 644 fuisse.

2235 657 2367 714 Nam
2388 660 2784 745 sipermlsisset
2807 666 2946 723 Deus
2966 668 3161 725 bellum
3179 670 3391 740 durare,
3421 674 3584 731 nulla:
3602 675 3826 734 Iudaeo-

2235 767 2352 806 rum
2377 751 2599 809 fuissent
2625 756 2862 827 reliquiae
2892 776 2905 812 :
2939 760 3034 816 sed
3066 778 3132 817 ne
3155 778 3275 818 cum
3296 763 3601 822 infidelibus
3623 767 3827 826 Judmis

2238 843 2419 900 fideles
2445 861 2509 900 ex
2537 848 2643 902 illis
2665 851 2767 904 orti
2791 851 3045 921 perirent,
3067 853 3264 910 bellum
3280 857 3435 912 citius
3455 859 3614 915 solvit
3633 869 3687 915 et
3709 869 3824 918 ter-

2233 935 2475 991 minavit.
2500 938 2625 993 ldeo
2649 939 2742 1003 ait,
2764 940 2984 1012 Propter
3004 943 3183 1000 electos
3206 959 3374 1002 autem
3401 951 3828 1009 abbreviabuntur

2231 1024 2342 1079 dies
2365 1027 2462 1082 illi.
2497 1028 2621 1085 Haec
2649 1039 2822 1087 autem
2851 1032 3083 1102 dicebat,
3111 1046 3168 1090 ut
3196 1040 3616 1097 consolationem
3651 1043 3824 1100 relin-

2235 1125 2427 1183 queret
2458 1117 2522 1173 iis
2544 1119 2634 1190 qui
2665 1121 2716 1176 in
2745 1123 2922 1178 medio
2945 1124 3249 1182 Judworum
3274 1131 3516 1187 conclusi
3541 1143 3732 1200 erant,
3763 1145 3824 1190 ut

2227 1210 2522 1278 respirandi
2567 1213 2741 1270 locum
2770 1216 2958 1281 daret,
3012 1235 3187 1292 neque
3229 1223 3476 1280 timerent
3524 1229 3675 1297 quasi
3719 1229 3821 1298 ipsi

2225 1300 2381 1357 simul
2411 1306 2652 1374 perituri.
2683 1309 2835 1374 Quod
2865 1312 2909 1365 si
2944 1319 3085 1366 tanta
3129 1311 3360 1369 fidelium
3407 1317 3608 1385 geritur
3634 1320 3820 1387 provi-

2225 1392 2423 1456 dentia,
2443 1403 2499 1450 ut
2521 1409 2738 1469 propter
2759 1401 2876 1456 illos
2897 1403 2983 1456 alii
3002 1415 3299 1471 serventur,
3326 1416 3486 1478 utque
3507 1408 3816 1465 Judaaontm

2225 1483 2463 1555 reliquis:
2487 1487 2710 1558 propter
2737 1491 3066 1548 Christianos
3095 1497 3408 1563 manserint,
3441 1509 3670 1567 quantus
3703 1500 3809 1557 illis

2224 1575 2487 1631 tribuetur
2514 1579 2686 1634 honor
2709 1597 3024 1638 con-nuarum
3058 1588 3332 1656 tempore?
3360 1588 3491 1644 llinc
3511 1593 3671 1645 etiam
3693 1591 3816 1648 illos

2222 1667 2567 1735 consolatur,
2616 1686 2683 1725 ne
2711 1673 2760 1725 in
2808 1675 3035 1746 propriis
3077 1677 3180 1731 sihi
3227 1679 3476 1748 periculis
3509 1692 3810 1750 angantur,

2221 1757 2434 1826 quando
2461 1760 2644 1816 vident
2666 1762 2799 1818 alios
2827 1765 3012 1821 iisdem
3041 1782 3327 1837 oppressos
3355 1770 3528 1837 malis,
3558 1772 3814 1844 nulloque

2221 1863 2320 1904 suo
2357 1848 2534 1905 fructu
2557 1893 2571 1917 ,
2603 1853 2696 1908 sed
2723 1854 2804 1908 sui
2843 1858 3030 1926 capitis
3053 1857 3396 1914 detrimento.
3425 1861 3608 1932 Neque
3634 1866 3810 1919 solum

2220 1939 2339 1996 illos
2365 1943 2750 1998 consolabatur
2773 1988 2787 2012 ,
2824 1947 2914 2002 sed
2961 1951 3120 2003 etiam
3166 1952 3374 2006 occulte
3417 1961 3574 2022 atque
3606 1957 3808 2010 sensim

2220 2047 2250 2086 a
2278 2033 2510 2089 .ludaicis
2536 2037 2773 2093 moribus
2799 2039 3113 2096 abducebat.
3149 2043 3276 2097 Nam
3307 2045 3353 2098 si
3381 2045 3521 2100 nulla
3554 2047 3810 2118 deinceps

2217 2128 2288 2181 sit
2307 2127 2480 2183 futura
2504 2130 2746 2196 mutatio,
2769 2132 2811 2185 si
2837 2134 3087 2204 templum
3114 2151 3220 2189 non
3241 2146 3345 2192 stet
3364 2140 3610 2210 amplius,
3635 2141 3808 2213 legem

2218 2230 2338 2271 esse
2381 2228 2712 2274 cessaturam
2755 2221 2928 2292 palam
2959 2233 3062 2280 est.
3099 2225 3295 2282 Verum
3331 2228 3434 2286 hoc
3473 2247 3578 2286 non
3621 2244 3810 2300 aperte

2215 2307 2366 2376 dicit,
2389 2308 2482 2365 sed
2509 2311 2576 2364 ab
2598 2311 2805 2368 illorum
2828 2315 3035 2371 excidio
3057 2315 3108 2371 id
3129 2317 3498 2375 subindicavit.
3529 2320 3810 2378 Manifesta

2215 2413 2344 2455 vero
2387 2415 2492 2456 non
2524 2402 2690 2470 dixit,
2741 2420 2808 2459 ue
2853 2415 2977 2461 ante
3009 2417 3216 2478 tempus
3257 2416 3482 2466 terreret
3526 2427 3640 2468 eos.
3684 2412 3810 2468 ldeo

2218 2506 2391 2563 neque
2418 2510 2449 2548 a
2471 2487 2802 2564 principio'iu
2828 2497 2969 2552 hunc
2990 2500 3252 2571 praecipue
3272 2515 3573 2556 sermonem
3601 2503 3804 2570 incidit;

2217 2584 2315 2640 sed
2346 2593 2623 2656 postquam
2651 2603 2728 2643 va:
2754 2589 2955 2644 civitati
2987 2589 3062 2645 illi
3090 2591 3332 2659 dixerat,
3374 2594 3624 2664 ipsosque
3645 2594 3805 2650 indu-

2219 2684 2396 2743 xerat,
2431 2683 2488 2730 ut
2510 2677 2714 2746 lapides
2744 2679 2867 2733 illos
2891 2681 2994 2735 sibi
3024 2690 3408 2749 monstrarent,
3438 2698 3605 2755 seque
3631 2686 3805 2741 inter-

2216 2775 2501 2837 rogarent;
2534 2777 2591 2822 ut
2619 2770 2768 2838 quasi
2811 2769 2877 2825 ad
2909 2771 3382 2844 interrogationem
3423 2775 3757 2846 respondens
3782 2819 3801 2845 ,

2215 2857 2396 2912 omnia
2424 2857 2596 2915 futura
2638 2862 3039 2931 praenuntiaret.
3087 2862 3167 2918 Tu
3211 2879 3341 2922 vero
3386 2868 3517 2922 mihi
3563 2868 3802 2938 Spiritus

2215 2949 2668 3020 dispensationem
2687 2952 2996 3009 consideres
3017 2954 3206 3021 velim;
3229 2956 3360 3011 nihil
3382 2957 3570 3014 horum
3591 2961 3808 3032 scripsit

2215 3041 2472 3111 Joannes,
2497 3058 2564 3099 ne
2585 3043 2856 3100 videretur
2882 3062 2948 3101 ex
2976 3055 3171 3102 eventu
3201 3049 3318 3119 ipso
3347 3050 3463 3106 hac
3490 3053 3802 3125 scripsisse:

2215 3149 2339 3190 nam
2383 3135 2448 3190 ad
2487 3137 2713 3192 multum
2751 3138 2819 3194 ab
2860 3139 3067 3196 excidio
3107 3139 3554 3215 Jerosolymitano
3595 3155 3806 3218 tempus

2216 3227 2375 3284 vitam
2399 3228 2667 3299 produxit.
2696 3229 2802 3286 Sed
2829 3231 2861 3286 ii
2882 3233 2973 3302 qui
2998 3242 3122 3290 ante
3144 3235 3272 3292 illud
3294 3238 3555 3293 excidium
3583 3242 3802 3309 mortui,

2216 3319 2350 3375 nihil
2371 3319 2579 3375 illorum
2601 3320 2860 3387 viderant,
2884 3322 2997 3380 haec
3015 3324 3343 3396 describunt,
3368 3339 3434 3384 ut
3443 3332 3809 3401 pradictiouis

2218 3411 2300 3466 vis
2327 3411 2560 3482 undique
2588 3411 2811 3485 fulgeat.

2290 3500 2520 3558 Christus
2543 3503 2819 3557 secundum
2856 3521 3002 3561 suum
3030 3508 3299 3563 adventum
3341 3512 3592 3581 pradicit.
3613 3543 3683 3554 —
3708 3514 3803 3571 23.

2219 3591 2367 3647 Tunc
2390 3595 2432 3648 si
2467 3595 2580 3666 quis
2605 3594 2741 3649 vobis
2775 3595 2980 3666 dixerit,
3015 3597 3146 3654 Ecce
3171 3601 3252 3654 hic
3291 3600 3524 3658 Christus
3561 3615 3651 3658 aut
3688 3606 3805 3672 hic,

2222 3684 2377 3737 nolite
2425 3684 2654 3738 credere.
2704 3684 2793 3739 24.
2847 3685 3069 3757 Surgent
3115 3690 3246 3743 enim
3302 3693 3701 3762 pseudo-christi
3757 3705 3810 3750 et

2221 3775 2714 3847 pseudo-prophetae,
2739 3785 2786 3830 et
2806 3776 2993 3831 dabunt
3013 3779 3161 3850 signa
3181 3791 3328 3851 atque
3351 3783 3607 3854 prodigia,
3631 3785 3703 3838 ita
3729 3797 3810 3853 ut,

2221 3868 2266 3921 si
2293 3869 2404 3937 ﬁeri
2428 3870 2604 3939 possit,
2633 3871 2782 3924 etiam
2808 3867 2988 3924 electos
3007 3872 3272 3926 seducunt.
3299 3873 3392 3930 25.
3423 3875 3560 3932 Ecce
3587 3881 3815 3948 pradixi

2227 3959 2383 4013 vobis.
2417 3957 2507 4014 26.
2534 3959 2596 4014 Si
2625 3975 2743 4029 ergo
2769 3960 2990 4014 dixerint
3019 3961 3158 4015 vobis
3178 4003 3193 4030 ,
3225 3961 3356 4017 Ecce
3379 3964 3433 4018 in
3461 3965 3656 4020 deserto
3694 3979 3768 4022 est
3795 4011 3811 4033 ,

2224 4049 2381 4103 nolite
2410 4051 2587 4114 exire;
2625 4050 2761 4104 Ecce
2798 4053 2851 4104 in
2891 4053 3248 4122 penetralibus,
3283 4054 3438 4109 nolite
3467 4057 3687 4113 credere.
3717 4059 3812 4112 27.

2226 4140 2373 4194 Sicut
2400 4141 2532 4194 enim
2559 4141 2733 4212 fulgur
2761 4144 2859 4196 exit
2886 4143 2948 4195 ab
2978 4144 3190 4210 oriente,
3233 4153 3280 4197 et
3316 4156 3528 4215 apparet
3559 4163 3715 4219 usque
3745 4150 3818 4201 ad

2225 4231 2562 4295 occidentem;
2583 4234 2656 4286 sic
2681 4233 2773 4286 erit
2797 4243 2843 4287 et
2866 4235 3112 4288 adventus
3139 4233 3265 4287 Filii
3299 4237 3534 4291 hominis.
3564 4237 3652 4293 28.
3680 4238 3814 4294 Ubi-

2227 4337 2437 4392 cumque
2456 4323 2588 4376 enim
2610 4322 2759 4391 fuerit
2780 4340 2982 4395 corpus,
3005 4324 3074 4378 ibi
3092 4327 3525 4396 congregabantur
3545 4329 3815 4402 et'aqnilar.

2227 4412 2443 4482 ltnpleta
2467 4413 2532 4467 de
2551 4413 2897 4486 Jerosolymis
2917 4416 3239 4480 narratione,
3259 4415 3326 4471 ad
3353 4432 3508 4473 suum
3525 4419 3816 4476 adventum

2227 4513 2408 4574 postea
2437 4506 2626 4575 pergit,
2656 4506 2910 4576 signaque
2938 4507 3065 4574 ipsis
3090 4517 3292 4571 narrat,
3326 4523 3430 4563 non
3458 4513 3630 4566 solum
3661 4513 3815 4583 ipsis,

2227 4597 2318 4652 sed
2363 4598 2522 4652 etiam
2577 4598 2729 4654 nobis
2773 4609 2826 4654 et
2865 4607 2986 4668 post
3030 4614 3130 4654 nos
3181 4600 3372 4655 futuris
3404 4603 3571 4657 utilia.
3623 4602 3814 4673 Tunc,

2226 4687 2598 4756 quandonam?
2625 4689 2738 4754 llic,
2771 4699 2824 4743 ut
2845 4704 2987 4758 smpe
3007 4689 3140 4757 dixi,
3172 4691 3323 4758 illud,
3355 4691 3518 4759 Tunc,
3552 4710 3658 4750 non
3688 4712 3820 4766 pra:-

2227 4780 2438 4835 cedenti
2483 4782 2708 4851 tempori
2736 4822 2753 4847 ,
2784 4796 2902 4851 qua:
2947 4793 3242 4854 sequuntur
3286 4801 3388 4840 una
3437 4787 3578 4843 serie
3607 4788 3820 4846 haerere

2226 4871 2508 4942 significat.
2534 4873 2631 4929 Ubi
2655 4873 2793 4928 enim
2815 4874 3055 4930 eamdem
3080 4878 3332 4945 temporis
3358 4877 3550 4934 seriem
3579 4881 3822 4939 indicare

2227 4964 2413 5031 voluit,
2439 4966 2633 5029 intulit,
2665 4965 2849 5019 Statim
2877 4977 2987 5036 post
3005 4968 3371 5024 tribulationem
3388 4970 3582 5026 dierum
3610 4974 3822 5030 illorum

2229 5054 2902 5126 (Mattlt.2$.29).llievero
2914 5073 3017 5112 nou
3038 5061 3129 5126 ita,
3143 5061 3234 5114 sed
3251 5061 3566 5131 illud,Tunc,
3583 5081 3687 5122 nun
3703 5067 3824 5123 hare

2228 5145 2407 5200 statim
2433 5148 2580 5215 sequi
2608 5147 2826 5213 indicat,
2858 5148 2951 5203 sed
2980 5165 3085 5219 quo
3117 5163 3356 5220 tempore
3387 5155 3476 5207 illa
3498 5171 3621 5224 quae
3647 5157 3824 5212 dictu-

2230 5253 2321 5291 rus
2351 5247 2466 5291 erat
2491 5241 2663 5293 l'utura
2694 5251 2896 5294 essent.
2929 5239 3018 5296 Sic
3048 5245 3205 5296 etiam
3230 5259 3349 5298 cum
3376 5243 3525 5312 dicit,
3555 5245 3622 5301 In
3644 5248 3824 5304 diebus

2229 5328 2331 5381 illis
2355 5329 2482 5381 venit
2503 5328 2728 5384 Joannes
2749 5329 2980 5402 Baptista
3001 5334 3021 5402 (
3042 5332 3226 5389 Matth.
3257 5335 3310 5390 5.
3345 5336 3370 5391 1
3394 5334 3449 5407 ),
3483 5351 3587 5392 non
3611 5346 3825 5409 tempus

2230 5419 2406 5473 statim
2433 5434 2662 5489 sequens
2688 5422 2904 5487 indicat,
2934 5422 3028 5478 sed
3051 5440 3112 5480 ea
3142 5439 3258 5495 qua:
3283 5435 3403 5494 post
3431 5427 3628 5483 multos
3653 5444 3825 5485 annos

2231 5520 2479 5565 eventura
2510 5523 2682 5578 erant,
2707 5522 2765 5566 et
2788 5522 2998 5584 tempus
3024 5531 3129 5584 quo
3152 5517 3282 5583 hcce,
3312 5533 3431 5587 qua:
3453 5519 3692 5574 dicturus
3715 5531 3822 5586 est,

2234 5602 2372 5656 facta
2420 5613 2562 5658 sunt.
2595 5604 2730 5660 Nam
2763 5616 3041 5677 postquam
3073 5608 3138 5662 de
3181 5618 3300 5663 ortu
3325 5611 3521 5666 Christi
3553 5612 3723 5679 dixit,
3757 5615 3827 5670 de

2231 5708 2506 5761 magorum
2536 5696 2788 5760 adventu,
2813 5707 2866 5751 et
2886 5697 2952 5751 de
2975 5709 3147 5753 morte
3171 5698 3414 5766 Herodis,
3434 5703 3611 5758 statim
3641 5704 3822 5758 addit:

2235 5780 2300 5835 In
2331 5784 2506 5837 diebus
2531 5783 2635 5839 illis
2675 5788 2804 5840 venit
2832 5786 3058 5842 Joannes
3085 5789 3315 5859 Baptista
3336 5807 3357 5854 ξ
3381 5800 3542 5861 atque
3584 5796 3818 5864 spatium

2240 5890 2499 5931 annorum
2525 5879 2734 5950 triginta
2763 5878 3020 5936 interfuit.
3048 5882 3153 5938 Sed
3177 5898 3291 5939 mos
3314 5884 3697 5958 estScriptt:r.e
3728 5884 3822 5942 illo
