  <div class='ocr_page' id='page_1' title='image "/cluster/home/n/w/nwhite01/storage/ocr_20150623/58/ien.35556001660851/242.png"; bbox 0 0 4074 6462; ppageno 0'>
   <div class='ocr_carea' id='block_1_1' title="bbox 235 402 348 458">
    <p class='ocr_par' dir='ltr' id='par_1_1' title="bbox 235 402 348 458">
     <span class='ocr_line' id='line_1_1' title="bbox 235 402 348 458; baseline -0.035 0"><span class='ocrx_word' id='word_1_1' title='bbox 235 402 348 458; x_wconf 80' lang='lat'><strong>697</strong></span> 
     </span>
    </p>
   </div>
   <div class='ocr_carea' id='block_1_2' title="bbox 242 505 1837 573">
    <p class='ocr_par' dir='ltr' id='par_1_2' title="bbox 242 505 1837 573">
     <span class='ocr_line' id='line_1_2' title="bbox 242 505 1837 573; baseline -0.011 -1"><span class='ocrx_word' id='word_1_2' title='bbox 242 519 322 572; x_wconf 86' lang='lat' dir='ltr'><strong>uti</strong></span> <span class='ocrx_word' id='word_1_3' title='bbox 354 515 672 573; x_wconf 72' lang='lat' dir='ltr'><strong>enarranda:</strong></span> <span class='ocrx_word' id='word_1_4' title='bbox 715 513 950 569; x_wconf 66' lang='lat' dir='ltr'><strong>historiae</strong></span> <span class='ocrx_word' id='word_1_5' title='bbox 993 510 1174 566; x_wconf 92' lang='lat' dir='ltr'><strong>modo.</strong></span> <span class='ocrx_word' id='word_1_6' title='bbox 1199 511 1289 566; x_wconf 88' lang='lat' dir='ltr'><strong>Sic</strong></span> <span class='ocrx_word' id='word_1_7' title='bbox 1332 509 1492 565; x_wconf 88' lang='lat' dir='ltr'><strong>etiam</strong></span> <span class='ocrx_word' id='word_1_8' title='bbox 1540 508 1642 561; x_wconf 89' lang='lat' dir='ltr'><strong>hoc</strong></span> <span class='ocrx_word' id='word_1_9' title='bbox 1682 505 1797 559; x_wconf 86' lang='lat' dir='ltr'><strong>loco</strong></span> <span class='ocrx_word' id='word_1_10' title='bbox 1823 544 1837 570; x_wconf 91' lang='lat'><strong>,</strong></span> 
     </span>
    </p>
   </div>
   <div class='ocr_carea' id='block_1_3' title="bbox 235 600 1844 674">
    <p class='ocr_par' dir='ltr' id='par_1_3' title="bbox 235 600 1844 674">
     <span class='ocr_line' id='line_1_3' title="bbox 235 600 1844 674; baseline -0.011 -7"><span class='ocrx_word' id='word_1_11' title='bbox 235 613 416 667; x_wconf 76' lang='lat' dir='ltr'><strong>misso</strong></span> <span class='ocrx_word' id='word_1_12' title='bbox 448 607 768 664; x_wconf 86' lang='lat' dir='ltr'><strong>intermedio</strong></span> <span class='ocrx_word' id='word_1_13' title='bbox 796 606 942 663; x_wconf 87' lang='lat' dir='ltr'><strong>omni</strong></span> <span class='ocrx_word' id='word_1_14' title='bbox 975 614 1252 674; x_wconf 86' lang='lat' dir='ltr'><strong>tempore,</strong></span> <span class='ocrx_word' id='word_1_15' title='bbox 1295 600 1437 672; x_wconf 91' lang='lat' dir='ltr'><strong>quod</strong></span> <span class='ocrx_word' id='word_1_16' title='bbox 1471 600 1701 654; x_wconf 79' lang='lat' dir='ltr'><strong>futurum</strong></span> <span class='ocrx_word' id='word_1_17' title='bbox 1729 604 1844 651; x_wconf 85' lang='lat' dir='ltr'><strong>erat</strong></span> 
     </span>
    </p>
   </div>
   <div class='ocr_carea' id='block_1_4' title="bbox 234 686 1835 768">
    <p class='ocr_par' dir='ltr' id='par_1_4' title="bbox 234 686 1835 768">
     <span class='ocr_line' id='line_1_4' title="bbox 234 686 1835 768; baseline -0.01 -12"><span class='ocrx_word' id='word_1_18' title='bbox 234 703 517 758; x_wconf 76' lang='lat' dir='ltr'><strong>excidium</strong></span> <span class='ocrx_word' id='word_1_19' title='bbox 551 701 689 755; x_wconf 86' lang='lat' dir='ltr'><strong>inter</strong></span> <span class='ocrx_word' id='word_1_20' title='bbox 740 707 796 755; x_wconf 89' lang='lat' dir='ltr'><strong>et</strong></span> <span class='ocrx_word' id='word_1_21' title='bbox 839 696 1098 768; x_wconf 90' lang='lat' dir='ltr'><strong>principia</strong></span> <span class='ocrx_word' id='word_1_22' title='bbox 1144 690 1656 754; x_wconf 73' lang='lat' dir='ltr'><strong>consummationis,</strong></span> <span class='ocrx_word' id='word_1_23' title='bbox 1702 686 1835 757; x_wconf 87' lang='lat' dir='ltr'><strong>quid</strong></span> 
     </span>
    </p>
   </div>
   <div class='ocr_carea' id='block_1_5' title="bbox 247 785 1841 861">
    <p class='ocr_par' dir='ltr' id='par_1_5' title="bbox 247 785 1841 861">
     <span class='ocr_line' id='line_1_5' title="bbox 247 785 1841 861; baseline -0.01 -13"><span class='ocrx_word' id='word_1_24' title='bbox 247 791 414 861; x_wconf 75' lang='lat' dir='ltr'><strong>paulo</strong></span> <span class='ocrx_word' id='word_1_25' title='bbox 455 800 581 845; x_wconf 89' lang='lat' dir='ltr'><strong>ante</strong></span> <span class='ocrx_word' id='word_1_26' title='bbox 627 788 1144 844; x_wconf 77' lang='lat' dir='ltr'><strong>consummationem</strong></span> <span class='ocrx_word' id='word_1_27' title='bbox 1182 785 1418 839; x_wconf 80' lang='lat' dir='ltr'><strong>futurum</strong></span> <span class='ocrx_word' id='word_1_28' title='bbox 1458 792 1602 836; x_wconf 89' lang='lat' dir='ltr'><strong>esset</strong></span> <span class='ocrx_word' id='word_1_29' title='bbox 1639 788 1841 834; x_wconf 83' lang='lat' dir='ltr'><strong>narrat.</strong></span> 
     </span>
    </p>
   </div>
   <div class='ocr_carea' id='block_1_6' title="bbox 237 871 1836 951">
    <p class='ocr_par' dir='ltr' id='par_1_6' title="bbox 237 871 1836 951">
     <span class='ocr_line' id='line_1_6' title="bbox 237 871 1836 951; baseline -0.007 -15"><span class='ocrx_word' id='word_1_30' title='bbox 237 881 283 937; x_wconf 81' lang='grc' dir='ltr'><strong><em>Γ</em></strong></span> <span class='ocrx_word' id='word_1_31' title='bbox 290 899 410 945; x_wconf 82' lang='lat' dir='ltr'><strong>unc,</strong></span> <span class='ocrx_word' id='word_1_32' title='bbox 435 881 635 951; x_wconf 88' lang='lat' dir='ltr'><strong>inquit,</strong></span> <span class='ocrx_word' id='word_1_33' title='bbox 660 881 701 934; x_wconf 89' lang='lat' dir='ltr'><strong>si</strong></span> <span class='ocrx_word' id='word_1_34' title='bbox 725 880 836 949; x_wconf 83' lang='lat' dir='ltr'><strong>quis</strong></span> <span class='ocrx_word' id='word_1_35' title='bbox 857 879 992 933; x_wconf 82' lang='lat' dir='ltr'><strong>vobis</strong></span> <span class='ocrx_word' id='word_1_36' title='bbox 1009 878 1214 942; x_wconf 69' lang='lat' dir='ltr'><strong>dixerit,</strong></span> <span class='ocrx_word' id='word_1_37' title='bbox 1236 875 1366 928; x_wconf 85' lang='lat' dir='ltr'><strong>Ecce</strong></span> <span class='ocrx_word' id='word_1_38' title='bbox 1390 875 1471 927; x_wconf 88' lang='lat' dir='ltr'><strong>hic</strong></span> <span class='ocrx_word' id='word_1_39' title='bbox 1491 884 1562 927; x_wconf 92' lang='lat' dir='ltr'><strong>est</strong></span> <span class='ocrx_word' id='word_1_40' title='bbox 1583 871 1836 936; x_wconf 78' lang='lat' dir='ltr'><strong>Christus,</strong></span> 
     </span>
    </p>
   </div>
   <div class='ocr_carea' id='block_1_7' title="bbox 233 963 1842 1035">
    <p class='ocr_par' dir='ltr' id='par_1_7' title="bbox 233 963 1842 1035">
     <span class='ocr_line' id='line_1_7' title="bbox 233 963 1842 1035; baseline -0.006 -9"><span class='ocrx_word' id='word_1_41' title='bbox 233 983 330 1026; x_wconf 82' lang='lat' dir='ltr'><strong>aut</strong></span> <span class='ocrx_word' id='word_1_42' title='bbox 362 973 444 1025; x_wconf 85' lang='lat' dir='ltr'><strong>hic</strong></span> <span class='ocrx_word' id='word_1_43' title='bbox 469 1014 483 1035; x_wconf 85' lang='lat'><strong>,</strong></span> <span class='ocrx_word' id='word_1_44' title='bbox 518 972 674 1025; x_wconf 81' lang='lat' dir='ltr'><strong>nolite</strong></span> <span class='ocrx_word' id='word_1_45' title='bbox 705 970 924 1024; x_wconf 81' lang='lat' dir='ltr'><strong>credere.</strong></span> <span class='ocrx_word' id='word_1_46' title='bbox 957 967 1178 1023; x_wconf 82' lang='lat' dir='ltr'><strong>Interim</strong></span> <span class='ocrx_word' id='word_1_47' title='bbox 1223 966 1341 1021; x_wconf 85' lang='lat' dir='ltr'><strong>illos</strong></span> <span class='ocrx_word' id='word_1_48' title='bbox 1371 981 1399 1019; x_wconf 91' lang='lat' dir='ltr'><strong>a</strong></span> <span class='ocrx_word' id='word_1_49' title='bbox 1428 965 1548 1019; x_wconf 91' lang='lat' dir='ltr'><strong>loco</strong></span> <span class='ocrx_word' id='word_1_50' title='bbox 1575 963 1842 1018; x_wconf 86' lang='lat' dir='ltr'><strong>cautiores</strong></span> 
     </span>
    </p>
   </div>
   <div class='ocr_carea' id='block_1_8' title="bbox 235 1055 1834 1130">
    <p class='ocr_par' dir='ltr' id='par_1_8' title="bbox 235 1055 1834 1130">
     <span class='ocr_line' id='line_1_8' title="bbox 235 1055 1834 1130; baseline -0.008 -11"><span class='ocrx_word' id='word_1_51' title='bbox 235 1067 388 1130; x_wconf 80' lang='lat' dir='ltr'><strong>facit,</strong></span> <span class='ocrx_word' id='word_1_52' title='bbox 418 1062 641 1119; x_wconf 88' lang='lat' dir='ltr'><strong>secundi</strong></span> <span class='ocrx_word' id='word_1_53' title='bbox 671 1063 751 1117; x_wconf 89' lang='lat' dir='ltr'><strong>sui</strong></span> <span class='ocrx_word' id='word_1_54' title='bbox 781 1061 1042 1116; x_wconf 84' lang='lat' dir='ltr'><strong>adventus</strong></span> <span class='ocrx_word' id='word_1_55' title='bbox 1073 1066 1230 1112; x_wconf 92' lang='lat' dir='ltr'><strong>notas</strong></span> <span class='ocrx_word' id='word_1_56' title='bbox 1261 1055 1504 1126; x_wconf 89' lang='lat' dir='ltr'><strong>proprias</strong></span> <span class='ocrx_word' id='word_1_57' title='bbox 1534 1067 1834 1118; x_wconf 86' lang='lat' dir='ltr'><strong>recensens,</strong></span> 
     </span>
    </p>
   </div>
   <div class='ocr_carea' id='block_1_9' title="bbox 236 1147 1842 1216">
    <p class='ocr_par' dir='ltr' id='par_1_9' title="bbox 236 1147 1842 1216">
     <span class='ocr_line' id='line_1_9' title="bbox 236 1147 1842 1216; baseline -0.007 -6"><span class='ocrx_word' id='word_1_58' title='bbox 236 1171 460 1211; x_wconf 79' lang='lat' dir='ltr'><strong>necnon</strong></span> <span class='ocrx_word' id='word_1_59' title='bbox 492 1155 838 1210; x_wconf 88' lang='lat' dir='ltr'><strong>seductorum</strong></span> <span class='ocrx_word' id='word_1_60' title='bbox 887 1159 1124 1206; x_wconf 88' lang='lat' dir='ltr'><strong>ostenta.</strong></span> <span class='ocrx_word' id='word_1_61' title='bbox 1156 1149 1269 1204; x_wconf 93' lang='lat' dir='ltr'><strong>Non</strong></span> <span class='ocrx_word' id='word_1_62' title='bbox 1298 1149 1440 1203; x_wconf 90' lang='lat' dir='ltr'><strong>enim</strong></span> <span class='ocrx_word' id='word_1_63' title='bbox 1473 1155 1530 1200; x_wconf 91' lang='lat' dir='ltr'><strong>ut</strong></span> <span class='ocrx_word' id='word_1_64' title='bbox 1573 1147 1623 1200; x_wconf 91' lang='lat' dir='ltr'><strong>in</strong></span> <span class='ocrx_word' id='word_1_65' title='bbox 1669 1147 1842 1216; x_wconf 88' lang='lat' dir='ltr'><strong>primo</strong></span> 
     </span>
    </p>
   </div>
   <div class='ocr_carea' id='block_1_10' title="bbox 234 1237 1841 1311">
    <p class='ocr_par' dir='ltr' id='par_1_10' title="bbox 234 1237 1841 1311">
     <span class='ocr_line' id='line_1_10' title="bbox 234 1237 1841 1311; baseline -0.008 -8"><span class='ocrx_word' id='word_1_66' title='bbox 234 1262 341 1303; x_wconf 83' lang='lat' dir='ltr'><strong>suo</strong></span> <span class='ocrx_word' id='word_1_67' title='bbox 357 1247 591 1301; x_wconf 89' lang='lat' dir='ltr'><strong>adventu</strong></span> <span class='ocrx_word' id='word_1_68' title='bbox 611 1246 661 1299; x_wconf 91' lang='lat' dir='ltr'><strong>in</strong></span> <span class='ocrx_word' id='word_1_69' title='bbox 677 1243 987 1299; x_wconf 84' lang='lat' dir='ltr'><strong>Bethlehem</strong></span> <span class='ocrx_word' id='word_1_70' title='bbox 1009 1248 1411 1311; x_wconf 85' lang='lat' dir='ltr'><strong>apparuerat,et</strong></span> <span class='ocrx_word' id='word_1_71' title='bbox 1435 1240 1489 1292; x_wconf 89' lang='lat' dir='ltr'><strong>in</strong></span> <span class='ocrx_word' id='word_1_72' title='bbox 1514 1251 1676 1307; x_wconf 90' lang='lat' dir='ltr'><strong>parvo</strong></span> <span class='ocrx_word' id='word_1_73' title='bbox 1696 1237 1841 1291; x_wconf 87' lang='lat' dir='ltr'><strong>orbis</strong></span> 
     </span>
    </p>
   </div>
   <div class='ocr_carea' id='block_1_11' title="bbox 231 1327 1840 1409">
    <p class='ocr_par' dir='ltr' id='par_1_11' title="bbox 231 1327 1840 1409">
     <span class='ocr_line' id='line_1_11' title="bbox 231 1327 1840 1409; baseline -0.007 -17"><span class='ocrx_word' id='word_1_74' title='bbox 231 1339 464 1409; x_wconf 90' lang='lat' dir='ltr'><strong>angulo,</strong></span> <span class='ocrx_word' id='word_1_75' title='bbox 499 1351 599 1391; x_wconf 90' lang='lat' dir='ltr'><strong>nec</strong></span> <span class='ocrx_word' id='word_1_76' title='bbox 628 1336 736 1390; x_wconf 90' lang='lat' dir='ltr'><strong>ullo</strong></span> <span class='ocrx_word' id='word_1_77' title='bbox 769 1334 1044 1388; x_wconf 86' lang='lat' dir='ltr'><strong>hominum</strong></span> <span class='ocrx_word' id='word_1_78' title='bbox 1072 1331 1125 1386; x_wconf 90' lang='lat' dir='ltr'><strong>id</strong></span> <span class='ocrx_word' id='word_1_79' title='bbox 1165 1345 1194 1384; x_wconf 90' lang='lat' dir='ltr'><strong>a</strong></span> <span class='ocrx_word' id='word_1_80' title='bbox 1227 1329 1487 1399; x_wconf 90' lang='lat' dir='ltr'><strong>principio</strong></span> <span class='ocrx_word' id='word_1_81' title='bbox 1517 1329 1734 1391; x_wconf 88' lang='lat' dir='ltr'><strong>sciente,</strong></span> <span class='ocrx_word' id='word_1_82' title='bbox 1771 1327 1840 1381; x_wconf 91' lang='lat' dir='ltr'><strong>ita</strong></span> 
     </span>
    </p>
   </div>
   <div class='ocr_carea' id='block_1_12' title="bbox 239 1421 1843 1498">
    <p class='ocr_par' dir='ltr' id='par_1_12' title="bbox 239 1421 1843 1498">
     <span class='ocr_line' id='line_1_12' title="bbox 239 1421 1843 1498; baseline -0.007 -11"><span class='ocrx_word' id='word_1_83' title='bbox 239 1441 299 1487; x_wconf 83' lang='lat' dir='ltr'><strong>et</strong></span> <span class='ocrx_word' id='word_1_84' title='bbox 329 1440 459 1486; x_wconf 89' lang='lat' dir='ltr'><strong>tunc</strong></span> <span class='ocrx_word' id='word_1_85' title='bbox 495 1429 665 1498; x_wconf 89' lang='lat' dir='ltr'><strong>inquit</strong></span> <span class='ocrx_word' id='word_1_86' title='bbox 700 1447 713 1482; x_wconf 90' lang='lat'><strong>:</strong></span> <span class='ocrx_word' id='word_1_87' title='bbox 743 1427 834 1481; x_wconf 90' lang='lat' dir='ltr'><strong>sed</strong></span> <span class='ocrx_word' id='word_1_88' title='bbox 871 1435 1054 1493; x_wconf 88' lang='lat' dir='ltr'><strong>aperte</strong></span> <span class='ocrx_word' id='word_1_89' title='bbox 1088 1432 1287 1479; x_wconf 88' lang='lat' dir='ltr'><strong>etcum</strong></span> <span class='ocrx_word' id='word_1_90' title='bbox 1320 1421 1606 1491; x_wconf 83' lang='lat' dir='ltr'><strong>splendore</strong></span> <span class='ocrx_word' id='word_1_91' title='bbox 1633 1463 1646 1488; x_wconf 96' lang='lat'><strong>,</strong></span> <span class='ocrx_word' id='word_1_92' title='bbox 1682 1423 1752 1475; x_wconf 89' lang='lat' dir='ltr'><strong>ita</strong></span> <span class='ocrx_word' id='word_1_93' title='bbox 1787 1431 1843 1476; x_wconf 92' lang='lat' dir='ltr'><strong>ut</strong></span> 
     </span>
    </p>
   </div>
   <div class='ocr_carea' id='block_1_13' title="bbox 237 1513 1841 1587">
    <p class='ocr_par' dir='ltr' id='par_1_13' title="bbox 237 1513 1841 1587">
     <span class='ocr_line' id='line_1_13' title="bbox 237 1513 1841 1587; baseline -0.007 -11"><span class='ocrx_word' id='word_1_94' title='bbox 237 1535 329 1576; x_wconf 86' lang='lat' dir='ltr'><strong>res</strong></span> <span class='ocrx_word' id='word_1_95' title='bbox 357 1519 546 1574; x_wconf 90' lang='lat' dir='ltr'><strong>nuntio</strong></span> <span class='ocrx_word' id='word_1_96' title='bbox 575 1534 679 1572; x_wconf 93' lang='lat' dir='ltr'><strong>non</strong></span> <span class='ocrx_word' id='word_1_97' title='bbox 709 1527 882 1587; x_wconf 88' lang='lat' dir='ltr'><strong>egeat.</strong></span> <span class='ocrx_word' id='word_1_98' title='bbox 912 1516 1092 1586; x_wconf 89' lang='lat' dir='ltr'><strong>Neque</strong></span> <span class='ocrx_word' id='word_1_99' title='bbox 1124 1529 1342 1584; x_wconf 84' lang='lat' dir='ltr'><strong>parvum</strong></span> <span class='ocrx_word' id='word_1_100' title='bbox 1367 1513 1496 1568; x_wconf 88' lang='lat' dir='ltr'><strong>illud</strong></span> <span class='ocrx_word' id='word_1_101' title='bbox 1524 1513 1734 1584; x_wconf 87' lang='lat' dir='ltr'><strong>signum</strong></span> <span class='ocrx_word' id='word_1_102' title='bbox 1759 1521 1841 1568; x_wconf 88' lang='lat' dir='ltr'><strong>est</strong></span> 
     </span>
    </p>
   </div>
   <div class='ocr_carea' id='block_1_14' title="bbox 237 1606 1842 1683">
    <p class='ocr_par' dir='ltr' id='par_1_14' title="bbox 237 1606 1842 1683">
     <span class='ocr_line' id='line_1_14' title="bbox 237 1606 1842 1683; baseline -0.004 -17"><span class='ocrx_word' id='word_1_103' title='bbox 237 1612 416 1683; x_wconf 82' lang='lat' dir='ltr'><strong>ipsum</strong></span> <span class='ocrx_word' id='word_1_104' title='bbox 439 1627 545 1666; x_wconf 91' lang='lat' dir='ltr'><strong>non</strong></span> <span class='ocrx_word' id='word_1_105' title='bbox 569 1611 795 1665; x_wconf 83' lang='lat' dir='ltr'><strong>latenter</strong></span> <span class='ocrx_word' id='word_1_106' title='bbox 815 1618 1098 1664; x_wconf 90' lang='lat' dir='ltr'><strong>venturum</strong></span> <span class='ocrx_word' id='word_1_107' title='bbox 1119 1622 1260 1663; x_wconf 88' lang='lat' dir='ltr'><strong>esse.</strong></span> <span class='ocrx_word' id='word_1_108' title='bbox 1282 1606 1660 1666; x_wconf 81' lang='lat' dir='ltr'><strong>Animadverte</strong></span> <span class='ocrx_word' id='word_1_109' title='bbox 1681 1621 1842 1674; x_wconf 90' lang='lat' dir='ltr'><strong>porro</strong></span> 
     </span>
    </p>
   </div>
   <div class='ocr_carea' id='block_1_15' title="bbox 238 1699 1836 1771">
    <p class='ocr_par' dir='ltr' id='par_1_15' title="bbox 238 1699 1836 1771">
     <span class='ocr_line' id='line_1_15' title="bbox 238 1699 1836 1771; baseline -0.004 -12"><span class='ocrx_word' id='word_1_110' title='bbox 238 1705 328 1759; x_wconf 89' lang='lat' dir='ltr'><strong>hic</strong></span> <span class='ocrx_word' id='word_1_111' title='bbox 357 1704 489 1758; x_wconf 83' lang='lat' dir='ltr'><strong>nihil</strong></span> <span class='ocrx_word' id='word_1_112' title='bbox 522 1704 726 1758; x_wconf 89' lang='lat' dir='ltr'><strong>narrari</strong></span> <span class='ocrx_word' id='word_1_113' title='bbox 758 1703 824 1756; x_wconf 91' lang='lat' dir='ltr'><strong>de</strong></span> <span class='ocrx_word' id='word_1_114' title='bbox 855 1702 996 1756; x_wconf 85' lang='lat' dir='ltr'><strong>bello</strong></span> <span class='ocrx_word' id='word_1_115' title='bbox 1027 1703 1426 1771; x_wconf 83' lang='lat' dir='ltr'><strong>(narrationem</strong></span> <span class='ocrx_word' id='word_1_116' title='bbox 1464 1700 1606 1754; x_wconf 90' lang='lat' dir='ltr'><strong>enim</strong></span> <span class='ocrx_word' id='word_1_117' title='bbox 1638 1700 1706 1753; x_wconf 90' lang='lat' dir='ltr'><strong>de</strong></span> <span class='ocrx_word' id='word_1_118' title='bbox 1739 1699 1836 1753; x_wconf 87' lang='lat' dir='ltr'><strong>ad-</strong></span> 
     </span>
    </p>
   </div>
   <div class='ocr_carea' id='block_1_16' title="bbox 237 1791 1840 1865">
    <p class='ocr_par' dir='ltr' id='par_1_16' title="bbox 237 1791 1840 1865">
     <span class='ocr_line' id='line_1_16' title="bbox 237 1791 1840 1865; baseline 0 -18"><span class='ocrx_word' id='word_1_119' title='bbox 237 1804 405 1850; x_wconf 86' lang='lat' dir='ltr'><strong>ventu</strong></span> <span class='ocrx_word' id='word_1_120' title='bbox 433 1811 535 1850; x_wconf 90' lang='lat' dir='ltr'><strong>suo</strong></span> <span class='ocrx_word' id='word_1_121' title='bbox 575 1795 740 1865; x_wconf 87' lang='lat' dir='ltr'><strong>probe</strong></span> <span class='ocrx_word' id='word_1_122' title='bbox 770 1795 837 1848; x_wconf 90' lang='lat' dir='ltr'><strong>ab</strong></span> <span class='ocrx_word' id='word_1_123' title='bbox 868 1795 954 1848; x_wconf 86' lang='lat' dir='ltr'><strong>illa</strong></span> <span class='ocrx_word' id='word_1_124' title='bbox 986 1793 1341 1864; x_wconf 82' lang='lat' dir='ltr'><strong>distinguit),</strong></span> <span class='ocrx_word' id='word_1_125' title='bbox 1375 1792 1472 1848; x_wconf 87' lang='lat' dir='ltr'><strong>sed</strong></span> <span class='ocrx_word' id='word_1_126' title='bbox 1516 1793 1624 1864; x_wconf 89' lang='lat' dir='ltr'><strong>agit</strong></span> <span class='ocrx_word' id='word_1_127' title='bbox 1657 1792 1744 1847; x_wconf 90' lang='lat' dir='ltr'><strong>hic</strong></span> <span class='ocrx_word' id='word_1_128' title='bbox 1772 1791 1840 1847; x_wconf 87' lang='lat' dir='ltr'><strong>de</strong></span> 
     </span>
    </p>
   </div>
   <div class='ocr_carea' id='block_1_17' title="bbox 237 1885 1829 1959">
    <p class='ocr_par' dir='ltr' id='par_1_17' title="bbox 237 1885 1829 1959">
     <span class='ocr_line' id='line_1_17' title="bbox 237 1885 1829 1959; baseline -0.004 -15"><span class='ocrx_word' id='word_1_129' title='bbox 237 1887 306 1944; x_wconf 82' lang='lat' dir='ltr'><strong>iis</strong></span> <span class='ocrx_word' id='word_1_130' title='bbox 326 1888 418 1959; x_wconf 89' lang='lat' dir='ltr'><strong>qui</strong></span> <span class='ocrx_word' id='word_1_131' title='bbox 446 1887 706 1943; x_wconf 88' lang='lat' dir='ltr'><strong>seducere</strong></span> <span class='ocrx_word' id='word_1_132' title='bbox 739 1887 1040 1942; x_wconf 74' lang='lat' dir='ltr'><strong>tentubnnt.</strong></span> <span class='ocrx_word' id='word_1_133' title='bbox 1066 1885 1200 1941; x_wconf 90' lang='lat' dir='ltr'><strong>Nam</strong></span> <span class='ocrx_word' id='word_1_134' title='bbox 1229 1886 1316 1955; x_wconf 90' lang='lat' dir='ltr'><strong>qui</strong></span> <span class='ocrx_word' id='word_1_135' title='bbox 1350 1895 1592 1954; x_wconf 89' lang='lat' dir='ltr'><strong>tempore</strong></span> <span class='ocrx_word' id='word_1_136' title='bbox 1618 1893 1829 1954; x_wconf 89' lang='lat' dir='ltr'><strong>aposto-</strong></span> 
     </span>
    </p>
   </div>
   <div class='ocr_carea' id='block_1_18' title="bbox 238 1976 1838 2047">
    <p class='ocr_par' dir='ltr' id='par_1_18' title="bbox 238 1976 1838 2047">
     <span class='ocr_line' id='line_1_18' title="bbox 238 1976 1838 2047; baseline -0.003 -13"><span class='ocrx_word' id='word_1_137' title='bbox 238 1979 415 2034; x_wconf 91' lang='lat' dir='ltr'><strong>lorum</strong></span> <span class='ocrx_word' id='word_1_138' title='bbox 443 1977 600 2034; x_wconf 79' lang='lat' dir='ltr'><strong>fuere</strong></span> <span class='ocrx_word' id='word_1_139' title='bbox 626 1977 942 2045; x_wconf 88' lang='lat' dir='ltr'><strong>deceptores</strong></span> <span class='ocrx_word' id='word_1_140' title='bbox 965 2019 981 2044; x_wconf 95' lang='lat'><strong>,</strong></span> <span class='ocrx_word' id='word_1_141' title='bbox 1012 1978 1207 2032; x_wconf 91' lang='lat' dir='ltr'><strong>multos</strong></span> <span class='ocrx_word' id='word_1_142' title='bbox 1235 1977 1570 2033; x_wconf 77' lang='lat' dir='ltr'><strong>seduxerunt</strong></span> <span class='ocrx_word' id='word_1_143' title='bbox 1595 1976 1838 2047; x_wconf 84' lang='lat' dir='ltr'><strong>(Venient</strong></span> 
     </span>
    </p>
   </div>
   <div class='ocr_carea' id='block_1_19' title="bbox 235 2067 1833 2139">
    <p class='ocr_par' dir='ltr' id='par_1_19' title="bbox 235 2067 1833 2139">
     <span class='ocr_line' id='line_1_19' title="bbox 235 2067 1833 2139; baseline -0.001 -16"><span class='ocrx_word' id='word_1_144' title='bbox 235 2071 408 2134; x_wconf 89' lang='lat' dir='ltr'><strong>enim,</strong></span> <span class='ocrx_word' id='word_1_145' title='bbox 443 2069 634 2139; x_wconf 88' lang='lat' dir='ltr'><strong>inquit,</strong></span> <span class='ocrx_word' id='word_1_146' title='bbox 663 2079 711 2122; x_wconf 87' lang='lat' dir='ltr'><strong>et</strong></span> <span class='ocrx_word' id='word_1_147' title='bbox 740 2069 985 2122; x_wconf 84' lang='lat' dir='ltr'><strong>seduccnt</strong></span> <span class='ocrx_word' id='word_1_148' title='bbox 1010 2069 1194 2121; x_wconf 87' lang='lat' dir='ltr'><strong>mullos</strong></span> <span class='ocrx_word' id='word_1_149' title='bbox 1217 2067 1236 2138; x_wconf 95' lang='lat'><strong>)</strong></span> <span class='ocrx_word' id='word_1_150' title='bbox 1263 2109 1277 2133; x_wconf 93' lang='lat'><strong>,</strong></span> <span class='ocrx_word' id='word_1_151' title='bbox 1319 2068 1407 2138; x_wconf 93' lang='lat' dir='ltr'><strong>qui</strong></span> <span class='ocrx_word' id='word_1_152' title='bbox 1437 2083 1564 2122; x_wconf 84' lang='lat' dir='ltr'><strong>vero</strong></span> <span class='ocrx_word' id='word_1_153' title='bbox 1594 2078 1718 2122; x_wconf 87' lang='lat' dir='ltr'><strong>ante</strong></span> <span class='ocrx_word' id='word_1_154' title='bbox 1746 2082 1833 2123; x_wconf 90' lang='lat' dir='ltr'><strong>se-</strong></span> 
     </span>
    </p>
   </div>
   <div class='ocr_carea' id='block_1_20' title="bbox 235 2156 1837 2219">
    <p class='ocr_par' dir='ltr' id='par_1_20' title="bbox 235 2156 1837 2219">
     <span class='ocr_line' id='line_1_20' title="bbox 235 2156 1837 2219; baseline -0.002 -4"><span class='ocrx_word' id='word_1_155' title='bbox 235 2159 477 2216; x_wconf 90' lang='lat' dir='ltr'><strong>cundum</strong></span> <span class='ocrx_word' id='word_1_156' title='bbox 495 2159 639 2213; x_wconf 89' lang='lat' dir='ltr'><strong>illius</strong></span> <span class='ocrx_word' id='word_1_157' title='bbox 653 2158 960 2219; x_wconf 88' lang='lat' dir='ltr'><strong>adventum.</strong></span> <span class='ocrx_word' id='word_1_158' title='bbox 984 2157 1091 2212; x_wconf 87' lang='lat' dir='ltr'><strong>illis</strong></span> <span class='ocrx_word' id='word_1_159' title='bbox 1111 2157 1407 2212; x_wconf 88' lang='lat' dir='ltr'><strong>deteriores</strong></span> <span class='ocrx_word' id='word_1_160' title='bbox 1428 2165 1612 2212; x_wconf 89' lang='lat' dir='ltr'><strong>erunt:</strong></span> <span class='ocrx_word' id='word_1_161' title='bbox 1631 2156 1837 2211; x_wconf 86' lang='lat' dir='ltr'><strong>Dabunt</strong></span> 
     </span>
    </p>
   </div>
   <div class='ocr_carea' id='block_1_21' title="bbox 235 2249 1834 2321">
    <p class='ocr_par' dir='ltr' id='par_1_21' title="bbox 235 2249 1834 2321">
     <span class='ocr_line' id='line_1_21' title="bbox 235 2249 1834 2321; baseline -0.003 -14"><span class='ocrx_word' id='word_1_162' title='bbox 235 2252 382 2307; x_wconf 87' lang='lat' dir='ltr'><strong>enim</strong></span> <span class='ocrx_word' id='word_1_163' title='bbox 403 2291 420 2317; x_wconf 86' lang='lat'><strong>,</strong></span> <span class='ocrx_word' id='word_1_164' title='bbox 455 2251 660 2321; x_wconf 85' lang='lat' dir='ltr'><strong>inquit,</strong></span> <span class='ocrx_word' id='word_1_165' title='bbox 687 2251 834 2321; x_wconf 87' lang='lat' dir='ltr'><strong>signa</strong></span> <span class='ocrx_word' id='word_1_166' title='bbox 859 2260 905 2304; x_wconf 89' lang='lat' dir='ltr'><strong>et</strong></span> <span class='ocrx_word' id='word_1_167' title='bbox 936 2250 1166 2320; x_wconf 86' lang='lat' dir='ltr'><strong>prodigia</strong></span> <span class='ocrx_word' id='word_1_168' title='bbox 1187 2292 1201 2317; x_wconf 92' lang='lat'><strong>,</strong></span> <span class='ocrx_word' id='word_1_169' title='bbox 1228 2252 1297 2302; x_wconf 86' lang='lat' dir='ltr'><strong>ita</strong></span> <span class='ocrx_word' id='word_1_170' title='bbox 1328 2259 1409 2315; x_wconf 83' lang='lat' dir='ltr'><strong>ut,</strong></span> <span class='ocrx_word' id='word_1_171' title='bbox 1441 2251 1484 2302; x_wconf 94' lang='lat' dir='ltr'><strong>si</strong></span> <span class='ocrx_word' id='word_1_172' title='bbox 1509 2249 1620 2315; x_wconf 79' lang='lat' dir='ltr'><strong>ﬁeri</strong></span> <span class='ocrx_word' id='word_1_173' title='bbox 1648 2250 1834 2319; x_wconf 85' lang='lat' dir='ltr'><strong>possit,</strong></span> 
     </span>
    </p>
   </div>
   <div class='ocr_carea' id='block_1_22' title="bbox 235 2340 1834 2413">
    <p class='ocr_par' dir='ltr' id='par_1_22' title="bbox 235 2340 1834 2413">
     <span class='ocr_line' id='line_1_22' title="bbox 235 2340 1834 2413; baseline -0.003 -15"><span class='ocrx_word' id='word_1_174' title='bbox 235 2345 392 2399; x_wconf 86' lang='lat' dir='ltr'><strong>etiam</strong></span> <span class='ocrx_word' id='word_1_175' title='bbox 419 2342 603 2398; x_wconf 89' lang='lat' dir='ltr'><strong>electos</strong></span> <span class='ocrx_word' id='word_1_176' title='bbox 648 2343 914 2398; x_wconf 72' lang='lat' dir='ltr'><strong>seducunt.</strong></span> <span class='ocrx_word' id='word_1_177' title='bbox 948 2341 1045 2397; x_wconf 83' lang='lat' dir='ltr'><strong>Hic</strong></span> <span class='ocrx_word' id='word_1_178' title='bbox 1088 2356 1248 2413; x_wconf 88' lang='lat' dir='ltr'><strong>porro</strong></span> <span class='ocrx_word' id='word_1_179' title='bbox 1285 2343 1352 2395; x_wconf 86' lang='lat' dir='ltr'><strong>de</strong></span> <span class='ocrx_word' id='word_1_180' title='bbox 1391 2340 1724 2395; x_wconf 84' lang='lat' dir='ltr'><strong>Antichristo</strong></span> <span class='ocrx_word' id='word_1_181' title='bbox 1754 2340 1834 2394; x_wconf 87' lang='lat' dir='ltr'><strong>lo-</strong></span> 
     </span>
    </p>
   </div>
   <div class='ocr_carea' id='block_1_23' title="bbox 234 2430 1837 2506">
    <p class='ocr_par' dir='ltr' id='par_1_23' title="bbox 234 2430 1837 2506">
     <span class='ocr_line' id='line_1_23' title="bbox 234 2430 1837 2506; baseline -0.002 -18"><span class='ocrx_word' id='word_1_182' title='bbox 234 2435 419 2504; x_wconf 91' lang='lat' dir='ltr'><strong>quitur</strong></span> <span class='ocrx_word' id='word_1_183' title='bbox 441 2474 456 2498; x_wconf 87' lang='lat'><strong>,</strong></span> <span class='ocrx_word' id='word_1_184' title='bbox 489 2434 664 2504; x_wconf 88' lang='lat' dir='ltr'><strong>deque</strong></span> <span class='ocrx_word' id='word_1_185' title='bbox 708 2434 1024 2506; x_wconf 88' lang='lat' dir='ltr'><strong>quibusdam</strong></span> <span class='ocrx_word' id='word_1_186' title='bbox 1054 2432 1170 2502; x_wconf 90' lang='lat' dir='ltr'><strong>ejns</strong></span> <span class='ocrx_word' id='word_1_187' title='bbox 1205 2432 1482 2486; x_wconf 89' lang='lat' dir='ltr'><strong>ministris.</strong></span> <span class='ocrx_word' id='word_1_188' title='bbox 1516 2432 1590 2485; x_wconf 89' lang='lat' dir='ltr'><strong>De</strong></span> <span class='ocrx_word' id='word_1_189' title='bbox 1629 2446 1734 2501; x_wconf 89' lang='lat' dir='ltr'><strong>quo</strong></span> <span class='ocrx_word' id='word_1_190' title='bbox 1759 2430 1837 2484; x_wconf 87' lang='lat' dir='ltr'><strong>sic</strong></span> 
     </span>
    </p>
   </div>
   <div class='ocr_carea' id='block_1_24' title="bbox 231 2522 1832 2596">
    <p class='ocr_par' dir='ltr' id='par_1_24' title="bbox 231 2522 1832 2596">
     <span class='ocr_line' id='line_1_24' title="bbox 231 2522 1832 2596; baseline -0.005 -12"><span class='ocrx_word' id='word_1_191' title='bbox 231 2525 437 2584; x_wconf 86' lang='lat' dir='ltr'><strong>Paulus</strong></span> <span class='ocrx_word' id='word_1_192' title='bbox 464 2526 704 2596; x_wconf 85' lang='lat' dir='ltr'><strong>loquitur</strong></span> <span class='ocrx_word' id='word_1_193' title='bbox 733 2542 746 2578; x_wconf 90' lang='lat'>:</span> <span class='ocrx_word' id='word_1_194' title='bbox 790 2540 909 2580; x_wconf 91' lang='lat' dir='ltr'><strong>cum</strong></span> <span class='ocrx_word' id='word_1_195' title='bbox 937 2525 1080 2578; x_wconf 88' lang='lat' dir='ltr'><strong>enim</strong></span> <span class='ocrx_word' id='word_1_196' title='bbox 1111 2534 1356 2578; x_wconf 87' lang='lat' dir='ltr'><strong>vocasset</strong></span> <span class='ocrx_word' id='word_1_197' title='bbox 1390 2523 1536 2577; x_wconf 91' lang='lat' dir='ltr'><strong>illum</strong></span> <span class='ocrx_word' id='word_1_198' title='bbox 1562 2522 1832 2576; x_wconf 85' lang='lat' dir='ltr'><strong>hominem</strong></span> 
     </span>
    </p>
   </div>
   <div class='ocr_carea' id='block_1_25' title="bbox 236 2612 1834 2686">
    <p class='ocr_par' dir='ltr' id='par_1_25' title="bbox 236 2612 1834 2686">
     <span class='ocr_line' id='line_1_25' title="bbox 236 2612 1834 2686; baseline -0.003 -15"><span class='ocrx_word' id='word_1_199' title='bbox 236 2617 446 2686; x_wconf 80' lang='lat' dir='ltr'><strong>peccati</strong></span> <span class='ocrx_word' id='word_1_200' title='bbox 473 2627 529 2670; x_wconf 90' lang='lat' dir='ltr'><strong>et</strong></span> <span class='ocrx_word' id='word_1_201' title='bbox 573 2616 737 2670; x_wconf 88' lang='lat' dir='ltr'><strong>lilium</strong></span> <span class='ocrx_word' id='word_1_202' title='bbox 779 2615 1116 2686; x_wconf 85' lang='lat' dir='ltr'><strong>perditionis,</strong></span> <span class='ocrx_word' id='word_1_203' title='bbox 1151 2615 1364 2668; x_wconf 88' lang='lat' dir='ltr'><strong>intulit:</strong></span> <span class='ocrx_word' id='word_1_204' title='bbox 1398 2612 1558 2683; x_wconf 85' lang='lat' dir='ltr'><strong>Cujus</strong></span> <span class='ocrx_word' id='word_1_205' title='bbox 1593 2613 1834 2667; x_wconf 80' lang='lat' dir='ltr'><strong>adventus</strong></span> 
     </span>
    </p>
   </div>
   <div class='ocr_carea' id='block_1_26' title="bbox 234 2706 1834 2776">
    <p class='ocr_par' dir='ltr' id='par_1_26' title="bbox 234 2706 1834 2776">
     <span class='ocr_line' id='line_1_26' title="bbox 234 2706 1834 2776; baseline -0.001 -15"><span class='ocrx_word' id='word_1_206' title='bbox 234 2716 309 2762; x_wconf 88' lang='lat' dir='ltr'><strong>est</strong></span> <span class='ocrx_word' id='word_1_207' title='bbox 330 2707 612 2760; x_wconf 81' lang='lat' dir='ltr'><strong>secundum</strong></span> <span class='ocrx_word' id='word_1_208' title='bbox 657 2708 1008 2776; x_wconf 80' lang='lat' dir='ltr'><strong>operationem</strong></span> <span class='ocrx_word' id='word_1_209' title='bbox 1034 2716 1226 2760; x_wconf 73' lang='lat' dir='ltr'><strong>satana:</strong></span> <span class='ocrx_word' id='word_1_210' title='bbox 1244 2747 1258 2771; x_wconf 94' lang='lat'><strong>,</strong></span> <span class='ocrx_word' id='word_1_211' title='bbox 1283 2707 1336 2758; x_wconf 90' lang='lat' dir='ltr'><strong>in</strong></span> <span class='ocrx_word' id='word_1_212' title='bbox 1366 2706 1500 2759; x_wconf 90' lang='lat' dir='ltr'><strong>omni</strong></span> <span class='ocrx_word' id='word_1_213' title='bbox 1526 2707 1710 2759; x_wconf 82' lang='lat' dir='ltr'><strong>virtute</strong></span> <span class='ocrx_word' id='word_1_214' title='bbox 1733 2745 1746 2770; x_wconf 91' lang='lat'><strong>,</strong></span> <span class='ocrx_word' id='word_1_215' title='bbox 1788 2717 1834 2760; x_wconf 85' lang='lat' dir='ltr'><strong>et</strong></span> 
     </span>
    </p>
   </div>
   <div class='ocr_carea' id='block_1_27' title="bbox 235 2798 1834 2870">
    <p class='ocr_par' dir='ltr' id='par_1_27' title="bbox 235 2798 1834 2870">
     <span class='ocr_line' id='line_1_27' title="bbox 235 2798 1834 2870; baseline -0.002 -17"><span class='ocrx_word' id='word_1_216' title='bbox 235 2799 394 2869; x_wconf 81' lang='lat' dir='ltr'><strong>signis</strong></span> <span class='ocrx_word' id='word_1_217' title='bbox 416 2838 432 2865; x_wconf 91' lang='lat'><strong>,</strong></span> <span class='ocrx_word' id='word_1_218' title='bbox 467 2808 516 2853; x_wconf 88' lang='lat' dir='ltr'><strong>et</strong></span> <span class='ocrx_word' id='word_1_219' title='bbox 537 2799 786 2870; x_wconf 86' lang='lat' dir='ltr'><strong>prodigiis</strong></span> <span class='ocrx_word' id='word_1_220' title='bbox 808 2799 1062 2852; x_wconf 84' lang='lat' dir='ltr'><strong>mendacii</strong></span> <span class='ocrx_word' id='word_1_221' title='bbox 1082 2839 1096 2864; x_wconf 89' lang='lat'><strong>,</strong></span> <span class='ocrx_word' id='word_1_222' title='bbox 1123 2798 1174 2850; x_wconf 92' lang='lat' dir='ltr'><strong>in</strong></span> <span class='ocrx_word' id='word_1_223' title='bbox 1205 2799 1342 2852; x_wconf 88' lang='lat' dir='ltr'><strong>omni</strong></span> <span class='ocrx_word' id='word_1_224' title='bbox 1380 2798 1671 2867; x_wconf 83' lang='lat' dir='ltr'><strong>deceptione</strong></span> <span class='ocrx_word' id='word_1_225' title='bbox 1695 2798 1834 2867; x_wconf 86' lang='lat' dir='ltr'><strong>inju-</strong></span> 
     </span>
    </p>
   </div>
   <div class='ocr_carea' id='block_1_28' title="bbox 233 2888 1832 2960">
    <p class='ocr_par' dir='ltr' id='par_1_28' title="bbox 233 2888 1832 2960">
     <span class='ocr_line' id='line_1_28' title="bbox 233 2888 1832 2960; baseline 0.001 -17"><span class='ocrx_word' id='word_1_226' title='bbox 233 2892 424 2958; x_wconf 69' lang='lat' dir='ltr'><strong>stitiw,</strong></span> <span class='ocrx_word' id='word_1_227' title='bbox 455 2890 509 2943; x_wconf 89' lang='lat' dir='ltr'><strong>in</strong></span> <span class='ocrx_word' id='word_1_228' title='bbox 546 2891 610 2944; x_wconf 87' lang='lat' dir='ltr'><strong>iis</strong></span> <span class='ocrx_word' id='word_1_229' title='bbox 649 2889 737 2959; x_wconf 86' lang='lat' dir='ltr'><strong>qui</strong></span> <span class='ocrx_word' id='word_1_230' title='bbox 773 2898 984 2960; x_wconf 83' lang='lat' dir='ltr'><strong>pereunt</strong></span> <span class='ocrx_word' id='word_1_231' title='bbox 1023 2889 1120 2960; x_wconf 75' lang='grc'><strong>(1.</strong></span> <span class='ocrx_word' id='word_1_232' title='bbox 1163 2888 1337 2942; x_wconf 80' lang='lat' dir='ltr'><strong>Thess.</strong></span> <span class='ocrx_word' id='word_1_233' title='bbox 1373 2892 1427 2942; x_wconf 78' lang='grc'><strong>9..</strong></span> <span class='ocrx_word' id='word_1_234' title='bbox 1458 2889 1556 2959; x_wconf 89' lang='grc'><strong>9).</strong></span> <span class='ocrx_word' id='word_1_235' title='bbox 1605 2889 1673 2943; x_wconf 82' lang='grc' dir='ltr'>Ει</span> <span class='ocrx_word' id='word_1_236' title='bbox 1713 2889 1832 2944; x_wconf 84' lang='lat' dir='ltr'><strong>vide</strong></span> 
     </span>
    </p>
   </div>
   <div class='ocr_carea' id='block_1_29' title="bbox 233 2980 1830 3052">
    <p class='ocr_par' dir='ltr' id='par_1_29' title="bbox 233 2980 1830 3052">
     <span class='ocr_line' id='line_1_29' title="bbox 233 2980 1830 3052; baseline 0.001 -17"><span class='ocrx_word' id='word_1_237' title='bbox 233 2981 506 3052; x_wconf 86' lang='lat' dir='ltr'><strong>quomodo</strong></span> <span class='ocrx_word' id='word_1_238' title='bbox 540 2980 663 3037; x_wconf 90' lang='lat' dir='ltr'><strong>illos</strong></span> <span class='ocrx_word' id='word_1_239' title='bbox 687 2993 874 3036; x_wconf 85' lang='lat' dir='ltr'><strong>cautos</strong></span> <span class='ocrx_word' id='word_1_240' title='bbox 906 2982 1112 3036; x_wconf 78' lang='lat' dir='ltr'><strong>reddat.</strong></span> <span class='ocrx_word' id='word_1_241' title='bbox 1145 2980 1221 3035; x_wconf 87' lang='lat' dir='ltr'><strong>Ne</strong></span> <span class='ocrx_word' id='word_1_242' title='bbox 1247 2983 1487 3049; x_wconf 77' lang='lat' dir='ltr'><strong>excatis,</strong></span> <span class='ocrx_word' id='word_1_243' title='bbox 1526 2983 1731 3052; x_wconf 85' lang='lat' dir='ltr'><strong>inquit,</strong></span> <span class='ocrx_word' id='word_1_244' title='bbox 1778 2984 1830 3038; x_wconf 92' lang='lat' dir='ltr'><strong>in</strong></span> 
     </span>
    </p>
   </div>
   <div class='ocr_carea' id='block_1_30' title="bbox 233 3071 1830 3140">
    <p class='ocr_par' dir='ltr' id='par_1_30' title="bbox 233 3071 1830 3140">
     <span class='ocr_line' id='line_1_30' title="bbox 233 3071 1830 3140; baseline 0.001 -12"><span class='ocrx_word' id='word_1_245' title='bbox 233 3071 508 3128; x_wconf 84' lang='lat' dir='ltr'><strong>desertum</strong></span> <span class='ocrx_word' id='word_1_246' title='bbox 529 3112 545 3138; x_wconf 88' lang='lat'><strong>,</strong></span> <span class='ocrx_word' id='word_1_247' title='bbox 580 3087 650 3128; x_wconf 91' lang='lat' dir='ltr'><strong>ne</strong></span> <span class='ocrx_word' id='word_1_248' title='bbox 672 3071 881 3127; x_wconf 89' lang='lat' dir='ltr'><strong>intretis</strong></span> <span class='ocrx_word' id='word_1_249' title='bbox 910 3073 960 3125; x_wconf 92' lang='lat' dir='ltr'><strong>in</strong></span> <span class='ocrx_word' id='word_1_250' title='bbox 993 3073 1306 3140; x_wconf 80' lang='lat' dir='ltr'><strong>penetralia.</strong></span> <span class='ocrx_word' id='word_1_251' title='bbox 1337 3079 1454 3128; x_wconf 86' lang='lat' dir='ltr'><strong>Non</strong></span> <span class='ocrx_word' id='word_1_252' title='bbox 1491 3073 1643 3135; x_wconf 82' lang='lat' dir='ltr'><strong>dixit.</strong></span> <span class='ocrx_word' id='word_1_253' title='bbox 1673 3075 1830 3130; x_wconf 86' lang='lat' dir='ltr'><strong>Abite</strong></span> 
     </span>
    </p>
   </div>
   <div class='ocr_carea' id='block_1_31' title="bbox 233 3162 1826 3234">
    <p class='ocr_par' dir='ltr' id='par_1_31' title="bbox 233 3162 1826 3234">
     <span class='ocr_line' id='line_1_31' title="bbox 233 3162 1826 3234; baseline 0.001 -16"><span class='ocrx_word' id='word_1_254' title='bbox 233 3171 287 3218; x_wconf 87' lang='lat' dir='ltr'><strong>et</strong></span> <span class='ocrx_word' id='word_1_255' title='bbox 301 3177 368 3218; x_wconf 89' lang='lat' dir='ltr'><strong>ne</strong></span> <span class='ocrx_word' id='word_1_256' title='bbox 383 3162 606 3230; x_wconf 90' lang='lat' dir='ltr'><strong>credite;</strong></span> <span class='ocrx_word' id='word_1_257' title='bbox 625 3162 741 3230; x_wconf 88' lang='lat' dir='ltr'><strong>sed,</strong></span> <span class='ocrx_word' id='word_1_258' title='bbox 760 3162 836 3218; x_wconf 90' lang='lat' dir='ltr'><strong>Ne</strong></span> <span class='ocrx_word' id='word_1_259' title='bbox 856 3163 1249 3234; x_wconf 84' lang='lat' dir='ltr'><strong>ingrediatnini,</strong></span> <span class='ocrx_word' id='word_1_260' title='bbox 1271 3179 1442 3234; x_wconf 88' lang='lat' dir='ltr'><strong>neque</strong></span> <span class='ocrx_word' id='word_1_261' title='bbox 1457 3165 1826 3234; x_wconf 86' lang='lat' dir='ltr'><strong>egrediamini.</strong></span> 
     </span>
    </p>
   </div>
   <div class='ocr_carea' id='block_1_32' title="bbox 233 3253 1826 3326">
    <p class='ocr_par' dir='ltr' id='par_1_32' title="bbox 233 3253 1826 3326">
     <span class='ocr_line' id='line_1_32' title="bbox 233 3253 1826 3326; baseline 0.002 -18"><span class='ocrx_word' id='word_1_262' title='bbox 233 3253 418 3326; x_wconf 79' lang='lat' dir='ltr'><strong>Magna</strong></span> <span class='ocrx_word' id='word_1_263' title='bbox 449 3255 593 3309; x_wconf 90' lang='lat' dir='ltr'><strong>enim</strong></span> <span class='ocrx_word' id='word_1_264' title='bbox 620 3253 765 3309; x_wconf 86' lang='lat' dir='ltr'><strong>lraus</strong></span> <span class='ocrx_word' id='word_1_265' title='bbox 793 3255 928 3322; x_wconf 91' lang='lat' dir='ltr'><strong>erit,</strong></span> <span class='ocrx_word' id='word_1_266' title='bbox 958 3269 1026 3310; x_wconf 89' lang='lat' dir='ltr'><strong>eo</strong></span> <span class='ocrx_word' id='word_1_267' title='bbox 1051 3254 1192 3324; x_wconf 90' lang='lat' dir='ltr'><strong>quod</strong></span> <span class='ocrx_word' id='word_1_268' title='bbox 1218 3263 1272 3308; x_wconf 90' lang='lat' dir='ltr'><strong>et</strong></span> <span class='ocrx_word' id='word_1_269' title='bbox 1297 3257 1444 3325; x_wconf 78' lang='lat' dir='ltr'><strong>signa</strong></span> <span class='ocrx_word' id='word_1_270' title='bbox 1489 3256 1555 3310; x_wconf 90' lang='lat' dir='ltr'><strong>ad</strong></span> <span class='ocrx_word' id='word_1_271' title='bbox 1586 3255 1826 3311; x_wconf 80' lang='lat' dir='ltr'><strong>fraudem</strong></span> 
     </span>
    </p>
   </div>
   <div class='ocr_carea' id='block_1_33' title="bbox 234 3345 450 3402">
    <p class='ocr_par' dir='ltr' id='par_1_33' title="bbox 234 3345 450 3402">
     <span class='ocr_line' id='line_1_33' title="bbox 234 3345 450 3402; baseline 0.009 -2"><span class='ocrx_word' id='word_1_272' title='bbox 234 3345 450 3402; x_wconf 90' lang='lat' dir='ltr'><strong>dentur.</strong></span> 
     </span>
    </p>
   </div>
   <div class='ocr_carea' id='block_1_34' title="bbox 303 3435 1823 3507">
    <p class='ocr_par' dir='ltr' id='par_1_34' title="bbox 303 3435 1823 3507">
     <span class='ocr_line' id='line_1_34' title="bbox 303 3435 1823 3507; baseline -0.001 -15"><span class='ocrx_word' id='word_1_273' title='bbox 303 3437 357 3492; x_wconf 89' lang='grc'><strong>5.</strong></span> <span class='ocrx_word' id='word_1_274' title='bbox 391 3435 525 3491; x_wconf 86' lang='lat' dir='ltr'><strong>Cum</strong></span> <span class='ocrx_word' id='word_1_275' title='bbox 555 3435 776 3491; x_wconf 85' lang='lat' dir='ltr'><strong>dixisset</strong></span> <span class='ocrx_word' id='word_1_276' title='bbox 804 3450 932 3507; x_wconf 89' lang='lat' dir='ltr'><strong>ergo</strong></span> <span class='ocrx_word' id='word_1_277' title='bbox 961 3435 1230 3506; x_wconf 91' lang='lat' dir='ltr'><strong>quomodo</strong></span> <span class='ocrx_word' id='word_1_278' title='bbox 1260 3436 1346 3491; x_wconf 91' lang='lat' dir='ltr'><strong>ille</strong></span> <span class='ocrx_word' id='word_1_279' title='bbox 1372 3445 1626 3492; x_wconf 90' lang='lat' dir='ltr'><strong>venturus</strong></span> <span class='ocrx_word' id='word_1_280' title='bbox 1657 3448 1823 3505; x_wconf 88' lang='lat' dir='ltr'><strong>esset,</strong></span> 
     </span>
    </p>
   </div>
   <div class='ocr_carea' id='block_1_35' title="bbox 233 3529 1827 3598">
    <p class='ocr_par' dir='ltr' id='par_1_35' title="bbox 233 3529 1827 3598">
     <span class='ocr_line' id='line_1_35' title="bbox 233 3529 1827 3598; baseline 0.001 -13"><span class='ocrx_word' id='word_1_281' title='bbox 233 3530 286 3584; x_wconf 91' lang='lat' dir='ltr'><strong>in</strong></span> <span class='ocrx_word' id='word_1_282' title='bbox 327 3529 449 3585; x_wconf 88' lang='lat' dir='ltr'><strong>loco</strong></span> <span class='ocrx_word' id='word_1_283' title='bbox 469 3544 664 3598; x_wconf 90' lang='lat' dir='ltr'><strong>nempe</strong></span> <span class='ocrx_word' id='word_1_284' title='bbox 687 3529 896 3598; x_wconf 88' lang='lat' dir='ltr'><strong>aliquo,</strong></span> <span class='ocrx_word' id='word_1_285' title='bbox 933 3538 1058 3583; x_wconf 92' lang='lat' dir='ltr'><strong>tunc</strong></span> <span class='ocrx_word' id='word_1_286' title='bbox 1086 3530 1153 3583; x_wconf 90' lang='lat' dir='ltr'><strong>de</strong></span> <span class='ocrx_word' id='word_1_287' title='bbox 1184 3544 1241 3584; x_wconf 89' lang='lat' dir='ltr'><strong>se</strong></span> <span class='ocrx_word' id='word_1_288' title='bbox 1270 3530 1541 3598; x_wconf 91' lang='lat' dir='ltr'><strong>quomodo</strong></span> <span class='ocrx_word' id='word_1_289' title='bbox 1571 3539 1827 3587; x_wconf 88' lang='lat' dir='ltr'><strong>venturus</strong></span> 
     </span>
    </p>
   </div>
   <div class='ocr_carea' id='block_1_36' title="bbox 231 3621 1827 3697">
    <p class='ocr_par' dir='ltr' id='par_1_36' title="bbox 231 3621 1827 3697">
     <span class='ocr_line' id='line_1_36' title="bbox 231 3621 1827 3697; baseline 0 -19"><span class='ocrx_word' id='word_1_290' title='bbox 231 3622 300 3678; x_wconf 91' lang='lat' dir='ltr'><strong>sit</strong></span> <span class='ocrx_word' id='word_1_291' title='bbox 328 3621 478 3678; x_wconf 84' lang='lat' dir='ltr'><strong>dicit.</strong></span> <span class='ocrx_word' id='word_1_292' title='bbox 511 3621 794 3690; x_wconf 87' lang='lat' dir='ltr'><strong>Quomodo</strong></span> <span class='ocrx_word' id='word_1_293' title='bbox 827 3633 1007 3678; x_wconf 89' lang='lat' dir='ltr'><strong>antem</strong></span> <span class='ocrx_word' id='word_1_294' title='bbox 1037 3632 1293 3676; x_wconf 88' lang='lat' dir='ltr'><strong>venturus</strong></span> <span class='ocrx_word' id='word_1_295' title='bbox 1324 3624 1445 3678; x_wconf 88' lang='lat' dir='ltr'><strong>est?</strong></span> <span class='ocrx_word' id='word_1_296' title='bbox 1474 3623 1621 3678; x_wconf 86' lang='lat' dir='ltr'><strong>Sicut</strong></span> <span class='ocrx_word' id='word_1_297' title='bbox 1650 3625 1827 3697; x_wconf 81' lang='lat' dir='ltr'><strong>fulgur</strong></span> 
     </span>
    </p>
   </div>
   <div class='ocr_carea' id='block_1_37' title="bbox 232 3713 1824 3784">
    <p class='ocr_par' dir='ltr' id='par_1_37' title="bbox 232 3713 1824 3784">
     <span class='ocr_line' id='line_1_37' title="bbox 232 3713 1824 3784; baseline 0.001 -16"><span class='ocrx_word' id='word_1_298' title='bbox 232 3715 334 3768; x_wconf 68' lang='lat' dir='ltr'><strong>exit</strong></span> <span class='ocrx_word' id='word_1_299' title='bbox 359 3713 421 3768; x_wconf 89' lang='lat' dir='ltr'><strong>ab</strong></span> <span class='ocrx_word' id='word_1_300' title='bbox 451 3715 660 3780; x_wconf 88' lang='lat' dir='ltr'><strong>oriente,</strong></span> <span class='ocrx_word' id='word_1_301' title='bbox 687 3723 732 3767; x_wconf 89' lang='lat' dir='ltr'><strong>et</strong></span> <span class='ocrx_word' id='word_1_302' title='bbox 753 3722 963 3783; x_wconf 85' lang='lat' dir='ltr'><strong>apparet</strong></span> <span class='ocrx_word' id='word_1_303' title='bbox 989 3729 1146 3784; x_wconf 84' lang='lat' dir='ltr'><strong>usque</strong></span> <span class='ocrx_word' id='word_1_304' title='bbox 1169 3714 1238 3766; x_wconf 91' lang='lat' dir='ltr'><strong>ad</strong></span> <span class='ocrx_word' id='word_1_305' title='bbox 1266 3716 1609 3780; x_wconf 86' lang='lat' dir='ltr'><strong>occidentem,</strong></span> <span class='ocrx_word' id='word_1_306' title='bbox 1639 3717 1712 3769; x_wconf 89' lang='lat' dir='ltr'><strong>ita</strong></span> <span class='ocrx_word' id='word_1_307' title='bbox 1733 3718 1824 3770; x_wconf 89' lang='lat' dir='ltr'><strong>erit</strong></span> 
     </span>
    </p>
   </div>
   <div class='ocr_carea' id='block_1_38' title="bbox 231 3804 1825 3877">
    <p class='ocr_par' dir='ltr' id='par_1_38' title="bbox 231 3804 1825 3877">
     <span class='ocr_line' id='line_1_38' title="bbox 231 3804 1825 3877; baseline 0 -17"><span class='ocrx_word' id='word_1_308' title='bbox 231 3816 279 3860; x_wconf 88' lang='lat' dir='ltr'><strong>et</strong></span> <span class='ocrx_word' id='word_1_309' title='bbox 310 3808 553 3861; x_wconf 75' lang='lat' dir='ltr'><strong>adustuus</strong></span> <span class='ocrx_word' id='word_1_310' title='bbox 583 3804 708 3859; x_wconf 85' lang='lat' dir='ltr'><strong>Filii</strong></span> <span class='ocrx_word' id='word_1_311' title='bbox 747 3805 983 3859; x_wconf 84' lang='lat' dir='ltr'><strong>hominis.</strong></span> <span class='ocrx_word' id='word_1_312' title='bbox 1032 3804 1129 3860; x_wconf 88' lang='lat' dir='ltr'><strong>Ubi</strong></span> <span class='ocrx_word' id='word_1_313' title='bbox 1175 3806 1304 3858; x_wconf 89' lang='lat' dir='ltr'><strong>enim</strong></span> <span class='ocrx_word' id='word_1_314' title='bbox 1326 3807 1477 3876; x_wconf 85' lang='lat' dir='ltr'><strong>fuerit</strong></span> <span class='ocrx_word' id='word_1_315' title='bbox 1501 3824 1687 3877; x_wconf 86' lang='lat' dir='ltr'><strong>corpus</strong></span> <span class='ocrx_word' id='word_1_316' title='bbox 1709 3849 1723 3876; x_wconf 92' lang='lat'><strong>,</strong></span> <span class='ocrx_word' id='word_1_317' title='bbox 1755 3809 1825 3861; x_wconf 87' lang='lat' dir='ltr'><strong>ibi</strong></span> 
     </span>
    </p>
   </div>
   <div class='ocr_carea' id='block_1_39' title="bbox 231 3897 1828 3968">
    <p class='ocr_par' dir='ltr' id='par_1_39' title="bbox 231 3897 1828 3968">
     <span class='ocr_line' id='line_1_39' title="bbox 231 3897 1828 3968; baseline 0 -16"><span class='ocrx_word' id='word_1_318' title='bbox 231 3897 668 3968; x_wconf 73' lang='lat' dir='ltr'><strong>congregabantur</strong></span> <span class='ocrx_word' id='word_1_319' title='bbox 708 3907 750 3950; x_wconf 86' lang='lat' dir='ltr'><strong>et</strong></span> <span class='ocrx_word' id='word_1_320' title='bbox 780 3897 984 3966; x_wconf 67' lang='lat' dir='ltr'><strong>aquilis.</strong></span> <span class='ocrx_word' id='word_1_321' title='bbox 1030 3897 1310 3963; x_wconf 82' lang='lat' dir='ltr'><strong>Quomodo</strong></span> <span class='ocrx_word' id='word_1_322' title='bbox 1352 3898 1527 3966; x_wconf 80' lang='lat' dir='ltr'><strong>fulgur</strong></span> <span class='ocrx_word' id='word_1_323' title='bbox 1562 3900 1828 3968; x_wconf 74' lang='lat' dir='ltr'><strong>apparet?</strong></span> 
     </span>
    </p>
   </div>
   <div class='ocr_carea' id='block_1_40' title="bbox 231 3984 1820 4060">
    <p class='ocr_par' dir='ltr' id='par_1_40' title="bbox 231 3984 1820 4060">
     <span class='ocr_line' id='line_1_40' title="bbox 231 3984 1820 4060; baseline 0.002 -18"><span class='ocrx_word' id='word_1_324' title='bbox 231 3985 346 4042; x_wconf 81' lang='lat' dir='ltr'><strong>Non</strong></span> <span class='ocrx_word' id='word_1_325' title='bbox 390 4001 525 4056; x_wconf 89' lang='lat' dir='ltr'><strong>opus</strong></span> <span class='ocrx_word' id='word_1_326' title='bbox 565 3984 725 4041; x_wconf 85' lang='lat' dir='ltr'><strong>habet</strong></span> <span class='ocrx_word' id='word_1_327' title='bbox 756 3987 976 4053; x_wconf 91' lang='lat' dir='ltr'><strong>nuntio,</strong></span> <span class='ocrx_word' id='word_1_328' title='bbox 1011 4001 1118 4039; x_wconf 92' lang='lat' dir='ltr'><strong>non</strong></span> <span class='ocrx_word' id='word_1_329' title='bbox 1147 4001 1408 4056; x_wconf 68' lang='lat' dir='ltr'><strong>prtecone,</strong></span> <span class='ocrx_word' id='word_1_330' title='bbox 1441 3988 1534 4043; x_wconf 89' lang='lat' dir='ltr'><strong>sed</strong></span> <span class='ocrx_word' id='word_1_331' title='bbox 1562 3997 1615 4043; x_wconf 91' lang='lat' dir='ltr'><strong>et</strong></span> <span class='ocrx_word' id='word_1_332' title='bbox 1639 3989 1704 4044; x_wconf 87' lang='lat' dir='ltr'><strong>iis</strong></span> <span class='ocrx_word' id='word_1_333' title='bbox 1732 3992 1820 4060; x_wconf 88' lang='lat' dir='ltr'><strong>qui</strong></span> 
     </span>
    </p>
   </div>
   <div class='ocr_carea' id='block_1_41' title="bbox 231 4077 1821 4148">
    <p class='ocr_par' dir='ltr' id='par_1_41' title="bbox 231 4077 1821 4148">
     <span class='ocr_line' id='line_1_41' title="bbox 231 4077 1821 4148; baseline 0.002 -14"><span class='ocrx_word' id='word_1_334' title='bbox 231 4079 373 4134; x_wconf 92' lang='lat' dir='ltr'><strong>domi</strong></span> <span class='ocrx_word' id='word_1_335' title='bbox 404 4078 591 4134; x_wconf 87' lang='lat' dir='ltr'><strong>sedent</strong></span> <span class='ocrx_word' id='word_1_336' title='bbox 621 4086 676 4133; x_wconf 87' lang='lat' dir='ltr'><strong>et</strong></span> <span class='ocrx_word' id='word_1_337' title='bbox 707 4079 768 4133; x_wconf 88' lang='lat' dir='ltr'><strong>iis</strong></span> <span class='ocrx_word' id='word_1_338' title='bbox 796 4077 985 4148; x_wconf 70' lang='lat' dir='ltr'><strong>qnaein</strong></span> <span class='ocrx_word' id='word_1_339' title='bbox 1005 4077 1251 4134; x_wconf 89' lang='lat' dir='ltr'><strong>thalamis</strong></span> <span class='ocrx_word' id='word_1_340' title='bbox 1281 4088 1434 4144; x_wconf 88' lang='lat' dir='ltr'><strong>sunt,</strong></span> <span class='ocrx_word' id='word_1_341' title='bbox 1467 4082 1519 4135; x_wconf 89' lang='lat' dir='ltr'><strong>in</strong></span> <span class='ocrx_word' id='word_1_342' title='bbox 1550 4091 1821 4138; x_wconf 91' lang='lat' dir='ltr'><strong>momento</strong></span> 
     </span>
    </p>
   </div>
   <div class='ocr_carea' id='block_1_42' title="bbox 232 4168 1820 4241">
    <p class='ocr_par' dir='ltr' id='par_1_42' title="bbox 232 4168 1820 4241">
     <span class='ocr_line' id='line_1_42' title="bbox 232 4168 1820 4241; baseline 0.002 -18"><span class='ocrx_word' id='word_1_343' title='bbox 232 4185 326 4241; x_wconf 92' lang='lat' dir='ltr'><strong>per</strong></span> <span class='ocrx_word' id='word_1_344' title='bbox 351 4168 536 4225; x_wconf 90' lang='lat' dir='ltr'><strong>orbem</strong></span> <span class='ocrx_word' id='word_1_345' title='bbox 570 4176 736 4223; x_wconf 92' lang='lat' dir='ltr'><strong>totum</strong></span> <span class='ocrx_word' id='word_1_346' title='bbox 763 4168 1060 4238; x_wconf 87' lang='lat' dir='ltr'><strong>apparebit.</strong></span> <span class='ocrx_word' id='word_1_347' title='bbox 1091 4168 1179 4223; x_wconf 90' lang='lat' dir='ltr'><strong>Sic</strong></span> <span class='ocrx_word' id='word_1_348' title='bbox 1199 4169 1288 4224; x_wconf 90' lang='lat' dir='ltr'><strong>ille</strong></span> <span class='ocrx_word' id='word_1_349' title='bbox 1317 4169 1578 4225; x_wconf 84' lang='lat' dir='ltr'><strong>adventus</strong></span> <span class='ocrx_word' id='word_1_350' title='bbox 1604 4172 1727 4239; x_wconf 92' lang='lat' dir='ltr'><strong>erit,</strong></span> <span class='ocrx_word' id='word_1_351' title='bbox 1751 4171 1820 4226; x_wconf 90' lang='lat' dir='ltr'><strong>ob</strong></span> 
     </span>
    </p>
   </div>
   <div class='ocr_carea' id='block_1_43' title="bbox 230 4258 1819 4332">
    <p class='ocr_par' dir='ltr' id='par_1_43' title="bbox 230 4258 1819 4332">
     <span class='ocr_line' id='line_1_43' title="bbox 230 4258 1819 4332; baseline 0.001 -17"><span class='ocrx_word' id='word_1_352' title='bbox 230 4261 414 4332; x_wconf 61' lang='lat' dir='ltr'><strong>gloria</strong></span> <span class='ocrx_word' id='word_1_353' title='bbox 438 4259 720 4330; x_wconf 78' lang='lat' dir='ltr'><strong>fulgorem,</strong></span> <span class='ocrx_word' id='word_1_354' title='bbox 746 4259 904 4314; x_wconf 85' lang='lat' dir='ltr'><strong>simul</strong></span> <span class='ocrx_word' id='word_1_355' title='bbox 931 4258 1126 4328; x_wconf 89' lang='lat' dir='ltr'><strong>ubique</strong></span> <span class='ocrx_word' id='word_1_356' title='bbox 1153 4274 1437 4328; x_wconf 87' lang='lat' dir='ltr'><strong>apparens.</strong></span> <span class='ocrx_word' id='word_1_357' title='bbox 1473 4261 1630 4315; x_wconf 85' lang='lat' dir='ltr'><strong>Aliud</strong></span> <span class='ocrx_word' id='word_1_358' title='bbox 1659 4276 1819 4331; x_wconf 88' lang='lat' dir='ltr'><strong>porro</strong></span> 
     </span>
    </p>
   </div>
   <div class='ocr_carea' id='block_1_44' title="bbox 231 4350 1814 4424">
    <p class='ocr_par' dir='ltr' id='par_1_44' title="bbox 231 4350 1814 4424">
     <span class='ocr_line' id='line_1_44' title="bbox 231 4350 1814 4424; baseline -0.002 -15"><span class='ocrx_word' id='word_1_359' title='bbox 231 4354 438 4424; x_wconf 87' lang='lat' dir='ltr'><strong>signum</strong></span> <span class='ocrx_word' id='word_1_360' title='bbox 468 4351 596 4407; x_wconf 90' lang='lat' dir='ltr'><strong>dicit</strong></span> <span class='ocrx_word' id='word_1_361' title='bbox 627 4368 640 4404; x_wconf 93' lang='lat'>:</span> <span class='ocrx_word' id='word_1_362' title='bbox 677 4350 774 4406; x_wconf 89' lang='lat' dir='ltr'><strong>Ubi</strong></span> <span class='ocrx_word' id='word_1_363' title='bbox 798 4367 1010 4418; x_wconf 89' lang='lat' dir='ltr'><strong>corpus,</strong></span> <span class='ocrx_word' id='word_1_364' title='bbox 1044 4351 1113 4404; x_wconf 90' lang='lat' dir='ltr'><strong>ibi</strong></span> <span class='ocrx_word' id='word_1_365' title='bbox 1137 4361 1183 4403; x_wconf 89' lang='lat' dir='ltr'><strong>et</strong></span> <span class='ocrx_word' id='word_1_366' title='bbox 1218 4352 1437 4421; x_wconf 75' lang='lat' dir='ltr'><strong>aquilaz;</strong></span> <span class='ocrx_word' id='word_1_367' title='bbox 1474 4353 1814 4422; x_wconf 77' lang='lat' dir='ltr'><strong>angelorum,</strong></span> 
     </span>
    </p>
   </div>
   <div class='ocr_carea' id='block_1_45' title="bbox 232 4442 1814 4516">
    <p class='ocr_par' dir='ltr' id='par_1_45' title="bbox 232 4442 1814 4516">
     <span class='ocr_line' id='line_1_45' title="bbox 232 4442 1814 4516; baseline -0.001 -16"><span class='ocrx_word' id='word_1_368' title='bbox 232 4454 523 4516; x_wconf 75' lang='lat' dir='ltr'><strong>martyrum</strong></span> <span class='ocrx_word' id='word_1_369' title='bbox 567 4452 620 4500; x_wconf 90' lang='lat' dir='ltr'><strong>et</strong></span> <span class='ocrx_word' id='word_1_370' title='bbox 663 4451 966 4497; x_wconf 86' lang='lat' dir='ltr'><strong>sanctorum</strong></span> <span class='ocrx_word' id='word_1_371' title='bbox 1027 4442 1265 4496; x_wconf 90' lang='lat' dir='ltr'><strong>omnium</strong></span> <span class='ocrx_word' id='word_1_372' title='bbox 1310 4453 1481 4498; x_wconf 67' lang='grc' dir='ltr'>(ταιιιιε</span> <span class='ocrx_word' id='word_1_373' title='bbox 1529 4445 1814 4514; x_wconf 77' lang='lat' dir='ltr'><strong>significat.</strong></span> 
     </span>
    </p>
   </div>
   <div class='ocr_carea' id='block_1_46' title="bbox 233 4533 1819 4600">
    <p class='ocr_par' dir='ltr' id='par_1_46' title="bbox 233 4533 1819 4600">
     <span class='ocr_line' id='line_1_46' title="bbox 233 4533 1819 4600; baseline -0.001 -8"><span class='ocrx_word' id='word_1_374' title='bbox 233 4536 432 4592; x_wconf 88' lang='lat' dir='ltr'><strong>Deinde</strong></span> <span class='ocrx_word' id='word_1_375' title='bbox 451 4535 703 4590; x_wconf 87' lang='lat' dir='ltr'><strong>terribilia</strong></span> <span class='ocrx_word' id='word_1_376' title='bbox 722 4535 973 4588; x_wconf 89' lang='lat' dir='ltr'><strong>miracula</strong></span> <span class='ocrx_word' id='word_1_377' title='bbox 990 4533 1136 4588; x_wconf 88' lang='lat' dir='ltr'><strong>dicit.</strong></span> <span class='ocrx_word' id='word_1_378' title='bbox 1162 4534 1414 4600; x_wconf 68' lang='lat' dir='ltr'><strong>Quaenam</strong></span> <span class='ocrx_word' id='word_1_379' title='bbox 1441 4535 1524 4590; x_wconf 88' lang='lat' dir='ltr'><strong>illa</strong></span> <span class='ocrx_word' id='word_1_380' title='bbox 1541 4537 1563 4588; x_wconf 68' lang='grc' dir='ltr'><strong><em>τ</em></strong></span> <span class='ocrx_word' id='word_1_381' title='bbox 1583 4536 1672 4593; x_wconf 77' lang='lat'><strong>29.</strong></span> <span class='ocrx_word' id='word_1_382' title='bbox 1695 4537 1819 4592; x_wconf 83' lang='lat' dir='ltr'><strong>Sta-</strong></span> 
     </span>
    </p>
   </div>
   <div class='ocr_carea' id='block_1_47' title="bbox 230 4624 1812 4698">
    <p class='ocr_par' dir='ltr' id='par_1_47' title="bbox 230 4624 1812 4698">
     <span class='ocr_line' id='line_1_47' title="bbox 230 4624 1812 4698; baseline 0 -18"><span class='ocrx_word' id='word_1_383' title='bbox 230 4629 318 4680; x_wconf 87' lang='lat' dir='ltr'><strong>tim</strong></span> <span class='ocrx_word' id='word_1_384' title='bbox 357 4635 472 4698; x_wconf 84' lang='lat' dir='ltr'><strong>post</strong></span> <span class='ocrx_word' id='word_1_385' title='bbox 509 4626 881 4680; x_wconf 83' lang='lat' dir='ltr'><strong>tribulationem</strong></span> <span class='ocrx_word' id='word_1_386' title='bbox 908 4624 1100 4677; x_wconf 84' lang='lat' dir='ltr'><strong>dierum</strong></span> <span class='ocrx_word' id='word_1_387' title='bbox 1133 4626 1336 4677; x_wconf 86' lang='lat' dir='ltr'><strong>illorum</strong></span> <span class='ocrx_word' id='word_1_388' title='bbox 1364 4626 1440 4678; x_wconf 88' lang='lat' dir='ltr'><strong>sol</strong></span> <span class='ocrx_word' id='word_1_389' title='bbox 1469 4626 1812 4680; x_wconf 85' lang='lat' dir='ltr'><strong>obtenebrabi-</strong></span> 
     </span>
    </p>
   </div>
   <div class='ocr_carea' id='block_1_48' title="bbox 231 4716 1822 4789">
    <p class='ocr_par' dir='ltr' id='par_1_48' title="bbox 231 4716 1822 4789">
     <span class='ocr_line' id='line_1_48' title="bbox 231 4716 1822 4789; baseline 0.003 -18"><span class='ocrx_word' id='word_1_390' title='bbox 231 4729 334 4771; x_wconf 87' lang='lat' dir='ltr'><strong>tur.</strong></span> <span class='ocrx_word' id='word_1_391' title='bbox 369 4716 804 4774; x_wconf 87' lang='lat' dir='ltr'><strong>Tribulationem</strong></span> <span class='ocrx_word' id='word_1_392' title='bbox 831 4733 1066 4789; x_wconf 86' lang='lat' dir='ltr'><strong>quarum</strong></span> <span class='ocrx_word' id='word_1_393' title='bbox 1104 4719 1317 4773; x_wconf 89' lang='lat' dir='ltr'><strong>dierum</strong></span> <span class='ocrx_word' id='word_1_394' title='bbox 1349 4718 1480 4773; x_wconf 89' lang='lat' dir='ltr'><strong>dicit</strong></span> <span class='ocrx_word' id='word_1_395' title='bbox 1506 4718 1562 4772; x_wconf 74' lang='grc' dir='ltr'><em>ιῖ</em></span> <span class='ocrx_word' id='word_1_396' title='bbox 1599 4717 1822 4775; x_wconf 90' lang='lat' dir='ltr'><strong>Dierum</strong></span> 
     </span>
    </p>
   </div>
   <div class='ocr_carea' id='block_1_49' title="bbox 231 4809 1824 4880">
    <p class='ocr_par' dir='ltr' id='par_1_49' title="bbox 231 4809 1824 4880">
     <span class='ocr_line' id='line_1_49' title="bbox 231 4809 1824 4880; baseline 0.001 -17"><span class='ocrx_word' id='word_1_397' title='bbox 231 4811 549 4866; x_wconf 81' lang='lat' dir='ltr'><strong>Antichristi</strong></span> <span class='ocrx_word' id='word_1_398' title='bbox 590 4820 644 4866; x_wconf 91' lang='lat' dir='ltr'><strong>et</strong></span> <span class='ocrx_word' id='word_1_399' title='bbox 677 4810 1299 4880; x_wconf 83' lang='lat' dir='ltr'><strong>psendOprophetarum.</strong></span> <span class='ocrx_word' id='word_1_400' title='bbox 1339 4809 1643 4865; x_wconf 88' lang='lat' dir='ltr'><strong>Tribulatio</strong></span> <span class='ocrx_word' id='word_1_401' title='bbox 1669 4825 1824 4865; x_wconf 87' lang='lat' dir='ltr'><strong>nam-</strong></span> 
     </span>
    </p>
   </div>
   <div class='ocr_carea' id='block_1_50' title="bbox 224 4899 1810 4971">
    <p class='ocr_par' dir='ltr' id='par_1_50' title="bbox 224 4899 1810 4971">
     <span class='ocr_line' id='line_1_50' title="bbox 224 4899 1810 4971; baseline 0.004 -21"><span class='ocrx_word' id='word_1_402' title='bbox 224 4914 325 4970; x_wconf 90' lang='lat' dir='ltr'><strong>que</strong></span> <span class='ocrx_word' id='word_1_403' title='bbox 353 4907 479 4953; x_wconf 92' lang='lat' dir='ltr'><strong>tunc</strong></span> <span class='ocrx_word' id='word_1_404' title='bbox 499 4913 686 4969; x_wconf 87' lang='lat' dir='ltr'><strong>magna</strong></span> <span class='ocrx_word' id='word_1_405' title='bbox 710 4899 845 4964; x_wconf 89' lang='lat' dir='ltr'><strong>erit,</strong></span> <span class='ocrx_word' id='word_1_406' title='bbox 889 4913 1010 4953; x_wconf 89' lang='lat' dir='ltr'><strong>cum</strong></span> <span class='ocrx_word' id='word_1_407' title='bbox 1041 4908 1116 4952; x_wconf 92' lang='lat' dir='ltr'><strong>tot</strong></span> <span class='ocrx_word' id='word_1_408' title='bbox 1140 4899 1247 4952; x_wconf 90' lang='lat' dir='ltr'><strong>sint</strong></span> <span class='ocrx_word' id='word_1_409' title='bbox 1275 4899 1596 4971; x_wconf 88' lang='lat' dir='ltr'><strong>deceptores</strong></span> <span class='ocrx_word' id='word_1_410' title='bbox 1625 4901 1810 4957; x_wconf 77' lang='lat' dir='ltr'><strong>futuri.</strong></span> 
     </span>
    </p>
   </div>
   <div class='ocr_carea' id='block_1_51' title="bbox 222 4974 1811 5060">
    <p class='ocr_par' dir='ltr' id='par_1_51' title="bbox 222 4974 1811 5060">
     <span class='ocr_line' id='line_1_51' title="bbox 222 4974 1811 5060; baseline 0.003 -14"><span class='ocrx_word' id='word_1_411' title='bbox 222 4991 325 5046; x_wconf 85' lang='lat' dir='ltr'><strong>Sed</strong></span> <span class='ocrx_word' id='word_1_412' title='bbox 357 5005 463 5045; x_wconf 89' lang='lat' dir='ltr'><strong>non</strong></span> <span class='ocrx_word' id='word_1_413' title='bbox 494 4990 558 5045; x_wconf 90' lang='lat' dir='ltr'><strong>ad</strong></span> <span class='ocrx_word' id='word_1_414' title='bbox 586 4993 810 5045; x_wconf 88' lang='lat' dir='ltr'><strong>multum</strong></span> <span class='ocrx_word' id='word_1_415' title='bbox 840 4991 1094 5060; x_wconf 89' lang='lat' dir='ltr'><strong>temporis</strong></span> <span class='ocrx_word' id='word_1_416' title='bbox 1122 4974 1444 5046; x_wconf 83' lang='lat' dir='ltr'><strong>extenditur.</strong></span> <span class='ocrx_word' id='word_1_417' title='bbox 1467 4991 1521 5047; x_wconf 84' lang='lat' dir='ltr'><strong>Si</strong></span> <span class='ocrx_word' id='word_1_418' title='bbox 1547 4994 1690 5049; x_wconf 91' lang='lat' dir='ltr'><strong>enim</strong></span> <span class='ocrx_word' id='word_1_419' title='bbox 1714 4994 1811 5050; x_wconf 87' lang='lat' dir='ltr'><strong>Ju-</strong></span> 
     </span>
    </p>
   </div>
   <div class='ocr_carea' id='block_1_52' title="bbox 221 5082 1810 5152">
    <p class='ocr_par' dir='ltr' id='par_1_52' title="bbox 221 5082 1810 5152">
     <span class='ocr_line' id='line_1_52' title="bbox 221 5082 1810 5152; baseline 0.003 -14"><span class='ocrx_word' id='word_1_420' title='bbox 221 5084 428 5138; x_wconf 89' lang='lat' dir='ltr'><strong>daicum</strong></span> <span class='ocrx_word' id='word_1_421' title='bbox 455 5082 650 5137; x_wconf 76' lang='lat' dir='ltr'><strong>bellum</strong></span> <span class='ocrx_word' id='word_1_422' title='bbox 663 5091 889 5152; x_wconf 82' lang='lat' dir='ltr'><strong>propter</strong></span> <span class='ocrx_word' id='word_1_423' title='bbox 910 5083 1109 5137; x_wconf 87' lang='lat' dir='ltr'><strong>eiectos</strong></span> <span class='ocrx_word' id='word_1_424' title='bbox 1129 5082 1494 5138; x_wconf 74' lang='lat' dir='ltr'><strong>abbreviatum</strong></span> <span class='ocrx_word' id='word_1_425' title='bbox 1517 5094 1619 5152; x_wconf 91' lang='lat' dir='ltr'><strong>est,</strong></span> <span class='ocrx_word' id='word_1_426' title='bbox 1644 5088 1810 5142; x_wconf 92' lang='lat' dir='ltr'><strong>multo</strong></span> 
     </span>
    </p>
   </div>
   <div class='ocr_carea' id='block_1_53' title="bbox 221 5173 1810 5245">
    <p class='ocr_par' dir='ltr' id='par_1_53' title="bbox 221 5173 1810 5245">
     <span class='ocr_line' id='line_1_53' title="bbox 221 5173 1810 5245; baseline 0.004 -15"><span class='ocrx_word' id='word_1_427' title='bbox 221 5176 387 5245; x_wconf 85' lang='lat' dir='ltr'><strong>magis</strong></span> <span class='ocrx_word' id='word_1_428' title='bbox 425 5181 643 5244; x_wconf 83' lang='lat' dir='ltr'><strong>prOpter</strong></span> <span class='ocrx_word' id='word_1_429' title='bbox 668 5173 888 5228; x_wconf 88' lang='lat' dir='ltr'><strong>eosdem</strong></span> <span class='ocrx_word' id='word_1_430' title='bbox 914 5174 1029 5229; x_wconf 70' lang='lat' dir='ltr'><strong>haec</strong></span> <span class='ocrx_word' id='word_1_431' title='bbox 1060 5176 1283 5230; x_wconf 88' lang='lat' dir='ltr'><strong>tentatio</strong></span> <span class='ocrx_word' id='word_1_432' title='bbox 1312 5179 1652 5244; x_wconf 88' lang='lat' dir='ltr'><strong>reprimetur.</strong></span> <span class='ocrx_word' id='word_1_433' title='bbox 1684 5180 1810 5237; x_wconf 88' lang='lat' dir='ltr'><strong>Ideo</strong></span> 
     </span>
    </p>
   </div>
   <div class='ocr_carea' id='block_1_54' title="bbox 219 5265 1808 5338">
    <p class='ocr_par' dir='ltr' id='par_1_54' title="bbox 219 5265 1808 5338">
     <span class='ocr_line' id='line_1_54' title="bbox 219 5265 1808 5338; baseline 0.003 -16"><span class='ocrx_word' id='word_1_434' title='bbox 219 5266 532 5336; x_wconf 80' lang='lat' dir='ltr'><strong>simpliciter</strong></span> <span class='ocrx_word' id='word_1_435' title='bbox 561 5281 665 5320; x_wconf 85' lang='lat' dir='ltr'><strong>non</strong></span> <span class='ocrx_word' id='word_1_436' title='bbox 690 5265 843 5330; x_wconf 79' lang='lat' dir='ltr'><strong>dixit,</strong></span> <span class='ocrx_word' id='word_1_437' title='bbox 873 5276 991 5337; x_wconf 91' lang='lat' dir='ltr'><strong>post</strong></span> <span class='ocrx_word' id='word_1_438' title='bbox 1021 5267 1444 5335; x_wconf 87' lang='lat' dir='ltr'><strong>tribulationem,</strong></span> <span class='ocrx_word' id='word_1_439' title='bbox 1477 5271 1596 5338; x_wconf 91' lang='lat' dir='ltr'><strong>sed,</strong></span> <span class='ocrx_word' id='word_1_440' title='bbox 1622 5272 1808 5328; x_wconf 84' lang='lat' dir='ltr'><strong>Statim</strong></span> 
     </span>
    </p>
   </div>
   <div class='ocr_carea' id='block_1_55' title="bbox 219 5356 1806 5424">
    <p class='ocr_par' dir='ltr' id='par_1_55' title="bbox 219 5356 1806 5424">
     <span class='ocr_line' id='line_1_55' title="bbox 219 5356 1806 5424; baseline 0.006 -14"><span class='ocrx_word' id='word_1_441' title='bbox 219 5368 328 5424; x_wconf 71' lang='grc' dir='ltr'><strong>μασι</strong></span> <span class='ocrx_word' id='word_1_442' title='bbox 358 5356 734 5410; x_wconf 79' lang='lat' dir='ltr'><strong>tribulationem</strong></span> <span class='ocrx_word' id='word_1_443' title='bbox 764 5357 958 5410; x_wconf 88' lang='lat' dir='ltr'><strong>dierum</strong></span> <span class='ocrx_word' id='word_1_444' title='bbox 991 5359 1194 5411; x_wconf 86' lang='lat' dir='ltr'><strong>illorum</strong></span> <span class='ocrx_word' id='word_1_445' title='bbox 1239 5362 1316 5414; x_wconf 90' lang='lat' dir='ltr'><strong>sol</strong></span> <span class='ocrx_word' id='word_1_446' title='bbox 1354 5361 1761 5418; x_wconf 84' lang='lat' dir='ltr'><strong>obtenebrabitur</strong></span> <span class='ocrx_word' id='word_1_447' title='bbox 1787 5381 1806 5420; x_wconf 90' lang='lat'><strong>.&#39;</strong></span> 
     </span>
    </p>
   </div>
   <div class='ocr_carea' id='block_1_56' title="bbox 219 5449 1809 5524">
    <p class='ocr_par' dir='ltr' id='par_1_56' title="bbox 219 5449 1809 5524">
     <span class='ocr_line' id='line_1_56' title="bbox 219 5449 1809 5524; baseline 0.006 -21"><span class='ocrx_word' id='word_1_448' title='bbox 219 5465 338 5504; x_wconf 75' lang='lat' dir='ltr'><strong>nam</strong></span> <span class='ocrx_word' id='word_1_449' title='bbox 386 5449 498 5504; x_wconf 81' lang='lat' dir='ltr'><strong>fere</strong></span> <span class='ocrx_word' id='word_1_450' title='bbox 539 5449 695 5504; x_wconf 87' lang='lat' dir='ltr'><strong>simul</strong></span> <span class='ocrx_word' id='word_1_451' title='bbox 747 5450 924 5504; x_wconf 87' lang='lat' dir='ltr'><strong>omnia</strong></span> <span class='ocrx_word' id='word_1_452' title='bbox 977 5451 1128 5503; x_wconf 90' lang='lat' dir='ltr'><strong>tiunt.</strong></span> <span class='ocrx_word' id='word_1_453' title='bbox 1191 5450 1703 5524; x_wconf 66' lang='lat' dir='ltr'><strong>Pseudu-pmphette</strong></span> <span class='ocrx_word' id='word_1_454' title='bbox 1754 5468 1809 5514; x_wconf 89' lang='lat' dir='ltr'><strong>et</strong></span> 
     </span>
    </p>
   </div>
   <div class='ocr_carea' id='block_1_57' title="bbox 220 5539 1806 5619">
    <p class='ocr_par' dir='ltr' id='par_1_57' title="bbox 220 5539 1806 5619">
     <span class='ocr_line' id='line_1_57' title="bbox 220 5539 1806 5619; baseline 0.006 -24"><span class='ocrx_word' id='word_1_455' title='bbox 220 5540 630 5612; x_wconf 74' lang='lat' dir='ltr'><strong>pseudo-ebriati</strong></span> <span class='ocrx_word' id='word_1_456' title='bbox 661 5539 1014 5596; x_wconf 82' lang='lat' dir='ltr'><strong>advenientes</strong></span> <span class='ocrx_word' id='word_1_457' title='bbox 1060 5542 1241 5596; x_wconf 85' lang='lat' dir='ltr'><strong>turbas</strong></span> <span class='ocrx_word' id='word_1_458' title='bbox 1291 5541 1533 5607; x_wconf 88' lang='lat' dir='ltr'><strong>dabunt,</strong></span> <span class='ocrx_word' id='word_1_459' title='bbox 1589 5557 1641 5602; x_wconf 89' lang='lat' dir='ltr'><strong>et</strong></span> <span class='ocrx_word' id='word_1_460' title='bbox 1692 5549 1806 5619; x_wconf 85' lang='lat' dir='ltr'><strong>ipse</strong></span> 
     </span>
    </p>
   </div>
   <div class='ocr_carea' id='block_1_58' title="bbox 217 5632 1806 5706">
    <p class='ocr_par' dir='ltr' id='par_1_58' title="bbox 217 5632 1806 5706">
     <span class='ocr_line' id='line_1_58' title="bbox 217 5632 1806 5706; baseline 0.003 -17"><span class='ocrx_word' id='word_1_461' title='bbox 217 5633 390 5689; x_wconf 81' lang='lat' dir='ltr'><strong>statim</strong></span> <span class='ocrx_word' id='word_1_462' title='bbox 433 5633 624 5689; x_wconf 82' lang='lat' dir='ltr'><strong>aderit.</strong></span> <span class='ocrx_word' id='word_1_463' title='bbox 685 5632 868 5704; x_wconf 82' lang='lat' dir='ltr'><strong>Neque</strong></span> <span class='ocrx_word' id='word_1_464' title='bbox 913 5634 1055 5688; x_wconf 88' lang='lat' dir='ltr'><strong>enim</strong></span> <span class='ocrx_word' id='word_1_465' title='bbox 1102 5648 1257 5703; x_wconf 87' lang='lat' dir='ltr'><strong>parva</strong></span> <span class='ocrx_word' id='word_1_466' title='bbox 1305 5638 1636 5706; x_wconf 87' lang='lat' dir='ltr'><strong>perturbatio</strong></span> <span class='ocrx_word' id='word_1_467' title='bbox 1683 5648 1806 5696; x_wconf 88' lang='lat' dir='ltr'><strong>tunc</strong></span> 
     </span>
    </p>
   </div>
   <div class='ocr_carea' id='block_1_59' title="bbox 276 5821 1816 5892">
    <p class='ocr_par' dir='ltr' id='par_1_59' title="bbox 276 5821 1816 5892">
     <span class='ocr_line' id='line_1_59' title="bbox 276 5821 1816 5892; baseline 0.003 -20"><span class='ocrx_word' id='word_1_468' title='bbox 276 5824 290 5854; x_wconf 79' lang='grc' dir='ltr'><strong>ι</strong></span> <span class='ocrx_word' id='word_1_469' title='bbox 321 5821 513 5876; x_wconf 45' lang='lat' dir='ltr'><strong>nuntia</strong></span> <span class='ocrx_word' id='word_1_470' title='bbox 544 5821 931 5877; x_wconf 79' lang='lat' dir='ltr'><strong>Tribulntionem</strong></span> <span class='ocrx_word' id='word_1_471' title='bbox 953 5823 1166 5888; x_wconf 84' lang='lat' dir='ltr'><strong>dierum,</strong></span> <span class='ocrx_word' id='word_1_472' title='bbox 1192 5840 1451 5892; x_wconf 84' lang='lat' dir='ltr'><strong>quamnant</strong></span> <span class='ocrx_word' id='word_1_473' title='bbox 1485 5826 1643 5880; x_wconf 82' lang='lat' dir='ltr'><strong>dicit?</strong></span> <span class='ocrx_word' id='word_1_474' title='bbox 1666 5830 1816 5880; x_wconf 75' lang='lat' dir='ltr'><strong>Enn.</strong></span> 
     </span>
    </p>
   </div>
   <div class='ocr_carea' id='block_1_60' title="bbox 1140 391 2620 452">
    <p class='ocr_par' dir='ltr' id='par_1_60' title="bbox 1140 391 2620 452">
     <span class='ocr_line' id='line_1_60' title="bbox 1140 391 2620 452; baseline -0.004 -1"><span class='ocrx_word' id='word_1_475' title='bbox 1140 397 1203 452; x_wconf 85' lang='lat' dir='ltr'><strong>lN</strong></span> <span class='ocrx_word' id='word_1_476' title='bbox 1245 392 1652 450; x_wconf 66' lang='lat' dir='ltr'><strong>MATTILEUM</strong></span> <span class='ocrx_word' id='word_1_477' title='bbox 1695 391 1925 447; x_wconf 74' lang='lat' dir='ltr'><strong>llOMlL.</strong></span> <span class='ocrx_word' id='word_1_478' title='bbox 1972 391 2203 448; x_wconf 73' lang='lat' dir='ltr'><strong>LXXVI.</strong></span> <span class='ocrx_word' id='word_1_479' title='bbox 2247 394 2318 450; x_wconf 87' lang='lat' dir='ltr'><strong>al.</strong></span> <span class='ocrx_word' id='word_1_480' title='bbox 2367 393 2620 448; x_wconf 71' lang='lat' dir='ltr'><strong>LXXVII.</strong></span> 
     </span>
    </p>
   </div>
   <div class='ocr_carea' id='block_1_61' title="bbox 3451 395 3556 451">
    <p class='ocr_par' dir='ltr' id='par_1_61' title="bbox 3451 395 3556 451">
     <span class='ocr_line' id='line_1_61' title="bbox 3451 395 3556 451; baseline 0.01 -1"><span class='ocrx_word' id='word_1_481' title='bbox 3451 395 3556 451; x_wconf 74' lang='grc' dir='ltr'><strong>ῦῡὸ</strong></span> 
     </span>
    </p>
   </div>
   <div class='ocr_carea' id='block_1_62' title="bbox 1953 504 3558 576">
    <p class='ocr_par' dir='ltr' id='par_1_62' title="bbox 1953 504 3558 576">
     <span class='ocr_line' id='line_1_62' title="bbox 1953 504 3558 576; baseline 0.005 -20"><span class='ocrx_word' id='word_1_482' title='bbox 1953 513 2123 558; x_wconf 79' lang='lat' dir='ltr'><strong>totum</strong></span> <span class='ocrx_word' id='word_1_483' title='bbox 2147 507 2334 561; x_wconf 87' lang='lat' dir='ltr'><strong>orbem</strong></span> <span class='ocrx_word' id='word_1_484' title='bbox 2372 505 2676 574; x_wconf 87' lang='lat' dir='ltr'><strong>occupabit.</strong></span> <span class='ocrx_word' id='word_1_485' title='bbox 2717 504 3000 574; x_wconf 85' lang='lat' dir='ltr'><strong>Quomodo</strong></span> <span class='ocrx_word' id='word_1_486' title='bbox 3043 515 3223 561; x_wconf 81' lang='lat' dir='ltr'><strong>autem</strong></span> <span class='ocrx_word' id='word_1_487' title='bbox 3255 507 3558 576; x_wconf 85' lang='lat' dir='ltr'><strong>adveniet?</strong></span> 
     </span>
    </p>
   </div>
   <div class='ocr_carea' id='block_1_63' title="bbox 1949 595 3549 666">
    <p class='ocr_par' dir='ltr' id='par_1_63' title="bbox 1949 595 3549 666">
     <span class='ocr_line' id='line_1_63' title="bbox 1949 595 3549 666; baseline 0.002 -16"><span class='ocrx_word' id='word_1_488' title='bbox 1949 595 2058 651; x_wconf 86' lang='lat' dir='ltr'><strong>llac</strong></span> <span class='ocrx_word' id='word_1_489' title='bbox 2101 596 2482 654; x_wconf 78' lang='lat' dir='ltr'><strong>transformata</strong></span> <span class='ocrx_word' id='word_1_490' title='bbox 2525 605 2812 652; x_wconf 85' lang='lat' dir='ltr'><strong>creatura:</strong></span> <span class='ocrx_word' id='word_1_491' title='bbox 2843 613 2965 652; x_wconf 90' lang='lat' dir='ltr'><strong>nam</strong></span> <span class='ocrx_word' id='word_1_492' title='bbox 3017 597 3116 653; x_wconf 89' lang='lat' dir='ltr'><strong>Sol</strong></span> <span class='ocrx_word' id='word_1_493' title='bbox 3163 599 3549 666; x_wconf 81' lang='lat' dir='ltr'><strong>obscurabitur,</strong></span> 
     </span>
    </p>
   </div>
   <div class='ocr_carea' id='block_1_64' title="bbox 1949 689 3549 760">
    <p class='ocr_par' dir='ltr' id='par_1_64' title="bbox 1949 689 3549 760">
     <span class='ocr_line' id='line_1_64' title="bbox 1949 689 3549 760; baseline 0.003 -19"><span class='ocrx_word' id='word_1_494' title='bbox 1949 704 2052 741; x_wconf 88' lang='lat' dir='ltr'><strong>non</strong></span> <span class='ocrx_word' id='word_1_495' title='bbox 2081 689 2314 757; x_wconf 89' lang='lat' dir='ltr'><strong>deletus,</strong></span> <span class='ocrx_word' id='word_1_496' title='bbox 2350 689 2444 745; x_wconf 84' lang='lat' dir='ltr'><strong>sed</strong></span> <span class='ocrx_word' id='word_1_497' title='bbox 2465 702 2752 760; x_wconf 84' lang='lat' dir='ltr'><strong>superatus</strong></span> <span class='ocrx_word' id='word_1_498' title='bbox 2776 705 2804 744; x_wconf 91' lang='lat' dir='ltr'><strong>a</strong></span> <span class='ocrx_word' id='word_1_499' title='bbox 2831 690 3034 745; x_wconf 87' lang='lat' dir='ltr'><strong>lumine</strong></span> <span class='ocrx_word' id='word_1_500' title='bbox 3067 691 3210 746; x_wconf 88' lang='lat' dir='ltr'><strong>illius</strong></span> <span class='ocrx_word' id='word_1_501' title='bbox 3243 691 3509 746; x_wconf 82' lang='lat' dir='ltr'><strong>adventus</strong></span> <span class='ocrx_word' id='word_1_502' title='bbox 3538 712 3549 746; x_wconf 89' lang='lat'>:</span> 
     </span>
    </p>
   </div>
   <div class='ocr_carea' id='block_1_65' title="bbox 1949 779 3551 852">
    <p class='ocr_par' dir='ltr' id='par_1_65' title="bbox 1949 779 3551 852">
     <span class='ocr_line' id='line_1_65' title="bbox 1949 779 3551 852; baseline 0.002 -18"><span class='ocrx_word' id='word_1_503' title='bbox 1949 779 2015 834; x_wconf 85' lang='lat' dir='ltr'><strong>Et</strong></span> <span class='ocrx_word' id='word_1_504' title='bbox 2041 781 2203 836; x_wconf 80' lang='lat' dir='ltr'><strong>stella:</strong></span> <span class='ocrx_word' id='word_1_505' title='bbox 2229 782 2430 836; x_wconf 84' lang='lat' dir='ltr'><strong>cadent.</strong></span> <span class='ocrx_word' id='word_1_506' title='bbox 2462 781 2594 848; x_wconf 87' lang='lat' dir='ltr'><strong>Quis</strong></span> <span class='ocrx_word' id='word_1_507' title='bbox 2617 783 2760 836; x_wconf 86' lang='lat' dir='ltr'><strong>enim</strong></span> <span class='ocrx_word' id='word_1_508' title='bbox 2794 793 2978 852; x_wconf 86' lang='lat' dir='ltr'><strong>postea</strong></span> <span class='ocrx_word' id='word_1_509' title='bbox 3006 783 3216 836; x_wconf 89' lang='lat' dir='ltr'><strong>illarum</strong></span> <span class='ocrx_word' id='word_1_510' title='bbox 3249 799 3378 838; x_wconf 83' lang='lat' dir='ltr'><strong>usus</strong></span> <span class='ocrx_word' id='word_1_511' title='bbox 3407 785 3551 837; x_wconf 80' lang='lat' dir='ltr'><strong>iutu-</strong></span> 
     </span>
    </p>
   </div>
   <div class='ocr_carea' id='block_1_66' title="bbox 1947 874 3551 939">
    <p class='ocr_par' dir='ltr' id='par_1_66' title="bbox 1947 874 3551 939">
     <span class='ocr_line' id='line_1_66' title="bbox 1947 874 3551 939; baseline 0.001 -12"><span class='ocrx_word' id='word_1_512' title='bbox 1947 887 2040 927; x_wconf 89' lang='lat' dir='ltr'><strong>rus</strong></span> <span class='ocrx_word' id='word_1_513' title='bbox 2082 883 2193 939; x_wconf 91' lang='lat' dir='ltr'><strong>est,</strong></span> <span class='ocrx_word' id='word_1_514' title='bbox 2227 874 2369 928; x_wconf 90' lang='lat' dir='ltr'><strong>nulla</strong></span> <span class='ocrx_word' id='word_1_515' title='bbox 2424 875 2726 930; x_wconf 63' lang='lat' dir='ltr'><strong>exsistente</strong></span> <span class='ocrx_word' id='word_1_516' title='bbox 2757 875 2952 930; x_wconf 89' lang='lat' dir='ltr'><strong>nocte?</strong></span> <span class='ocrx_word' id='word_1_517' title='bbox 2983 874 3049 928; x_wconf 81' lang='lat' dir='ltr'><strong>Et</strong></span> <span class='ocrx_word' id='word_1_518' title='bbox 3078 876 3291 936; x_wconf 80' lang='lat' dir='ltr'><strong>virtutes</strong></span> <span class='ocrx_word' id='word_1_519' title='bbox 3307 877 3551 930; x_wconf 71' lang='lat' dir='ltr'><strong>actorum</strong></span> 
     </span>
    </p>
   </div>
   <div class='ocr_carea' id='block_1_67' title="bbox 1945 963 3550 1035">
    <p class='ocr_par' dir='ltr' id='par_1_67' title="bbox 1945 963 3550 1035">
     <span class='ocr_line' id='line_1_67' title="bbox 1945 963 3550 1035; baseline 0.002 -19"><span class='ocrx_word' id='word_1_520' title='bbox 1945 963 2426 1029; x_wconf 70' lang='lat' dir='ltr'><strong>commovebuntur;</strong></span> <span class='ocrx_word' id='word_1_521' title='bbox 2452 973 2508 1020; x_wconf 88' lang='lat' dir='ltr'><strong>et</strong></span> <span class='ocrx_word' id='word_1_522' title='bbox 2531 964 2653 1033; x_wconf 84' lang='lat' dir='ltr'><strong>jure</strong></span> <span class='ocrx_word' id='word_1_523' title='bbox 2681 965 2899 1035; x_wconf 88' lang='lat' dir='ltr'><strong>quidem</strong></span> <span class='ocrx_word' id='word_1_524' title='bbox 2920 1006 2935 1030; x_wconf 95' lang='lat'><strong>,</strong></span> <span class='ocrx_word' id='word_1_525' title='bbox 2962 965 3316 1020; x_wconf 88' lang='lat' dir='ltr'><strong>mutationem</strong></span> <span class='ocrx_word' id='word_1_526' title='bbox 3347 976 3550 1020; x_wconf 86' lang='lat' dir='ltr'><strong>tantam</strong></span> 
     </span>
    </p>
   </div>
   <div class='ocr_carea' id='block_1_68' title="bbox 1948 1054 3549 1126">
    <p class='ocr_par' dir='ltr' id='par_1_68' title="bbox 1948 1054 3549 1126">
     <span class='ocr_line' id='line_1_68' title="bbox 1948 1054 3549 1126; baseline 0.004 -19"><span class='ocrx_word' id='word_1_527' title='bbox 1948 1054 2210 1109; x_wconf 89' lang='lat' dir='ltr'><strong>videntes.</strong></span> <span class='ocrx_word' id='word_1_528' title='bbox 2253 1055 2386 1110; x_wconf 89' lang='lat' dir='ltr'><strong>Nam</strong></span> <span class='ocrx_word' id='word_1_529' title='bbox 2413 1056 2456 1111; x_wconf 90' lang='lat' dir='ltr'><strong>si</strong></span> <span class='ocrx_word' id='word_1_530' title='bbox 2488 1056 2702 1126; x_wconf 84' lang='lat' dir='ltr'><strong>quando</strong></span> <span class='ocrx_word' id='word_1_531' title='bbox 2729 1057 2900 1111; x_wconf 64' lang='lat' dir='ltr'><strong>stellae</strong></span> <span class='ocrx_word' id='word_1_532' title='bbox 2942 1054 3096 1110; x_wconf 78' lang='lat' dir='ltr'><strong>factae</strong></span> <span class='ocrx_word' id='word_1_533' title='bbox 3145 1068 3265 1111; x_wconf 88' lang='lat' dir='ltr'><strong>sunt</strong></span> <span class='ocrx_word' id='word_1_534' title='bbox 3290 1099 3310 1123; x_wconf 86' lang='lat'><strong>,</strong></span> <span class='ocrx_word' id='word_1_535' title='bbox 3351 1059 3418 1112; x_wconf 86' lang='lat' dir='ltr'><strong>ita</strong></span> <span class='ocrx_word' id='word_1_536' title='bbox 3452 1071 3549 1113; x_wconf 80' lang='lat' dir='ltr'><strong>ex-</strong></span> 
     </span>
    </p>
   </div>
   <div class='ocr_carea' id='block_1_69' title="bbox 1949 1143 3552 1218">
    <p class='ocr_par' dir='ltr' id='par_1_69' title="bbox 1949 1143 3552 1218">
     <span class='ocr_line' id='line_1_69' title="bbox 1949 1143 3552 1218; baseline 0.003 -20"><span class='ocrx_word' id='word_1_537' title='bbox 1949 1143 2274 1201; x_wconf 89' lang='lat' dir='ltr'><strong>horruerunt</strong></span> <span class='ocrx_word' id='word_1_538' title='bbox 2323 1155 2376 1201; x_wconf 89' lang='lat' dir='ltr'><strong>et</strong></span> <span class='ocrx_word' id='word_1_539' title='bbox 2419 1147 2627 1201; x_wconf 76' lang='lat' dir='ltr'><strong>mirata:</strong></span> <span class='ocrx_word' id='word_1_540' title='bbox 2670 1155 2797 1201; x_wconf 88' lang='lat' dir='ltr'><strong>sunt</strong></span> <span class='ocrx_word' id='word_1_541' title='bbox 2824 1146 2844 1218; x_wconf 93' lang='lat'><strong>(</strong></span> <span class='ocrx_word' id='word_1_542' title='bbox 2869 1163 2991 1200; x_wconf 90' lang='lat' dir='ltr'><strong>nam</strong></span> <span class='ocrx_word' id='word_1_543' title='bbox 3027 1147 3246 1213; x_wconf 81' lang='lat' dir='ltr'><strong>Quando</strong></span> <span class='ocrx_word' id='word_1_544' title='bbox 3270 1149 3406 1217; x_wconf 82' lang='lat' dir='ltr'><strong>[acta</strong></span> <span class='ocrx_word' id='word_1_545' title='bbox 3435 1161 3552 1203; x_wconf 86' lang='lat' dir='ltr'><strong>sunt</strong></span> 
     </span>
    </p>
   </div>
   <div class='ocr_carea' id='block_1_70' title="bbox 1945 1236 3552 1309">
    <p class='ocr_par' dir='ltr' id='par_1_70' title="bbox 1945 1236 3552 1309">
     <span class='ocr_line' id='line_1_70' title="bbox 1945 1236 3552 1309; baseline 0.002 -21"><span class='ocrx_word' id='word_1_546' title='bbox 1945 1245 2084 1289; x_wconf 88' lang='lat' dir='ltr'><strong>astra</strong></span> <span class='ocrx_word' id='word_1_547' title='bbox 2109 1276 2122 1296; x_wconf 86' lang='lat'><strong>.</strong></span> <span class='ocrx_word' id='word_1_548' title='bbox 2154 1236 2354 1305; x_wconf 82' lang='lat' dir='ltr'><strong>inquit,</strong></span> <span class='ocrx_word' id='word_1_549' title='bbox 2387 1237 2722 1292; x_wconf 73' lang='lat' dir='ltr'><strong>laudauerunt</strong></span> <span class='ocrx_word' id='word_1_550' title='bbox 2751 1253 2831 1291; x_wconf 87' lang='lat' dir='ltr'><strong>me</strong></span> <span class='ocrx_word' id='word_1_551' title='bbox 2857 1254 3045 1309; x_wconf 85' lang='lat' dir='ltr'><strong>magna</strong></span> <span class='ocrx_word' id='word_1_552' title='bbox 3085 1254 3204 1291; x_wconf 83' lang='lat' dir='ltr'><strong>voce</strong></span> <span class='ocrx_word' id='word_1_553' title='bbox 3243 1256 3413 1294; x_wconf 83' lang='lat' dir='ltr'><strong>omnes</strong></span> <span class='ocrx_word' id='word_1_554' title='bbox 3458 1259 3552 1292; x_wconf 86' lang='lat' dir='ltr'><strong>an-</strong></span> 
     </span>
    </p>
   </div>
   <div class='ocr_carea' id='block_1_71' title="bbox 1945 1325 3548 1402">
    <p class='ocr_par' dir='ltr' id='par_1_71' title="bbox 1945 1325 3548 1402">
     <span class='ocr_line' id='line_1_71' title="bbox 1945 1325 3548 1402; baseline 0.002 -22"><span class='ocrx_word' id='word_1_555' title='bbox 1945 1329 2043 1399; x_wconf 83' lang='lat' dir='ltr'><strong>geli</strong></span> <span class='ocrx_word' id='word_1_556' title='bbox 2090 1325 2211 1399; x_wconf 82' lang='lat' dir='ltr'><strong>[Job</strong></span> <span class='ocrx_word' id='word_1_557' title='bbox 2237 1329 2328 1384; x_wconf 89' lang='grc'><strong>58.</strong></span> <span class='ocrx_word' id='word_1_558' title='bbox 2360 1327 2451 1402; x_wconf 87' lang='grc'><strong>7])</strong></span> <span class='ocrx_word' id='word_1_559' title='bbox 2478 1347 2490 1382; x_wconf 94' lang='lat'>:</span> <span class='ocrx_word' id='word_1_560' title='bbox 2515 1329 2687 1384; x_wconf 90' lang='lat' dir='ltr'><strong>multo</strong></span> <span class='ocrx_word' id='word_1_561' title='bbox 2727 1331 2898 1399; x_wconf 86' lang='lat' dir='ltr'><strong>magis</strong></span> <span class='ocrx_word' id='word_1_562' title='bbox 2939 1345 3060 1384; x_wconf 87' lang='lat' dir='ltr'><strong>cum</strong></span> <span class='ocrx_word' id='word_1_563' title='bbox 3107 1330 3340 1384; x_wconf 82' lang='lat' dir='ltr'><strong>viderint</strong></span> <span class='ocrx_word' id='word_1_564' title='bbox 3373 1335 3548 1386; x_wconf 83' lang='lat' dir='ltr'><strong>omnia</strong></span> 
     </span>
    </p>
   </div>
   <div class='ocr_carea' id='block_1_72' title="bbox 1946 1422 3545 1491">
    <p class='ocr_par' dir='ltr' id='par_1_72' title="bbox 1946 1422 3545 1491">
     <span class='ocr_line' id='line_1_72' title="bbox 1946 1422 3545 1491; baseline 0.004 -19"><span class='ocrx_word' id='word_1_565' title='bbox 1946 1427 2168 1484; x_wconf 89' lang='lat' dir='ltr'><strong>mutata,</strong></span> <span class='ocrx_word' id='word_1_566' title='bbox 2200 1430 2254 1474; x_wconf 91' lang='lat' dir='ltr'><strong>et</strong></span> <span class='ocrx_word' id='word_1_567' title='bbox 2281 1434 2572 1474; x_wconf 80' lang='lat' dir='ltr'><strong>conservos</strong></span> <span class='ocrx_word' id='word_1_568' title='bbox 2597 1436 2726 1475; x_wconf 90' lang='lat' dir='ltr'><strong>suos</strong></span> <span class='ocrx_word' id='word_1_569' title='bbox 2756 1437 2948 1491; x_wconf 61' lang='lat' dir='ltr'><strong>poenas</strong></span> <span class='ocrx_word' id='word_1_570' title='bbox 2974 1422 3166 1477; x_wconf 87' lang='lat' dir='ltr'><strong>dantes</strong></span> <span class='ocrx_word' id='word_1_571' title='bbox 3193 1465 3207 1488; x_wconf 92' lang='lat'><strong>,</strong></span> <span class='ocrx_word' id='word_1_572' title='bbox 3241 1433 3411 1478; x_wconf 92' lang='lat' dir='ltr'><strong>totum</strong></span> <span class='ocrx_word' id='word_1_573' title='bbox 3455 1443 3545 1478; x_wconf 76' lang='lat' dir='ltr'><strong>nr-</strong></span> 
     </span>
    </p>
   </div>
   <div class='ocr_carea' id='block_1_73' title="bbox 1945 1511 3551 1581">
    <p class='ocr_par' dir='ltr' id='par_1_73' title="bbox 1945 1511 3551 1581">
     <span class='ocr_line' id='line_1_73' title="bbox 1945 1511 3551 1581; baseline 0.003 -15"><span class='ocrx_word' id='word_1_574' title='bbox 1945 1511 2065 1566; x_wconf 88' lang='lat' dir='ltr'><strong>bem</strong></span> <span class='ocrx_word' id='word_1_575' title='bbox 2107 1522 2231 1566; x_wconf 92' lang='lat' dir='ltr'><strong>ante</strong></span> <span class='ocrx_word' id='word_1_576' title='bbox 2261 1513 2597 1568; x_wconf 86' lang='lat' dir='ltr'><strong>tremendum</strong></span> <span class='ocrx_word' id='word_1_577' title='bbox 2633 1515 2865 1568; x_wconf 88' lang='lat' dir='ltr'><strong>tribunal</strong></span> <span class='ocrx_word' id='word_1_578' title='bbox 2894 1513 3196 1569; x_wconf 87' lang='lat' dir='ltr'><strong>adstantem</strong></span> <span class='ocrx_word' id='word_1_579' title='bbox 3225 1533 3238 1581; x_wconf 89' lang='lat'><strong>;</strong></span> <span class='ocrx_word' id='word_1_580' title='bbox 3267 1531 3455 1570; x_wconf 86' lang='lat' dir='ltr'><strong>omnes</strong></span> <span class='ocrx_word' id='word_1_581' title='bbox 3483 1517 3551 1571; x_wconf 88' lang='lat' dir='ltr'><strong>ab</strong></span> 
     </span>
    </p>
   </div>
   <div class='ocr_carea' id='block_1_74' title="bbox 1944 1603 3547 1676">
    <p class='ocr_par' dir='ltr' id='par_1_74' title="bbox 1944 1603 3547 1676">
     <span class='ocr_line' id='line_1_74' title="bbox 1944 1603 3547 1676; baseline 0.002 -19"><span class='ocrx_word' id='word_1_582' title='bbox 1944 1603 2114 1657; x_wconf 82' lang='lat' dir='ltr'><strong>Adam</strong></span> <span class='ocrx_word' id='word_1_583' title='bbox 2158 1619 2327 1673; x_wconf 86' lang='lat' dir='ltr'><strong>usque</strong></span> <span class='ocrx_word' id='word_1_584' title='bbox 2355 1603 2422 1658; x_wconf 89' lang='lat' dir='ltr'><strong>ad</strong></span> <span class='ocrx_word' id='word_1_585' title='bbox 2455 1605 2742 1659; x_wconf 90' lang='lat' dir='ltr'><strong>adventum</strong></span> <span class='ocrx_word' id='word_1_586' title='bbox 2790 1621 2982 1671; x_wconf 92' lang='lat' dir='ltr'><strong>suum,</strong></span> <span class='ocrx_word' id='word_1_587' title='bbox 3029 1607 3272 1660; x_wconf 86' lang='lat' dir='ltr'><strong>omnium</strong></span> <span class='ocrx_word' id='word_1_588' title='bbox 3323 1621 3547 1676; x_wconf 86' lang='lat' dir='ltr'><strong>operum</strong></span> 
     </span>
    </p>
   </div>
   <div class='ocr_carea' id='block_1_75' title="bbox 1946 1695 3552 1767">
    <p class='ocr_par' dir='ltr' id='par_1_75' title="bbox 1946 1695 3552 1767">
     <span class='ocr_line' id='line_1_75' title="bbox 1946 1695 3552 1767; baseline 0.002 -17"><span class='ocrx_word' id='word_1_589' title='bbox 1946 1697 2210 1752; x_wconf 88' lang='lat' dir='ltr'><strong>rationem</strong></span> <span class='ocrx_word' id='word_1_590' title='bbox 2263 1695 2573 1761; x_wconf 85' lang='lat' dir='ltr'><strong>reddentes,</strong></span> <span class='ocrx_word' id='word_1_591' title='bbox 2620 1697 2894 1767; x_wconf 91' lang='lat' dir='ltr'><strong>quomodo</strong></span> <span class='ocrx_word' id='word_1_592' title='bbox 2948 1713 3053 1752; x_wconf 91' lang='lat' dir='ltr'><strong>non</strong></span> <span class='ocrx_word' id='word_1_593' title='bbox 3105 1699 3463 1766; x_wconf 86' lang='lat' dir='ltr'><strong>horresceut,</strong></span> <span class='ocrx_word' id='word_1_594' title='bbox 3498 1710 3552 1754; x_wconf 86' lang='lat' dir='ltr'><strong>ct</strong></span> 
     </span>
    </p>
   </div>
   <div class='ocr_carea' id='block_1_76' title="bbox 1944 1787 2463 1842">
    <p class='ocr_par' dir='ltr' id='par_1_76' title="bbox 1944 1787 2463 1842">
     <span class='ocr_line' id='line_1_76' title="bbox 1944 1787 2463 1842; baseline 0 -2"><span class='ocrx_word' id='word_1_595' title='bbox 1944 1787 2463 1842; x_wconf 81' lang='lat' dir='ltr'><strong>commovebuntur?</strong></span> 
     </span>
    </p>
   </div>
   <div class='ocr_carea' id='block_1_77' title="bbox 2015 1856 3552 1948">
    <p class='ocr_par' dir='ltr' id='par_1_77' title="bbox 2015 1856 3552 1948">
     <span class='ocr_line' id='line_1_77' title="bbox 2015 1856 3552 1948; baseline 0.004 -17"><span class='ocrx_word' id='word_1_596' title='bbox 2015 1879 2243 1932; x_wconf 78' lang='lat' dir='ltr'><strong>Christus</strong></span> <span class='ocrx_word' id='word_1_597' title='bbox 2284 1895 2433 1932; x_wconf 86' lang='lat' dir='ltr'><strong>suum</strong></span> <span class='ocrx_word' id='word_1_598' title='bbox 2473 1879 2751 1932; x_wconf 86' lang='lat' dir='ltr'><strong>secundum</strong></span> <span class='ocrx_word' id='word_1_599' title='bbox 2789 1856 3348 1937; x_wconf 50' lang='lat' dir='ltr'><strong>adventum&#39;describit.</strong></span> <span class='ocrx_word' id='word_1_600' title='bbox 3383 1883 3552 1948; x_wconf 79' lang='lat' dir='ltr'><strong>Quare</strong></span> 
     </span>
    </p>
   </div>
   <div class='ocr_carea' id='block_1_78' title="bbox 1943 1968 3550 2040">
    <p class='ocr_par' dir='ltr' id='par_1_78' title="bbox 1943 1968 3550 2040">
     <span class='ocr_line' id='line_1_78' title="bbox 1943 1968 3550 2040; baseline 0.002 -18"><span class='ocrx_word' id='word_1_601' title='bbox 1943 1986 2071 2023; x_wconf 72' lang='lat' dir='ltr'><strong>crux</strong></span> <span class='ocrx_word' id='word_1_602' title='bbox 2083 1968 2543 2038; x_wconf 78' lang='lat' dir='ltr'><strong>apparebit.—50.</strong></span> <span class='ocrx_word' id='word_1_603' title='bbox 2563 1968 2702 2023; x_wconf 85' lang='lat' dir='ltr'><strong>Tunc</strong></span> <span class='ocrx_word' id='word_1_604' title='bbox 2718 1970 2992 2039; x_wconf 85' lang='lat' dir='ltr'><strong>apparebit</strong></span> <span class='ocrx_word' id='word_1_605' title='bbox 3005 1971 3213 2040; x_wconf 87' lang='lat' dir='ltr'><strong>signum</strong></span> <span class='ocrx_word' id='word_1_606' title='bbox 3236 1968 3363 2024; x_wconf 85' lang='lat' dir='ltr'><strong>Filii</strong></span> <span class='ocrx_word' id='word_1_607' title='bbox 3377 1975 3550 2028; x_wconf 78' lang='lat' dir='ltr'><strong>homi-</strong></span> 
     </span>
    </p>
   </div>
   <div class='ocr_carea' id='block_1_79' title="bbox 1943 2061 3549 2134">
    <p class='ocr_par' dir='ltr' id='par_1_79' title="bbox 1943 2061 3549 2134">
     <span class='ocr_line' id='line_1_79' title="bbox 1943 2061 3549 2134; baseline 0.004 -22"><span class='ocrx_word' id='word_1_608' title='bbox 1943 2061 2022 2113; x_wconf 86' lang='lat' dir='ltr'><strong>nis</strong></span> <span class='ocrx_word' id='word_1_609' title='bbox 2052 2061 2104 2113; x_wconf 90' lang='lat' dir='ltr'><strong>in</strong></span> <span class='ocrx_word' id='word_1_610' title='bbox 2130 2061 2254 2114; x_wconf 74' lang='lat' dir='ltr'><strong>ctela</strong></span> <span class='ocrx_word' id='word_1_611' title='bbox 2294 2077 2312 2114; x_wconf 92' lang='lat'><strong><em>:</em></strong></span> <span class='ocrx_word' id='word_1_612' title='bbox 2351 2061 2401 2116; x_wconf 92' lang='lat' dir='ltr'><strong>id</strong></span> <span class='ocrx_word' id='word_1_613' title='bbox 2435 2071 2551 2126; x_wconf 87' lang='lat' dir='ltr'><strong>est,</strong></span> <span class='ocrx_word' id='word_1_614' title='bbox 2585 2077 2714 2116; x_wconf 79' lang='lat' dir='ltr'><strong>crux</strong></span> <span class='ocrx_word' id='word_1_615' title='bbox 2744 2063 2858 2116; x_wconf 91' lang='lat' dir='ltr'><strong>sole</strong></span> <span class='ocrx_word' id='word_1_616' title='bbox 2886 2061 3252 2132; x_wconf 82' lang='lat' dir='ltr'><strong>splendidior:</strong></span> <span class='ocrx_word' id='word_1_617' title='bbox 3285 2066 3549 2134; x_wconf 65' lang='lat' dir='ltr'><strong>siquidem</strong></span> 
     </span>
    </p>
   </div>
   <div class='ocr_carea' id='block_1_80' title="bbox 1942 2151 3546 2226">
    <p class='ocr_par' dir='ltr' id='par_1_80' title="bbox 1942 2151 3546 2226">
     <span class='ocr_line' id='line_1_80' title="bbox 1942 2151 3546 2226; baseline 0.004 -20"><span class='ocrx_word' id='word_1_618' title='bbox 1942 2153 2019 2206; x_wconf 79' lang='lat' dir='ltr'><strong>Sol</strong></span> <span class='ocrx_word' id='word_1_619' title='bbox 2052 2151 2437 2210; x_wconf 79' lang='lat' dir='ltr'><strong>obtenebratur</strong></span> <span class='ocrx_word' id='word_1_620' title='bbox 2463 2161 2516 2207; x_wconf 92' lang='lat' dir='ltr'><strong>et</strong></span> <span class='ocrx_word' id='word_1_621' title='bbox 2544 2152 2910 2218; x_wconf 87' lang='lat' dir='ltr'><strong>absconditur,</strong></span> <span class='ocrx_word' id='word_1_622' title='bbox 2933 2170 3064 2209; x_wconf 85' lang='lat' dir='ltr'><strong>crux</strong></span> <span class='ocrx_word' id='word_1_623' title='bbox 3090 2165 3268 2210; x_wconf 82' lang='lat' dir='ltr'><strong>autem</strong></span> <span class='ocrx_word' id='word_1_624' title='bbox 3291 2167 3546 2226; x_wconf 85' lang='lat' dir='ltr'><strong>apparet:</strong></span> 
     </span>
    </p>
   </div>
   <div class='ocr_carea' id='block_1_81' title="bbox 1944 2245 3540 2319">
    <p class='ocr_par' dir='ltr' id='par_1_81' title="bbox 1944 2245 3540 2319">
     <span class='ocr_line' id='line_1_81' title="bbox 1944 2245 3540 2319; baseline 0.003 -22"><span class='ocrx_word' id='word_1_625' title='bbox 1944 2258 2117 2312; x_wconf 87' lang='lat' dir='ltr'><strong>neque</strong></span> <span class='ocrx_word' id='word_1_626' title='bbox 2147 2254 2459 2313; x_wconf 88' lang='lat' dir='ltr'><strong>appareret,</strong></span> <span class='ocrx_word' id='word_1_627' title='bbox 2491 2246 2592 2300; x_wconf 91' lang='lat' dir='ltr'><strong>nisi</strong></span> <span class='ocrx_word' id='word_1_628' title='bbox 2621 2245 2886 2300; x_wconf 87' lang='lat' dir='ltr'><strong>solaribns</strong></span> <span class='ocrx_word' id='word_1_629' title='bbox 2919 2247 3076 2317; x_wconf 89' lang='lat' dir='ltr'><strong>longe</strong></span> <span class='ocrx_word' id='word_1_630' title='bbox 3104 2248 3271 2302; x_wconf 87' lang='lat' dir='ltr'><strong>radiis</strong></span> <span class='ocrx_word' id='word_1_631' title='bbox 3297 2251 3540 2319; x_wconf 83' lang='lat' dir='ltr'><strong>splendi-</strong></span> 
     </span>
    </p>
   </div>
   <div class='ocr_carea' id='block_1_82' title="bbox 1940 2333 3548 2408">
    <p class='ocr_par' dir='ltr' id='par_1_82' title="bbox 1940 2333 3548 2408">
     <span class='ocr_line' id='line_1_82' title="bbox 1940 2333 3548 2408; baseline 0.004 -22"><span class='ocrx_word' id='word_1_632' title='bbox 1940 2333 2059 2387; x_wconf 91' lang='lat' dir='ltr'><strong>dior</strong></span> <span class='ocrx_word' id='word_1_633' title='bbox 2098 2344 2260 2390; x_wconf 82' lang='lat' dir='ltr'><strong>esset.</strong></span> <span class='ocrx_word' id='word_1_634' title='bbox 2310 2334 2419 2390; x_wconf 90' lang='lat' dir='ltr'><strong>Cur</strong></span> <span class='ocrx_word' id='word_1_635' title='bbox 2465 2346 2645 2391; x_wconf 88' lang='lat' dir='ltr'><strong>autem</strong></span> <span class='ocrx_word' id='word_1_636' title='bbox 2698 2335 2800 2391; x_wconf 88' lang='lat' dir='ltr'><strong>hoc</strong></span> <span class='ocrx_word' id='word_1_637' title='bbox 2836 2337 3047 2407; x_wconf 88' lang='lat' dir='ltr'><strong>signum</strong></span> <span class='ocrx_word' id='word_1_638' title='bbox 3076 2340 3334 2408; x_wconf 83' lang='lat' dir='ltr'><strong>apparet?</strong></span> <span class='ocrx_word' id='word_1_639' title='bbox 3367 2340 3429 2395; x_wconf 88' lang='lat' dir='ltr'><strong>Ut</strong></span> <span class='ocrx_word' id='word_1_640' title='bbox 3461 2340 3548 2394; x_wconf 73' lang='grc' dir='ltr'>,ιιι-</span> 
     </span>
    </p>
   </div>
   <div class='ocr_carea' id='block_1_83' title="bbox 1940 2427 3550 2499">
    <p class='ocr_par' dir='ltr' id='par_1_83' title="bbox 1940 2427 3550 2499">
     <span class='ocr_line' id='line_1_83' title="bbox 1940 2427 3550 2499; baseline 0.003 -17"><span class='ocrx_word' id='word_1_641' title='bbox 1940 2427 2182 2483; x_wconf 74' lang='lat' dir='ltr'><strong>dzeorum</strong></span> <span class='ocrx_word' id='word_1_642' title='bbox 2231 2427 2556 2498; x_wconf 89' lang='lat' dir='ltr'><strong>impudentia</strong></span> <span class='ocrx_word' id='word_1_643' title='bbox 2607 2428 2764 2499; x_wconf 88' lang='lat' dir='ltr'><strong>plane</strong></span> <span class='ocrx_word' id='word_1_644' title='bbox 2810 2429 3154 2497; x_wconf 84' lang='lat' dir='ltr'><strong>reprimatur.</strong></span> <span class='ocrx_word' id='word_1_645' title='bbox 3199 2430 3550 2487; x_wconf 84' lang='lat' dir='ltr'><strong>Justiﬁcatio-</strong></span> 
     </span>
    </p>
   </div>
   <div class='ocr_carea' id='block_1_84' title="bbox 1940 2521 3546 2592">
    <p class='ocr_par' dir='ltr' id='par_1_84' title="bbox 1940 2521 3546 2592">
     <span class='ocr_line' id='line_1_84' title="bbox 1940 2521 3546 2592; baseline 0 -16"><span class='ocrx_word' id='word_1_646' title='bbox 1940 2537 2064 2576; x_wconf 88' lang='lat' dir='ltr'><strong>nem</strong></span> <span class='ocrx_word' id='word_1_647' title='bbox 2089 2521 2284 2592; x_wconf 90' lang='lat' dir='ltr'><strong>quippe</strong></span> <span class='ocrx_word' id='word_1_648' title='bbox 2310 2536 2558 2592; x_wconf 86' lang='lat' dir='ltr'><strong>magnam</strong></span> <span class='ocrx_word' id='word_1_649' title='bbox 2581 2521 2784 2575; x_wconf 83' lang='lat' dir='ltr'><strong>habens</strong></span> <span class='ocrx_word' id='word_1_650' title='bbox 2804 2521 3072 2587; x_wconf 88' lang='lat' dir='ltr'><strong>Christus,</strong></span> <span class='ocrx_word' id='word_1_651' title='bbox 3096 2539 3291 2592; x_wconf 80' lang='lat' dir='ltr'><strong>nempe</strong></span> <span class='ocrx_word' id='word_1_652' title='bbox 3308 2539 3546 2584; x_wconf 80' lang='lat' dir='ltr'><strong>crucem.</strong></span> 
     </span>
    </p>
   </div>
   <div class='ocr_carea' id='block_1_85' title="bbox 1941 2611 3546 2682">
    <p class='ocr_par' dir='ltr' id='par_1_85' title="bbox 1941 2611 3546 2682">
     <span class='ocr_line' id='line_1_85' title="bbox 1941 2611 3546 2682; baseline 0.002 -16"><span class='ocrx_word' id='word_1_653' title='bbox 1941 2612 1992 2666; x_wconf 91' lang='lat' dir='ltr'><strong>in</strong></span> <span class='ocrx_word' id='word_1_654' title='bbox 2023 2612 2125 2667; x_wconf 87' lang='lat' dir='ltr'><strong>hoc</strong></span> <span class='ocrx_word' id='word_1_655' title='bbox 2153 2612 2389 2665; x_wconf 87' lang='lat' dir='ltr'><strong>tribunal</strong></span> <span class='ocrx_word' id='word_1_656' title='bbox 2417 2611 2636 2667; x_wconf 83' lang='lat' dir='ltr'><strong>advenit</strong></span> <span class='ocrx_word' id='word_1_657' title='bbox 2671 2631 2682 2665; x_wconf 87' lang='lat'>:</span> <span class='ocrx_word' id='word_1_658' title='bbox 2719 2627 2894 2682; x_wconf 89' lang='lat' dir='ltr'><strong>neque</strong></span> <span class='ocrx_word' id='word_1_659' title='bbox 2928 2623 3130 2668; x_wconf 81' lang='lat' dir='ltr'><strong>tantum</strong></span> <span class='ocrx_word' id='word_1_660' title='bbox 3165 2614 3387 2669; x_wconf 88' lang='lat' dir='ltr'><strong>vulnera</strong></span> <span class='ocrx_word' id='word_1_661' title='bbox 3409 2656 3422 2679; x_wconf 90' lang='lat'><strong>,</strong></span> <span class='ocrx_word' id='word_1_662' title='bbox 3453 2616 3546 2669; x_wconf 84' lang='lat' dir='ltr'><strong>scd</strong></span> 
     </span>
    </p>
   </div>
   <div class='ocr_carea' id='block_1_86' title="bbox 1940 2703 3545 2775">
    <p class='ocr_par' dir='ltr' id='par_1_86' title="bbox 1940 2703 3545 2775">
     <span class='ocr_line' id='line_1_86' title="bbox 1940 2703 3545 2775; baseline 0 -17"><span class='ocrx_word' id='word_1_663' title='bbox 1940 2703 2348 2775; x_wconf 81' lang='lat' dir='ltr'><strong>ignominiosam</strong></span> <span class='ocrx_word' id='word_1_664' title='bbox 2377 2713 2606 2758; x_wconf 89' lang='lat' dir='ltr'><strong>ortem</strong></span> <span class='ocrx_word' id='word_1_665' title='bbox 2634 2703 2890 2758; x_wconf 90' lang='lat' dir='ltr'><strong>ostendit.</strong></span> <span class='ocrx_word' id='word_1_666' title='bbox 2928 2703 3069 2758; x_wconf 88' lang='lat' dir='ltr'><strong>Tunc</strong></span> <span class='ocrx_word' id='word_1_667' title='bbox 3101 2703 3343 2774; x_wconf 59' lang='lat' dir='ltr'><strong>plangant</strong></span> <span class='ocrx_word' id='word_1_668' title='bbox 3363 2705 3545 2759; x_wconf 85' lang='lat' dir='ltr'><strong>tribus.</strong></span> 
     </span>
    </p>
   </div>
   <div class='ocr_carea' id='block_1_87' title="bbox 1938 2796 3547 2860">
    <p class='ocr_par' dir='ltr' id='par_1_87' title="bbox 1938 2796 3547 2860">
     <span class='ocr_line' id='line_1_87' title="bbox 1938 2796 3547 2860; baseline -0.001 -10"><span class='ocrx_word' id='word_1_669' title='bbox 1938 2796 2090 2851; x_wconf 87' lang='lat' dir='ltr'><strong>Nulla</strong></span> <span class='ocrx_word' id='word_1_670' title='bbox 2120 2796 2406 2851; x_wconf 85' lang='lat' dir='ltr'><strong>accusandi</strong></span> <span class='ocrx_word' id='word_1_671' title='bbox 2441 2796 2734 2851; x_wconf 88' lang='lat' dir='ltr'><strong>necessitas</strong></span> <span class='ocrx_word' id='word_1_672' title='bbox 2759 2797 2881 2860; x_wconf 91' lang='lat' dir='ltr'><strong>erit,</strong></span> <span class='ocrx_word' id='word_1_673' title='bbox 2909 2810 3032 2850; x_wconf 87' lang='lat' dir='ltr'><strong>cum</strong></span> <span class='ocrx_word' id='word_1_674' title='bbox 3056 2796 3284 2851; x_wconf 88' lang='lat' dir='ltr'><strong>viderint</strong></span> <span class='ocrx_word' id='word_1_675' title='bbox 3307 2812 3547 2858; x_wconf 82' lang='lat' dir='ltr'><strong>crucem;</strong></span> 
     </span>
    </p>
   </div>
   <div class='ocr_carea' id='block_1_88' title="bbox 1941 2885 3546 2958">
    <p class='ocr_par' dir='ltr' id='par_1_88' title="bbox 1941 2885 3546 2958">
     <span class='ocr_line' id='line_1_88' title="bbox 1941 2885 3546 2958; baseline 0.001 -18"><span class='ocrx_word' id='word_1_676' title='bbox 1941 2887 2190 2956; x_wconf 88' lang='lat' dir='ltr'><strong>plangent</strong></span> <span class='ocrx_word' id='word_1_677' title='bbox 2212 2929 2227 2952; x_wconf 91' lang='lat'><strong>,</strong></span> <span class='ocrx_word' id='word_1_678' title='bbox 2253 2887 2377 2956; x_wconf 90' lang='lat' dir='ltr'><strong>quia</strong></span> <span class='ocrx_word' id='word_1_679' title='bbox 2406 2887 2496 2940; x_wconf 89' lang='lat' dir='ltr'><strong>illo</strong></span> <span class='ocrx_word' id='word_1_680' title='bbox 2528 2894 2742 2940; x_wconf 90' lang='lat' dir='ltr'><strong>mortuo</strong></span> <span class='ocrx_word' id='word_1_681' title='bbox 2762 2928 2777 2953; x_wconf 92' lang='lat'><strong>,</strong></span> <span class='ocrx_word' id='word_1_682' title='bbox 2823 2886 2954 2942; x_wconf 91' lang='lat' dir='ltr'><strong>nihil</strong></span> <span class='ocrx_word' id='word_1_683' title='bbox 2992 2885 3119 2942; x_wconf 89' lang='lat' dir='ltr'><strong>inde</strong></span> <span class='ocrx_word' id='word_1_684' title='bbox 3157 2887 3388 2942; x_wconf 77' lang='lat' dir='ltr'><strong>fructum</strong></span> <span class='ocrx_word' id='word_1_685' title='bbox 3420 2904 3546 2958; x_wconf 69' lang='lat' dir='ltr'><strong>prr-</strong></span> 
     </span>
    </p>
   </div>
   <div class='ocr_carea' id='block_1_89' title="bbox 1937 2979 3549 3052">
    <p class='ocr_par' dir='ltr' id='par_1_89' title="bbox 1937 2979 3549 3052">
     <span class='ocr_line' id='line_1_89' title="bbox 1937 2979 3549 3052; baseline 0.002 -18"><span class='ocrx_word' id='word_1_686' title='bbox 1937 2984 2196 3049; x_wconf 85' lang='lat' dir='ltr'><strong>ceperunt</strong></span> <span class='ocrx_word' id='word_1_687' title='bbox 2223 2997 2236 3034; x_wconf 91' lang='lat'><strong>:</strong></span> <span class='ocrx_word' id='word_1_688' title='bbox 2267 2979 2519 3049; x_wconf 90' lang='lat' dir='ltr'><strong>quoniam</strong></span> <span class='ocrx_word' id='word_1_689' title='bbox 2548 2979 2932 3035; x_wconf 75' lang='lat' dir='ltr'><strong>crucifixerunt</strong></span> <span class='ocrx_word' id='word_1_690' title='bbox 2963 2995 3090 3036; x_wconf 88' lang='lat' dir='ltr'><strong>eum</strong></span> <span class='ocrx_word' id='word_1_691' title='bbox 3120 2996 3282 3052; x_wconf 90' lang='lat' dir='ltr'><strong>quem</strong></span> <span class='ocrx_word' id='word_1_692' title='bbox 3317 2981 3549 3037; x_wconf 87' lang='lat' dir='ltr'><strong>adorare</strong></span> 
     </span>
    </p>
   </div>
   <div class='ocr_carea' id='block_1_90' title="bbox 1935 3069 3546 3140">
    <p class='ocr_par' dir='ltr' id='par_1_90' title="bbox 1935 3069 3546 3140">
     <span class='ocr_line' id='line_1_90' title="bbox 1935 3069 3546 3140; baseline 0.002 -16"><span class='ocrx_word' id='word_1_693' title='bbox 1935 3070 2236 3140; x_wconf 84' lang='lat' dir='ltr'><strong>oportebat.</strong></span> <span class='ocrx_word' id='word_1_694' title='bbox 2281 3069 2471 3126; x_wconf 74' lang='lat' dir='ltr'><strong>Viden‘</strong></span> <span class='ocrx_word' id='word_1_695' title='bbox 2495 3085 2655 3140; x_wconf 89' lang='lat' dir='ltr'><strong>quam</strong></span> <span class='ocrx_word' id='word_1_696' title='bbox 2690 3071 3002 3126; x_wconf 87' lang='lat' dir='ltr'><strong>terribiliter</strong></span> <span class='ocrx_word' id='word_1_697' title='bbox 3046 3088 3206 3128; x_wconf 90' lang='lat' dir='ltr'><strong>suum</strong></span> <span class='ocrx_word' id='word_1_698' title='bbox 3256 3073 3546 3128; x_wconf 82' lang='lat' dir='ltr'><strong>adventum</strong></span> 
     </span>
    </p>
   </div>
   <div class='ocr_carea' id='block_1_91' title="bbox 1935 3159 3549 3235">
    <p class='ocr_par' dir='ltr' id='par_1_91' title="bbox 1935 3159 3549 3235">
     <span class='ocr_line' id='line_1_91' title="bbox 1935 3159 3549 3235; baseline 0.001 -20"><span class='ocrx_word' id='word_1_699' title='bbox 1935 3159 2255 3215; x_wconf 83' lang='lat' dir='ltr'><strong>describat?</strong></span> <span class='ocrx_word' id='word_1_700' title='bbox 2303 3160 2575 3229; x_wconf 88' lang='lat' dir='ltr'><strong>quomodo</strong></span> <span class='ocrx_word' id='word_1_701' title='bbox 2624 3161 3012 3231; x_wconf 90' lang='lat' dir='ltr'><strong>discipulorum</strong></span> <span class='ocrx_word' id='word_1_702' title='bbox 3067 3162 3279 3218; x_wconf 91' lang='lat' dir='ltr'><strong>animos</strong></span> <span class='ocrx_word' id='word_1_703' title='bbox 3333 3165 3549 3235; x_wconf 81' lang='lat' dir='ltr'><strong>erigat?</strong></span> 
     </span>
    </p>
   </div>
   <div class='ocr_carea' id='block_1_92' title="bbox 1936 3249 3548 3326">
    <p class='ocr_par' dir='ltr' id='par_1_92' title="bbox 1936 3249 3548 3326">
     <span class='ocr_line' id='line_1_92' title="bbox 1936 3249 3548 3326; baseline 0.002 -20"><span class='ocrx_word' id='word_1_704' title='bbox 1936 3249 2143 3307; x_wconf 88' lang='lat' dir='ltr'><strong>Idcirco</strong></span> <span class='ocrx_word' id='word_1_705' title='bbox 2184 3252 2354 3307; x_wconf 88' lang='lat' dir='ltr'><strong>tristia</strong></span> <span class='ocrx_word' id='word_1_706' title='bbox 2389 3253 2562 3321; x_wconf 90' lang='lat' dir='ltr'><strong>primo</strong></span> <span class='ocrx_word' id='word_1_707' title='bbox 2589 3253 2739 3323; x_wconf 80' lang='lat' dir='ltr'><strong>ponit</strong></span> <span class='ocrx_word' id='word_1_708' title='bbox 2764 3295 2777 3318; x_wconf 83' lang='lat'><strong>,</strong></span> <span class='ocrx_word' id='word_1_709' title='bbox 2811 3262 2865 3309; x_wconf 91' lang='lat' dir='ltr'><strong>et</strong></span> <span class='ocrx_word' id='word_1_710' title='bbox 2902 3263 3026 3325; x_wconf 87' lang='lat' dir='ltr'><strong>post</strong></span> <span class='ocrx_word' id='word_1_711' title='bbox 3053 3255 3169 3310; x_wconf 66' lang='lat' dir='ltr'><strong>haec</strong></span> <span class='ocrx_word' id='word_1_712' title='bbox 3199 3255 3340 3311; x_wconf 88' lang='lat' dir='ltr'><strong>bona</strong></span> <span class='ocrx_word' id='word_1_713' title='bbox 3372 3267 3426 3310; x_wconf 91' lang='lat' dir='ltr'><strong>et</strong></span> <span class='ocrx_word' id='word_1_714' title='bbox 3461 3257 3548 3326; x_wconf 89' lang='lat' dir='ltr'><strong>jn-</strong></span> 
     </span>
    </p>
   </div>
   <div class='ocr_carea' id='block_1_93' title="bbox 1934 3343 3548 3420">
    <p class='ocr_par' dir='ltr' id='par_1_93' title="bbox 1934 3343 3548 3420">
     <span class='ocr_line' id='line_1_93' title="bbox 1934 3343 3548 3420; baseline 0.004 -23"><span class='ocrx_word' id='word_1_715' title='bbox 1934 3343 2129 3408; x_wconf 81' lang='lat' dir='ltr'><strong>cundn,</strong></span> <span class='ocrx_word' id='word_1_716' title='bbox 2187 3353 2244 3399; x_wconf 94' lang='lat' dir='ltr'><strong>ut</strong></span> <span class='ocrx_word' id='word_1_717' title='bbox 2292 3345 2370 3399; x_wconf 84' lang='lat' dir='ltr'><strong>sic</strong></span> <span class='ocrx_word' id='word_1_718' title='bbox 2418 3345 2544 3400; x_wconf 90' lang='lat' dir='ltr'><strong>illos</strong></span> <span class='ocrx_word' id='word_1_719' title='bbox 2590 3346 2920 3402; x_wconf 87' lang='lat' dir='ltr'><strong>consoletur.</strong></span> <span class='ocrx_word' id='word_1_720' title='bbox 2971 3347 3287 3404; x_wconf 87' lang='lat' dir='ltr'><strong>Passionem</strong></span> <span class='ocrx_word' id='word_1_721' title='bbox 3333 3365 3548 3420; x_wconf 84' lang='lat' dir='ltr'><strong>quoque</strong></span> 
     </span>
    </p>
   </div>
   <div class='ocr_carea' id='block_1_94' title="bbox 1934 3438 3544 3511">
    <p class='ocr_par' dir='ltr' id='par_1_94' title="bbox 1934 3438 3544 3511">
     <span class='ocr_line' id='line_1_94' title="bbox 1934 3438 3544 3511; baseline 0.004 -21"><span class='ocrx_word' id='word_1_722' title='bbox 1934 3450 2145 3490; x_wconf 87' lang='lat' dir='ltr'><strong>rursum</strong></span> <span class='ocrx_word' id='word_1_723' title='bbox 2174 3445 2583 3503; x_wconf 89' lang='lat' dir='ltr'><strong>commemorat,</strong></span> <span class='ocrx_word' id='word_1_724' title='bbox 2615 3451 2826 3492; x_wconf 90' lang='lat' dir='ltr'><strong>necnon</strong></span> <span class='ocrx_word' id='word_1_725' title='bbox 2854 3438 3314 3500; x_wconf 85' lang='lat' dir='ltr'><strong>resurrectionem</strong></span> <span class='ocrx_word' id='word_1_726' title='bbox 3335 3483 3354 3508; x_wconf 86' lang='lat'><strong>,</strong></span> <span class='ocrx_word' id='word_1_727' title='bbox 3381 3450 3544 3511; x_wconf 88' lang='lat' dir='ltr'><strong>atque</strong></span> 
     </span>
    </p>
   </div>
   <div class='ocr_carea' id='block_1_95' title="bbox 1931 3526 3542 3604">
    <p class='ocr_par' dir='ltr' id='par_1_95' title="bbox 1931 3526 3542 3604">
     <span class='ocr_line' id='line_1_95' title="bbox 1931 3526 3542 3604; baseline 0.004 -23"><span class='ocrx_word' id='word_1_728' title='bbox 1931 3526 2296 3597; x_wconf 72' lang='lat' dir='ltr'><strong>Splendidiore</strong></span> <span class='ocrx_word' id='word_1_729' title='bbox 2324 3527 2484 3582; x_wconf 80' lang='lat' dir='ltr'><strong>modo</strong></span> <span class='ocrx_word' id='word_1_730' title='bbox 2510 3543 2729 3584; x_wconf 88' lang='lat' dir='ltr'><strong>crucem</strong></span> <span class='ocrx_word' id='word_1_731' title='bbox 2756 3538 3020 3586; x_wconf 82' lang='lat' dir='ltr'><strong>memorat</strong></span> <span class='ocrx_word' id='word_1_732' title='bbox 3043 3573 3058 3597; x_wconf 95' lang='lat'><strong>,</strong></span> <span class='ocrx_word' id='word_1_733' title='bbox 3089 3546 3160 3588; x_wconf 82' lang='lat' dir='ltr'><strong>ne</strong></span> <span class='ocrx_word' id='word_1_734' title='bbox 3191 3533 3363 3604; x_wconf 81' lang='lat' dir='ltr'><strong>pudor</strong></span> <span class='ocrx_word' id='word_1_735' title='bbox 3394 3534 3542 3603; x_wconf 85' lang='lat' dir='ltr'><strong>ipsos</strong></span> 
     </span>
    </p>
   </div>
   <div class='ocr_carea' id='block_1_96' title="bbox 1931 3617 3532 3694">
    <p class='ocr_par' dir='ltr' id='par_1_96' title="bbox 1931 3617 3532 3694">
     <span class='ocr_line' id='line_1_96' title="bbox 1931 3617 3532 3694; baseline 0.006 -24"><span class='ocrx_word' id='word_1_736' title='bbox 1931 3619 2015 3672; x_wconf 84' lang='lat' dir='ltr'><strong>vel</strong></span> <span class='ocrx_word' id='word_1_737' title='bbox 2059 3617 2214 3672; x_wconf 82' lang='lat' dir='ltr'><strong>dolor</strong></span> <span class='ocrx_word' id='word_1_738' title='bbox 2245 3617 2488 3684; x_wconf 87' lang='lat' dir='ltr'><strong>invadat,</strong></span> <span class='ocrx_word' id='word_1_739' title='bbox 2517 3634 2638 3674; x_wconf 88' lang='lat' dir='ltr'><strong>cum</strong></span> <span class='ocrx_word' id='word_1_740' title='bbox 2660 3619 2770 3689; x_wconf 91' lang='lat' dir='ltr'><strong>jam</strong></span> <span class='ocrx_word' id='word_1_741' title='bbox 2805 3621 2984 3675; x_wconf 86' lang='lat' dir='ltr'><strong>veniat</strong></span> <span class='ocrx_word' id='word_1_742' title='bbox 3028 3622 3176 3677; x_wconf 88' lang='lat' dir='ltr'><strong>illam</strong></span> <span class='ocrx_word' id='word_1_743' title='bbox 3233 3639 3330 3694; x_wconf 90' lang='lat' dir='ltr'><strong>pro</strong></span> <span class='ocrx_word' id='word_1_744' title='bbox 3379 3626 3532 3694; x_wconf 84' lang='lat' dir='ltr'><strong>signo</strong></span> 
     </span>
    </p>
   </div>
   <div class='ocr_carea' id='block_1_97' title="bbox 1932 3709 3543 3786">
    <p class='ocr_par' dir='ltr' id='par_1_97' title="bbox 1932 3709 3543 3786">
     <span class='ocr_line' id='line_1_97' title="bbox 1932 3709 3543 3786; baseline 0.004 -24"><span class='ocrx_word' id='word_1_745' title='bbox 1932 3710 2220 3778; x_wconf 87' lang='lat' dir='ltr'><strong>positurus.</strong></span> <span class='ocrx_word' id='word_1_746' title='bbox 2254 3709 2404 3777; x_wconf 82' lang='lat' dir='ltr'><strong>Alius</strong></span> <span class='ocrx_word' id='word_1_747' title='bbox 2435 3725 2562 3764; x_wconf 81' lang='lat' dir='ltr'><strong>vero</strong></span> <span class='ocrx_word' id='word_1_748' title='bbox 2591 3709 2756 3776; x_wconf 90' lang='lat' dir='ltr'><strong>dicit,</strong></span> <span class='ocrx_word' id='word_1_749' title='bbox 2800 3711 3052 3766; x_wconf 82' lang='lat' dir='ltr'><strong>Videbunt</strong></span> <span class='ocrx_word' id='word_1_750' title='bbox 3095 3715 3148 3767; x_wconf 88' lang='lat' dir='ltr'><strong>in</strong></span> <span class='ocrx_word' id='word_1_751' title='bbox 3194 3730 3343 3786; x_wconf 85' lang='lat' dir='ltr'><strong>quem</strong></span> <span class='ocrx_word' id='word_1_752' title='bbox 3375 3725 3543 3770; x_wconf 85' lang='lat' dir='ltr'><strong>trans-</strong></span> 
     </span>
    </p>
   </div>
   <div class='ocr_carea' id='block_1_98' title="bbox 1929 3800 3540 3875">
    <p class='ocr_par' dir='ltr' id='par_1_98' title="bbox 1929 3800 3540 3875">
     <span class='ocr_line' id='line_1_98' title="bbox 1929 3800 3540 3875; baseline 0.006 -22"><span class='ocrx_word' id='word_1_753' title='bbox 1929 3801 2149 3870; x_wconf 68' lang='lat' dir='ltr'><strong>ﬁzerunt</strong></span> <span class='ocrx_word' id='word_1_754' title='bbox 2193 3800 2381 3869; x_wconf 90' lang='lat' dir='ltr'><strong>(Zach.</strong></span> <span class='ocrx_word' id='word_1_755' title='bbox 2416 3803 2502 3857; x_wconf 71' lang='lat' dir='ltr'><strong>l2.</strong></span> <span class='ocrx_word' id='word_1_756' title='bbox 2538 3801 2650 3872; x_wconf 79' lang='lat' dir='ltr'><strong>l0).</strong></span> <span class='ocrx_word' id='word_1_757' title='bbox 2681 3802 2808 3858; x_wconf 86' lang='lat' dir='ltr'><strong>Ideo</strong></span> <span class='ocrx_word' id='word_1_758' title='bbox 2836 3803 3089 3875; x_wconf 83' lang='lat' dir='ltr'><strong>plangent</strong></span> <span class='ocrx_word' id='word_1_759' title='bbox 3117 3806 3285 3862; x_wconf 90' lang='lat' dir='ltr'><strong>tribus</strong></span> <span class='ocrx_word' id='word_1_760' title='bbox 3307 3849 3321 3872; x_wconf 91' lang='lat'><strong>,</strong></span> <span class='ocrx_word' id='word_1_761' title='bbox 3355 3808 3540 3862; x_wconf 87' lang='lat' dir='ltr'><strong>viden-</strong></span> 
     </span>
    </p>
   </div>
   <div class='ocr_carea' id='block_1_99' title="bbox 1931 3895 3536 3966">
    <p class='ocr_par' dir='ltr' id='par_1_99' title="bbox 1931 3895 3536 3966">
     <span class='ocr_line' id='line_1_99' title="bbox 1931 3895 3536 3966; baseline 0.004 -19"><span class='ocrx_word' id='word_1_762' title='bbox 1931 3903 2010 3948; x_wconf 92' lang='lat' dir='ltr'><strong>tes</strong></span> <span class='ocrx_word' id='word_1_763' title='bbox 2055 3895 2304 3949; x_wconf 91' lang='lat' dir='ltr'><strong>eumdem</strong></span> <span class='ocrx_word' id='word_1_764' title='bbox 2345 3897 2516 3964; x_wconf 87' lang='lat' dir='ltr'><strong>ipsum</strong></span> <span class='ocrx_word' id='word_1_765' title='bbox 2561 3909 2701 3950; x_wconf 88' lang='lat' dir='ltr'><strong>esse.</strong></span> <span class='ocrx_word' id='word_1_766' title='bbox 2750 3895 3039 3966; x_wconf 88' lang='lat' dir='ltr'><strong>Postquam</strong></span> <span class='ocrx_word' id='word_1_767' title='bbox 3090 3907 3268 3953; x_wconf 89' lang='lat' dir='ltr'><strong>autem</strong></span> <span class='ocrx_word' id='word_1_768' title='bbox 3320 3916 3536 3955; x_wconf 87' lang='lat' dir='ltr'><strong>crucem</strong></span> 
     </span>
    </p>
   </div>
   <div class='ocr_carea' id='block_1_100' title="bbox 1927 3986 3536 4057">
    <p class='ocr_par' dir='ltr' id='par_1_100' title="bbox 1927 3986 3536 4057">
     <span class='ocr_line' id='line_1_100' title="bbox 1927 3986 3536 4057; baseline 0.002 -17"><span class='ocrx_word' id='word_1_769' title='bbox 1927 3986 2392 4053; x_wconf 86' lang='lat' dir='ltr'><strong>commemoravit,</strong></span> <span class='ocrx_word' id='word_1_770' title='bbox 2426 3986 2632 4057; x_wconf 85' lang='lat' dir='ltr'><strong>adjicit,</strong></span> <span class='ocrx_word' id='word_1_771' title='bbox 2674 3986 2920 4042; x_wconf 79' lang='lat' dir='ltr'><strong>Videbunt</strong></span> <span class='ocrx_word' id='word_1_772' title='bbox 2941 3987 3137 4043; x_wconf 84' lang='lat' dir='ltr'><strong>Filium</strong></span> <span class='ocrx_word' id='word_1_773' title='bbox 3167 3990 3385 4045; x_wconf 80' lang='lat' dir='ltr'><strong>hominis</strong></span> <span class='ocrx_word' id='word_1_774' title='bbox 3402 3992 3536 4045; x_wconf 71' lang='lat' dir='ltr'><strong>veni-</strong></span> 
     </span>
    </p>
   </div>
   <div class='ocr_carea' id='block_1_101' title="bbox 1928 4079 3534 4154">
    <p class='ocr_par' dir='ltr' id='par_1_101' title="bbox 1928 4079 3534 4154">
     <span class='ocr_line' id='line_1_101' title="bbox 1928 4079 3534 4154; baseline 0.004 -23"><span class='ocrx_word' id='word_1_775' title='bbox 1928 4087 2122 4146; x_wconf 86' lang='lat' dir='ltr'><strong>entem,</strong></span> <span class='ocrx_word' id='word_1_776' title='bbox 2153 4095 2257 4133; x_wconf 89' lang='lat' dir='ltr'><strong>non</strong></span> <span class='ocrx_word' id='word_1_777' title='bbox 2292 4079 2342 4133; x_wconf 92' lang='lat' dir='ltr'><strong>in</strong></span> <span class='ocrx_word' id='word_1_778' title='bbox 2370 4095 2529 4135; x_wconf 90' lang='lat' dir='ltr'><strong>cruce</strong></span> <span class='ocrx_word' id='word_1_779' title='bbox 2549 4120 2562 4145; x_wconf 87' lang='lat'><strong>,</strong></span> <span class='ocrx_word' id='word_1_780' title='bbox 2597 4081 2722 4146; x_wconf 87' lang='lat' dir='ltr'><strong>sed,</strong></span> <span class='ocrx_word' id='word_1_781' title='bbox 2748 4080 2815 4136; x_wconf 87' lang='lat' dir='ltr'><strong>In</strong></span> <span class='ocrx_word' id='word_1_782' title='bbox 2845 4082 3059 4137; x_wconf 82' lang='lat' dir='ltr'><strong>nubibus</strong></span> <span class='ocrx_word' id='word_1_783' title='bbox 3091 4083 3206 4137; x_wconf 68' lang='grc' dir='ltr'><strong>αειὶ</strong></span> <span class='ocrx_word' id='word_1_784' title='bbox 3244 4101 3356 4137; x_wconf 88' lang='lat' dir='ltr'><strong>cum</strong></span> <span class='ocrx_word' id='word_1_785' title='bbox 3390 4097 3534 4154; x_wconf 80' lang='lat' dir='ltr'><strong>pote-</strong></span> 
     </span>
    </p>
   </div>
   <div class='ocr_carea' id='block_1_102' title="bbox 1926 4173 3531 4249">
    <p class='ocr_par' dir='ltr' id='par_1_102' title="bbox 1926 4173 3531 4249">
     <span class='ocr_line' id='line_1_102' title="bbox 1926 4173 3531 4249; baseline 0.002 -21"><span class='ocrx_word' id='word_1_786' title='bbox 1926 4183 2055 4228; x_wconf 86' lang='lat' dir='ltr'><strong>state</strong></span> <span class='ocrx_word' id='word_1_787' title='bbox 2079 4183 2126 4228; x_wconf 90' lang='lat' dir='ltr'><strong>et</strong></span> <span class='ocrx_word' id='word_1_788' title='bbox 2149 4174 2412 4245; x_wconf 87' lang='lat' dir='ltr'><strong>majestate</strong></span> <span class='ocrx_word' id='word_1_789' title='bbox 2439 4191 2624 4246; x_wconf 88' lang='lat' dir='ltr'><strong>magna</strong></span> <span class='ocrx_word' id='word_1_790' title='bbox 2651 4173 2832 4244; x_wconf 83' lang='lat' dir='ltr'><strong>(Joan.</strong></span> <span class='ocrx_word' id='word_1_791' title='bbox 2869 4175 2957 4231; x_wconf 83' lang='lat' dir='ltr'><strong>l9.</strong></span> <span class='ocrx_word' id='word_1_792' title='bbox 2992 4175 3104 4249; x_wconf 88' lang='grc'><strong>57).</strong></span> <span class='ocrx_word' id='word_1_793' title='bbox 3138 4175 3216 4231; x_wconf 90' lang='lat' dir='ltr'><strong>Ne</strong></span> <span class='ocrx_word' id='word_1_794' title='bbox 3246 4177 3367 4247; x_wconf 85' lang='lat' dir='ltr'><strong>quia</strong></span> <span class='ocrx_word' id='word_1_795' title='bbox 3400 4194 3531 4232; x_wconf 84' lang='lat' dir='ltr'><strong>cru-</strong></span> 
     </span>
    </p>
   </div>
   <div class='ocr_carea' id='block_1_103' title="bbox 1924 4265 3532 4337">
    <p class='ocr_par' dir='ltr' id='par_1_103' title="bbox 1924 4265 3532 4337">
     <span class='ocr_line' id='line_1_103' title="bbox 1924 4265 3532 4337; baseline 0.004 -19"><span class='ocrx_word' id='word_1_796' title='bbox 1924 4279 2041 4319; x_wconf 90' lang='lat' dir='ltr'><strong>cem</strong></span> <span class='ocrx_word' id='word_1_797' title='bbox 2085 4265 2316 4331; x_wconf 89' lang='lat' dir='ltr'><strong>audisti,</strong></span> <span class='ocrx_word' id='word_1_798' title='bbox 2349 4266 2546 4336; x_wconf 90' lang='lat' dir='ltr'><strong>inquit,</strong></span> <span class='ocrx_word' id='word_1_799' title='bbox 2581 4275 2739 4336; x_wconf 90' lang='lat' dir='ltr'><strong>putcs</strong></span> <span class='ocrx_word' id='word_1_800' title='bbox 2767 4265 2961 4322; x_wconf 89' lang='lat' dir='ltr'><strong>adesse</strong></span> <span class='ocrx_word' id='word_1_801' title='bbox 2999 4266 3128 4337; x_wconf 92' lang='lat' dir='ltr'><strong>quid</strong></span> <span class='ocrx_word' id='word_1_802' title='bbox 3175 4268 3361 4332; x_wconf 85' lang='lat' dir='ltr'><strong>triste;</strong></span> <span class='ocrx_word' id='word_1_803' title='bbox 3409 4284 3532 4324; x_wconf 85' lang='lat' dir='ltr'><strong>nam</strong></span> 
     </span>
    </p>
   </div>
   <div class='ocr_carea' id='block_1_104' title="bbox 1923 4357 3524 4428">
    <p class='ocr_par' dir='ltr' id='par_1_104' title="bbox 1923 4357 3524 4428">
     <span class='ocr_line' id='line_1_104' title="bbox 1923 4357 3524 4428; baseline 0.002 -18"><span class='ocrx_word' id='word_1_804' title='bbox 1923 4370 2045 4411; x_wconf 89' lang='lat' dir='ltr'><strong>cum</strong></span> <span class='ocrx_word' id='word_1_805' title='bbox 2088 4364 2351 4425; x_wconf 90' lang='lat' dir='ltr'><strong>potestate</strong></span> <span class='ocrx_word' id='word_1_806' title='bbox 2399 4365 2454 4411; x_wconf 92' lang='lat' dir='ltr'><strong>et</strong></span> <span class='ocrx_word' id='word_1_807' title='bbox 2498 4357 2779 4426; x_wconf 86' lang='lat' dir='ltr'><strong>majestate</strong></span> <span class='ocrx_word' id='word_1_808' title='bbox 2822 4373 3013 4428; x_wconf 89' lang='lat' dir='ltr'><strong>magna</strong></span> <span class='ocrx_word' id='word_1_809' title='bbox 3058 4360 3258 4414; x_wconf 86' lang='lat' dir='ltr'><strong>veniet.</strong></span> <span class='ocrx_word' id='word_1_810' title='bbox 3298 4359 3524 4414; x_wconf 75' lang='lat' dir='ltr'><strong>Crucem</strong></span> 
     </span>
    </p>
   </div>
   <div class='ocr_carea' id='block_1_105' title="bbox 1923 4450 3529 4522">
    <p class='ocr_par' dir='ltr' id='par_1_105' title="bbox 1923 4450 3529 4522">
     <span class='ocr_line' id='line_1_105' title="bbox 1923 4450 3529 4522; baseline 0.004 -22"><span class='ocrx_word' id='word_1_811' title='bbox 1923 4455 2103 4501; x_wconf 88' lang='lat' dir='ltr'><strong>autem</strong></span> <span class='ocrx_word' id='word_1_812' title='bbox 2131 4455 2340 4517; x_wconf 86' lang='lat' dir='ltr'><strong>gestat,</strong></span> <span class='ocrx_word' id='word_1_813' title='bbox 2374 4456 2431 4502; x_wconf 91' lang='lat' dir='ltr'><strong>ut</strong></span> <span class='ocrx_word' id='word_1_814' title='bbox 2458 4458 2733 4518; x_wconf 89' lang='lat' dir='ltr'><strong>peccatum</strong></span> <span class='ocrx_word' id='word_1_815' title='bbox 2769 4450 3005 4518; x_wconf 88' lang='lat' dir='ltr'><strong>ipsorum</strong></span> <span class='ocrx_word' id='word_1_816' title='bbox 3039 4450 3142 4505; x_wconf 80' lang='lat' dir='ltr'><strong>hoc</strong></span> <span class='ocrx_word' id='word_1_817' title='bbox 3173 4451 3289 4521; x_wconf 91' lang='lat' dir='ltr'><strong>ipso</strong></span> <span class='ocrx_word' id='word_1_818' title='bbox 3333 4462 3384 4506; x_wconf 90' lang='lat' dir='ltr'><strong>et</strong></span> <span class='ocrx_word' id='word_1_819' title='bbox 3434 4470 3529 4522; x_wconf 79' lang='lat' dir='ltr'><strong>per</strong></span> 
     </span>
    </p>
   </div>
   <div class='ocr_carea' id='block_1_106' title="bbox 1923 4539 3526 4614">
    <p class='ocr_par' dir='ltr' id='par_1_106' title="bbox 1923 4539 3526 4614">
     <span class='ocr_line' id='line_1_106' title="bbox 1923 4539 3526 4614; baseline 0.002 -19"><span class='ocrx_word' id='word_1_820' title='bbox 1923 4555 1982 4595; x_wconf 90' lang='lat' dir='ltr'><strong>se</strong></span> <span class='ocrx_word' id='word_1_821' title='bbox 2010 4539 2400 4594; x_wconf 90' lang='lat' dir='ltr'><strong>condemnetur</strong></span> <span class='ocrx_word' id='word_1_822' title='bbox 2433 4557 2447 4594; x_wconf 90' lang='lat'><strong>:</strong></span> <span class='ocrx_word' id='word_1_823' title='bbox 2482 4550 2538 4595; x_wconf 93' lang='lat' dir='ltr'><strong>ut</strong></span> <span class='ocrx_word' id='word_1_824' title='bbox 2568 4542 2612 4594; x_wconf 87' lang='lat' dir='ltr'><strong>si</strong></span> <span class='ocrx_word' id='word_1_825' title='bbox 2646 4542 2764 4611; x_wconf 91' lang='lat' dir='ltr'><strong>quis</strong></span> <span class='ocrx_word' id='word_1_826' title='bbox 2793 4541 2970 4610; x_wconf 90' lang='lat' dir='ltr'><strong>lapide</strong></span> <span class='ocrx_word' id='word_1_827' title='bbox 3001 4557 3308 4612; x_wconf 85' lang='lat' dir='ltr'><strong>percussus,</strong></span> <span class='ocrx_word' id='word_1_828' title='bbox 3351 4544 3526 4614; x_wconf 86' lang='lat' dir='ltr'><strong>ipsqu</strong></span> 
     </span>
    </p>
   </div>
   <div class='ocr_carea' id='block_1_107' title="bbox 1923 4631 3528 4703">
    <p class='ocr_par' dir='ltr' id='par_1_107' title="bbox 1923 4631 3528 4703">
     <span class='ocr_line' id='line_1_107' title="bbox 1923 4631 3528 4703; baseline 0.004 -17"><span class='ocrx_word' id='word_1_829' title='bbox 1923 4631 2152 4703; x_wconf 89' lang='lat' dir='ltr'><strong>lapidem</strong></span> <span class='ocrx_word' id='word_1_830' title='bbox 2180 4631 2522 4698; x_wconf 86' lang='lat' dir='ltr'><strong>ostenderet,</strong></span> <span class='ocrx_word' id='word_1_831' title='bbox 2557 4632 2640 4687; x_wconf 85' lang='lat' dir='ltr'><strong>vel</strong></span> <span class='ocrx_word' id='word_1_832' title='bbox 2690 4634 3005 4688; x_wconf 88' lang='lat' dir='ltr'><strong>vestimenta</strong></span> <span class='ocrx_word' id='word_1_833' title='bbox 3054 4643 3350 4689; x_wconf 88' lang='lat' dir='ltr'><strong>cruentata.</strong></span> <span class='ocrx_word' id='word_1_834' title='bbox 3383 4636 3448 4691; x_wconf 90' lang='lat' dir='ltr'><strong>Et</strong></span> <span class='ocrx_word' id='word_1_835' title='bbox 3474 4637 3528 4692; x_wconf 92' lang='lat' dir='ltr'><strong>in</strong></span> 
     </span>
    </p>
   </div>
   <div class='ocr_carea' id='block_1_108' title="bbox 1921 4725 3528 4798">
    <p class='ocr_par' dir='ltr' id='par_1_108' title="bbox 1921 4725 3528 4798">
     <span class='ocr_line' id='line_1_108' title="bbox 1921 4725 3528 4798; baseline 0.002 -18"><span class='ocrx_word' id='word_1_836' title='bbox 1921 4725 2062 4780; x_wconf 89' lang='lat' dir='ltr'><strong>nube</strong></span> <span class='ocrx_word' id='word_1_837' title='bbox 2107 4725 2305 4789; x_wconf 90' lang='lat' dir='ltr'><strong>veniet,</strong></span> <span class='ocrx_word' id='word_1_838' title='bbox 2353 4725 2491 4780; x_wconf 90' lang='lat' dir='ltr'><strong>sicut</strong></span> <span class='ocrx_word' id='word_1_839' title='bbox 2538 4734 2847 4795; x_wconf 89' lang='lat' dir='ltr'><strong>assumptus</strong></span> <span class='ocrx_word' id='word_1_840' title='bbox 2873 4735 2989 4790; x_wconf 91' lang='lat' dir='ltr'><strong>est;</strong></span> <span class='ocrx_word' id='word_1_841' title='bbox 3037 4726 3258 4798; x_wconf 76' lang='lat' dir='ltr'><strong>htecque</strong></span> <span class='ocrx_word' id='word_1_842' title='bbox 3284 4729 3528 4784; x_wconf 78' lang='lat' dir='ltr'><strong>videntes</strong></span> 
     </span>
    </p>
   </div>
   <div class='ocr_carea' id='block_1_109' title="bbox 1922 4817 3522 4889">
    <p class='ocr_par' dir='ltr' id='par_1_109' title="bbox 1922 4817 3522 4889">
     <span class='ocr_line' id='line_1_109' title="bbox 1922 4817 3522 4889; baseline 0.003 -19"><span class='ocrx_word' id='word_1_843' title='bbox 1922 4818 2090 4872; x_wconf 90' lang='lat' dir='ltr'><strong>tribus</strong></span> <span class='ocrx_word' id='word_1_844' title='bbox 2140 4817 2365 4872; x_wconf 82' lang='lat' dir='ltr'><strong>ﬂebunt.</strong></span> <span class='ocrx_word' id='word_1_845' title='bbox 2413 4817 2598 4889; x_wconf 86' lang='lat' dir='ltr'><strong>Neque</strong></span> <span class='ocrx_word' id='word_1_846' title='bbox 2648 4818 2784 4872; x_wconf 90' lang='lat' dir='ltr'><strong>intra</strong></span> <span class='ocrx_word' id='word_1_847' title='bbox 2832 4819 3015 4874; x_wconf 80' lang='lat' dir='ltr'><strong>fletum</strong></span> <span class='ocrx_word' id='word_1_848' title='bbox 3044 4819 3305 4875; x_wconf 88' lang='lat' dir='ltr'><strong>sistentur</strong></span> <span class='ocrx_word' id='word_1_849' title='bbox 3333 4823 3472 4876; x_wconf 87' lang='lat' dir='ltr'><strong>maia</strong></span> <span class='ocrx_word' id='word_1_850' title='bbox 3510 4841 3522 4875; x_wconf 91' lang='lat'><strong>:</strong></span> 
     </span>
    </p>
   </div>
   <div class='ocr_carea' id='block_1_110' title="bbox 1919 4908 3524 4982">
    <p class='ocr_par' dir='ltr' id='par_1_110' title="bbox 1919 4908 3524 4982">
     <span class='ocr_line' id='line_1_110' title="bbox 1919 4908 3524 4982; baseline 0.004 -20"><span class='ocrx_word' id='word_1_851' title='bbox 1919 4909 2012 4964; x_wconf 89' lang='lat' dir='ltr'><strong>sed</strong></span> <span class='ocrx_word' id='word_1_852' title='bbox 2043 4908 2162 4963; x_wconf 89' lang='lat' dir='ltr'><strong>ideo</strong></span> <span class='ocrx_word' id='word_1_853' title='bbox 2192 4908 2348 4964; x_wconf 81' lang='lat' dir='ltr'><strong>ﬂetus</strong></span> <span class='ocrx_word' id='word_1_854' title='bbox 2379 4911 2514 4975; x_wconf 91' lang='lat' dir='ltr'><strong>erit,</strong></span> <span class='ocrx_word' id='word_1_855' title='bbox 2557 4919 2612 4964; x_wconf 93' lang='lat' dir='ltr'><strong>ut</strong></span> <span class='ocrx_word' id='word_1_856' title='bbox 2642 4910 2964 4965; x_wconf 86' lang='lat' dir='ltr'><strong>sententiam</strong></span> <span class='ocrx_word' id='word_1_857' title='bbox 2998 4911 3174 4966; x_wconf 80' lang='lat' dir='ltr'><strong>ferant</strong></span> <span class='ocrx_word' id='word_1_858' title='bbox 3217 4923 3272 4966; x_wconf 89' lang='lat' dir='ltr'><strong>et</strong></span> <span class='ocrx_word' id='word_1_859' title='bbox 3314 4914 3524 4982; x_wconf 86' lang='lat' dir='ltr'><strong>seipsos</strong></span> 
     </span>
    </p>
   </div>
   <div class='ocr_carea' id='block_1_111' title="bbox 1916 4999 3524 5073">
    <p class='ocr_par' dir='ltr' id='par_1_111' title="bbox 1916 4999 3524 5073">
     <span class='ocr_line' id='line_1_111' title="bbox 1916 4999 3524 5073; baseline 0.001 -19"><span class='ocrx_word' id='word_1_860' title='bbox 1916 4999 2188 5054; x_wconf 88' lang='lat' dir='ltr'><strong>damnent.</strong></span> <span class='ocrx_word' id='word_1_861' title='bbox 2221 4999 2373 5054; x_wconf 89' lang='lat' dir='ltr'><strong>Tunc</strong></span> <span class='ocrx_word' id='word_1_862' title='bbox 2402 5008 2577 5055; x_wconf 88' lang='lat' dir='ltr'><strong>autem</strong></span> <span class='ocrx_word' id='word_1_863' title='bbox 2612 5015 2818 5067; x_wconf 87' lang='lat' dir='ltr'><strong>rursus,</strong></span> <span class='ocrx_word' id='word_1_864' title='bbox 2843 5001 2933 5056; x_wconf 78' lang='lat' dir='ltr'><strong>3t.</strong></span> <span class='ocrx_word' id='word_1_865' title='bbox 2970 5001 3138 5056; x_wconf 80' lang='lat' dir='ltr'><strong>Mittet</strong></span> <span class='ocrx_word' id='word_1_866' title='bbox 3164 5002 3372 5073; x_wconf 84' lang='lat' dir='ltr'><strong>angelos</strong></span> <span class='ocrx_word' id='word_1_867' title='bbox 3403 5020 3524 5056; x_wconf 85' lang='lat' dir='ltr'><strong>suos</strong></span> 
     </span>
    </p>
   </div>
   <div class='ocr_carea' id='block_1_112' title="bbox 1918 5091 3523 5163">
    <p class='ocr_par' dir='ltr' id='par_1_112' title="bbox 1918 5091 3523 5163">
     <span class='ocr_line' id='line_1_112' title="bbox 1918 5091 3523 5163; baseline 0.002 -19"><span class='ocrx_word' id='word_1_868' title='bbox 1918 5107 2033 5144; x_wconf 87' lang='lat' dir='ltr'><strong>cum</strong></span> <span class='ocrx_word' id='word_1_869' title='bbox 2054 5091 2173 5144; x_wconf 89' lang='lat' dir='ltr'><strong>tuba</strong></span> <span class='ocrx_word' id='word_1_870' title='bbox 2199 5107 2418 5161; x_wconf 89' lang='lat' dir='ltr'><strong>magna,</strong></span> <span class='ocrx_word' id='word_1_871' title='bbox 2463 5101 2507 5145; x_wconf 86' lang='lat' dir='ltr'><strong>et</strong></span> <span class='ocrx_word' id='word_1_872' title='bbox 2545 5091 2922 5162; x_wconf 85' lang='lat' dir='ltr'><strong>congregabunt</strong></span> <span class='ocrx_word' id='word_1_873' title='bbox 2973 5093 3154 5147; x_wconf 88' lang='lat' dir='ltr'><strong>electos</strong></span> <span class='ocrx_word' id='word_1_874' title='bbox 3201 5111 3266 5148; x_wconf 77' lang='lat' dir='ltr'><strong>ea:</strong></span> <span class='ocrx_word' id='word_1_875' title='bbox 3303 5104 3523 5163; x_wconf 86' lang='lat' dir='ltr'><strong>quatuor</strong></span> 
     </span>
    </p>
   </div>
   <div class='ocr_carea' id='block_1_113' title="bbox 1916 5185 3515 5256">
    <p class='ocr_par' dir='ltr' id='par_1_113' title="bbox 1916 5185 3515 5256">
     <span class='ocr_line' id='line_1_113' title="bbox 1916 5185 3515 5256; baseline 0.003 -19"><span class='ocrx_word' id='word_1_876' title='bbox 1916 5185 2094 5249; x_wconf 78' lang='lat' dir='ltr'><strong>ventis,</strong></span> <span class='ocrx_word' id='word_1_877' title='bbox 2137 5201 2168 5236; x_wconf 90' lang='lat' dir='ltr'><strong>a</strong></span> <span class='ocrx_word' id='word_1_878' title='bbox 2207 5185 2418 5238; x_wconf 89' lang='lat' dir='ltr'><strong>summis</strong></span> <span class='ocrx_word' id='word_1_879' title='bbox 2464 5185 2705 5241; x_wconf 64' lang='lat' dir='ltr'><strong>calorum</strong></span> <span class='ocrx_word' id='word_1_880' title='bbox 2732 5202 2891 5256; x_wconf 82' lang='lat' dir='ltr'><strong>usque</strong></span> <span class='ocrx_word' id='word_1_881' title='bbox 2932 5187 2999 5238; x_wconf 90' lang='lat' dir='ltr'><strong>ad</strong></span> <span class='ocrx_word' id='word_1_882' title='bbox 3043 5188 3284 5241; x_wconf 88' lang='lat' dir='ltr'><strong>terminos</strong></span> <span class='ocrx_word' id='word_1_883' title='bbox 3322 5205 3515 5241; x_wconf 87' lang='lat' dir='ltr'><strong>eorum.</strong></span> 
     </span>
    </p>
   </div>
   <div class='ocr_carea' id='block_1_114' title="bbox 1915 5276 3518 5348">
    <p class='ocr_par' dir='ltr' id='par_1_114' title="bbox 1915 5276 3518 5348">
     <span class='ocr_line' id='line_1_114' title="bbox 1915 5276 3518 5348; baseline 0.001 -16"><span class='ocrx_word' id='word_1_884' title='bbox 1915 5279 2047 5332; x_wconf 90' lang='lat' dir='ltr'><strong>Cum</strong></span> <span class='ocrx_word' id='word_1_885' title='bbox 2081 5277 2195 5332; x_wconf 62' lang='lat' dir='ltr'><strong>haec</strong></span> <span class='ocrx_word' id='word_1_886' title='bbox 2226 5276 2460 5332; x_wconf 87' lang='lat' dir='ltr'><strong>audieris</strong></span> <span class='ocrx_word' id='word_1_887' title='bbox 2480 5319 2494 5339; x_wconf 90' lang='lat'><strong>,</strong></span> <span class='ocrx_word' id='word_1_888' title='bbox 2523 5277 2694 5346; x_wconf 82' lang='lat' dir='ltr'><strong>cogita</strong></span> <span class='ocrx_word' id='word_1_889' title='bbox 2727 5292 2914 5332; x_wconf 89' lang='lat' dir='ltr'><strong>eorum</strong></span> <span class='ocrx_word' id='word_1_890' title='bbox 2944 5279 3033 5348; x_wconf 91' lang='lat' dir='ltr'><strong>qui</strong></span> <span class='ocrx_word' id='word_1_891' title='bbox 3067 5279 3366 5335; x_wconf 89' lang='lat' dir='ltr'><strong>manebunt</strong></span> <span class='ocrx_word' id='word_1_892' title='bbox 3392 5295 3518 5348; x_wconf 83' lang='lat' dir='ltr'><strong>sup-</strong></span> 
     </span>
    </p>
   </div>
   <div class='ocr_carea' id='block_1_115' title="bbox 1917 5369 3519 5440">
    <p class='ocr_par' dir='ltr' id='par_1_115' title="bbox 1917 5369 3519 5440">
     <span class='ocr_line' id='line_1_115' title="bbox 1917 5369 3519 5440; baseline 0.002 -17"><span class='ocrx_word' id='word_1_893' title='bbox 1917 5370 2152 5439; x_wconf 83' lang='lat' dir='ltr'><strong>plicium.</strong></span> <span class='ocrx_word' id='word_1_894' title='bbox 2181 5369 2300 5424; x_wconf 91' lang='lat' dir='ltr'><strong>Non</strong></span> <span class='ocrx_word' id='word_1_895' title='bbox 2321 5369 2462 5424; x_wconf 89' lang='lat' dir='ltr'><strong>enim</strong></span> <span class='ocrx_word' id='word_1_896' title='bbox 2493 5379 2697 5424; x_wconf 88' lang='lat' dir='ltr'><strong>tantum</strong></span> <span class='ocrx_word' id='word_1_897' title='bbox 2726 5370 2844 5424; x_wconf 89' lang='lat' dir='ltr'><strong>illas</strong></span> <span class='ocrx_word' id='word_1_898' title='bbox 2872 5385 3058 5440; x_wconf 65' lang='lat' dir='ltr'><strong>poenas</strong></span> <span class='ocrx_word' id='word_1_899' title='bbox 3083 5371 3311 5434; x_wconf 88' lang='lat' dir='ltr'><strong>dabunt,</strong></span> <span class='ocrx_word' id='word_1_900' title='bbox 3340 5371 3434 5427; x_wconf 88' lang='lat' dir='ltr'><strong>sed</strong></span> <span class='ocrx_word' id='word_1_901' title='bbox 3465 5383 3519 5426; x_wconf 90' lang='lat' dir='ltr'><strong>et</strong></span> 
     </span>
    </p>
   </div>
   <div class='ocr_carea' id='block_1_116' title="bbox 1917 5461 3512 5534">
    <p class='ocr_par' dir='ltr' id='par_1_116' title="bbox 1917 5461 3512 5534">
     <span class='ocr_line' id='line_1_116' title="bbox 1917 5461 3512 5534; baseline 0.001 -18"><span class='ocrx_word' id='word_1_902' title='bbox 1917 5463 2052 5518; x_wconf 90' lang='lat' dir='ltr'><strong>hanc</strong></span> <span class='ocrx_word' id='word_1_903' title='bbox 2082 5478 2314 5532; x_wconf 88' lang='lat' dir='ltr'><strong>quoque.</strong></span> <span class='ocrx_word' id='word_1_904' title='bbox 2349 5463 2414 5516; x_wconf 84' lang='lat' dir='ltr'><strong>Et</strong></span> <span class='ocrx_word' id='word_1_905' title='bbox 2441 5463 2581 5516; x_wconf 83' lang='lat' dir='ltr'><strong>sicut</strong></span> <span class='ocrx_word' id='word_1_906' title='bbox 2609 5461 2825 5517; x_wconf 90' lang='lat' dir='ltr'><strong>dicebat</strong></span> <span class='ocrx_word' id='word_1_907' title='bbox 2851 5478 3011 5534; x_wconf 89' lang='lat' dir='ltr'><strong>supra</strong></span> <span class='ocrx_word' id='word_1_908' title='bbox 3039 5506 3052 5528; x_wconf 91' lang='lat'><strong>,</strong></span> <span class='ocrx_word' id='word_1_909' title='bbox 3082 5465 3322 5520; x_wconf 85' lang='lat' dir='ltr'><strong>dicturos</strong></span> <span class='ocrx_word' id='word_1_910' title='bbox 3352 5479 3474 5520; x_wconf 83' lang='lat' dir='ltr'><strong>esse</strong></span> <span class='ocrx_word' id='word_1_911' title='bbox 3499 5506 3512 5528; x_wconf 88' lang='lat'><strong>,</strong></span> 
     </span>
    </p>
   </div>
   <div class='ocr_carea' id='block_1_117' title="bbox 1913 5552 3512 5627">
    <p class='ocr_par' dir='ltr' id='par_1_117' title="bbox 1913 5552 3512 5627">
     <span class='ocr_line' id='line_1_117' title="bbox 1913 5552 3512 5627; baseline 0 -17"><span class='ocrx_word' id='word_1_912' title='bbox 1913 5553 2213 5610; x_wconf 81' lang='lat' dir='ltr'><strong>Benedictus</strong></span> <span class='ocrx_word' id='word_1_913' title='bbox 2241 5555 2324 5623; x_wconf 89' lang='lat' dir='ltr'><strong>qui</strong></span> <span class='ocrx_word' id='word_1_914' title='bbox 2346 5557 2475 5607; x_wconf 83' lang='lat' dir='ltr'><strong>venit</strong></span> <span class='ocrx_word' id='word_1_915' title='bbox 2504 5554 2557 5607; x_wconf 89' lang='lat' dir='ltr'><strong>in</strong></span> <span class='ocrx_word' id='word_1_916' title='bbox 2581 5555 2783 5607; x_wconf 87' lang='lat' dir='ltr'><strong>nomine</strong></span> <span class='ocrx_word' id='word_1_917' title='bbox 2804 5552 3012 5608; x_wconf 80' lang='lat' dir='ltr'><strong>Domini</strong></span> <span class='ocrx_word' id='word_1_918' title='bbox 3033 5555 3250 5624; x_wconf 76' lang='lat' dir='ltr'><strong>(Matth.</strong></span> <span class='ocrx_word' id='word_1_919' title='bbox 3273 5557 3363 5612; x_wconf 73' lang='lat'><strong>23.</strong></span> <span class='ocrx_word' id='word_1_920' title='bbox 3387 5557 3477 5627; x_wconf 85' lang='grc'><strong>59)</strong></span> <span class='ocrx_word' id='word_1_921' title='bbox 3499 5574 3512 5610; x_wconf 92' lang='lat'><strong>:</strong></span> 
     </span>
    </p>
   </div>
   <div class='ocr_carea' id='block_1_118' title="bbox 1913 5646 3515 5720">
    <p class='ocr_par' dir='ltr' id='par_1_118' title="bbox 1913 5646 3515 5720">
     <span class='ocr_line' id='line_1_118' title="bbox 1913 5646 3515 5720; baseline 0.001 -18"><span class='ocrx_word' id='word_1_922' title='bbox 1913 5649 1990 5702; x_wconf 90' lang='lat' dir='ltr'><strong>sic</strong></span> <span class='ocrx_word' id='word_1_923' title='bbox 2035 5649 2134 5703; x_wconf 87' lang='lat' dir='ltr'><strong>hoc</strong></span> <span class='ocrx_word' id='word_1_924' title='bbox 2175 5649 2293 5703; x_wconf 90' lang='lat' dir='ltr'><strong>loco</strong></span> <span class='ocrx_word' id='word_1_925' title='bbox 2336 5647 2492 5713; x_wconf 89' lang='lat' dir='ltr'><strong>dicit,</strong></span> <span class='ocrx_word' id='word_1_926' title='bbox 2530 5646 2804 5720; x_wconf 86' lang='lat' dir='ltr'><strong>Plangent.</strong></span> <span class='ocrx_word' id='word_1_927' title='bbox 2850 5648 2983 5716; x_wconf 89' lang='lat' dir='ltr'><strong>Quia</strong></span> <span class='ocrx_word' id='word_1_928' title='bbox 3007 5650 3150 5704; x_wconf 86' lang='lat' dir='ltr'><strong>enim</strong></span> <span class='ocrx_word' id='word_1_929' title='bbox 3174 5650 3243 5705; x_wconf 92' lang='lat' dir='ltr'><strong>de</strong></span> <span class='ocrx_word' id='word_1_930' title='bbox 3264 5650 3515 5717; x_wconf 80' lang='lat' dir='ltr'><strong>gravibus</strong></span> 
     </span>
    </p>
   </div>
   <div class='ocr_carea' id='block_1_119' title="bbox 1912 5741 3510 5816">
    <p class='ocr_par' dir='ltr' id='par_1_119' title="bbox 1912 5741 3510 5816">
     <span class='ocr_line' id='line_1_119' title="bbox 1912 5741 3510 5816; baseline -0.001 -19"><span class='ocrx_word' id='word_1_931' title='bbox 1912 5741 2066 5797; x_wconf 87' lang='lat' dir='ltr'><strong>hellis</strong></span> <span class='ocrx_word' id='word_1_932' title='bbox 2092 5742 2239 5808; x_wconf 78' lang='lat' dir='ltr'><strong>ipsus</strong></span> <span class='ocrx_word' id='word_1_933' title='bbox 2267 5741 2572 5810; x_wconf 86' lang='lat' dir='ltr'><strong>allnqnutus</strong></span> <span class='ocrx_word' id='word_1_934' title='bbox 2599 5749 2682 5795; x_wconf 87' lang='lat' dir='ltr'><strong>est</strong></span> <span class='ocrx_word' id='word_1_935' title='bbox 2701 5781 2718 5807; x_wconf 89' lang='lat'><strong>,</strong></span> <span class='ocrx_word' id='word_1_936' title='bbox 2751 5749 2808 5794; x_wconf 88' lang='lat' dir='ltr'><strong>ut</strong></span> <span class='ocrx_word' id='word_1_937' title='bbox 2832 5741 3040 5797; x_wconf 83' lang='lat' dir='ltr'><strong>discant</strong></span> <span class='ocrx_word' id='word_1_938' title='bbox 3059 5784 3072 5806; x_wconf 88' lang='lat'><strong>,</strong></span> <span class='ocrx_word' id='word_1_939' title='bbox 3107 5752 3226 5812; x_wconf 91' lang='lat' dir='ltr'><strong>post</strong></span> <span class='ocrx_word' id='word_1_940' title='bbox 3250 5745 3405 5816; x_wconf 91' lang='lat' dir='ltr'><strong>hujus</strong></span> <span class='ocrx_word' id='word_1_941' title='bbox 3429 5745 3510 5796; x_wconf 84' lang='lat' dir='ltr'><strong>vi-</strong></span> 
     </span>
    </p>
   </div>
   <div class='ocr_carea' id='block_1_120' title="bbox 1916 5832 3518 5915">
    <p class='ocr_par' dir='ltr' id='par_1_120' title="bbox 1916 5832 3518 5915">
     <span class='ocr_line' id='line_1_120' title="bbox 1916 5832 3518 5915; baseline 0.004 -24"><span class='ocrx_word' id='word_1_942' title='bbox 1916 5843 1984 5891; x_wconf 80' lang='lat' dir='ltr'><strong>ta:</strong></span> <span class='ocrx_word' id='word_1_943' title='bbox 2009 5833 2169 5900; x_wconf 85' lang='lat' dir='ltr'><strong>mala,</strong></span> <span class='ocrx_word' id='word_1_944' title='bbox 2203 5832 2382 5889; x_wconf 78' lang='lat' dir='ltr'><strong>futura</strong></span> <span class='ocrx_word' id='word_1_945' title='bbox 2409 5833 2528 5890; x_wconf 83' lang='lat' dir='ltr'><strong>illos</strong></span> <span class='ocrx_word' id='word_1_946' title='bbox 2549 5844 2820 5895; x_wconf 83' lang='lat' dir='ltr'><strong>tormenta</strong></span> <span class='ocrx_word' id='word_1_947' title='bbox 2847 5849 3089 5907; x_wconf 83' lang='lat' dir='ltr'><strong>manere,</strong></span> <span class='ocrx_word' id='word_1_948' title='bbox 3121 5853 3172 5898; x_wconf 86' lang='lat' dir='ltr'><strong>et</strong></span> <span class='ocrx_word' id='word_1_949' title='bbox 3199 5841 3518 5915; x_wconf 70' lang='lat' dir='ltr'><strong>plangemus</strong></span> 
     </span>
    </p>
   </div>
  </div>
