4074 6428
606 353 710 410 699

613 464 856 531 inducit,
903 473 958 521 et
985 464 1051 520 ab
1074 463 1258 519 electis
1283 474 1621 536 segregatos,
1655 475 1708 520 et
1732 465 1990 537 gehennte
2023 464 2184 520 tradi-

614 568 696 613 tos
729 575 742 611 :
776 556 1002 627 hincque
1033 555 1242 610 rursum
1273 555 1560 626 discipulos
1589 557 1882 623 suscitans,
1909 557 2141 612 ostendit
2168 597 2183 621 ,

609 663 640 700 a
693 646 902 717 quantis
946 644 1313 700 liberabuntur
1355 646 1549 713 malis,
1591 655 1647 702 et
1692 647 1904 718 quantis
1946 647 2186 702 fruentur

612 736 789 791 bonis.

676 826 730 882 6.
781 825 849 880 Et
899 841 996 881 cur
1051 841 1146 896 per
1195 827 1412 898 angelos
1462 839 1617 884 vocat
1661 830 1798 895 illos,
1829 829 1979 884 sisic
2011 831 2182 899 palam

541 928 543 930 '
607 926 864 972 venturus
898 917 1012 972 sit?
1042 917 1109 974 Ut
1136 919 1236 973 illis
1269 918 1412 974 hunc
1436 936 1651 991 quoque
1678 920 1935 976 honorem
1968 921 2180 975 tribuat.

607 1009 803 1064 Paulus
845 1025 973 1066 vero
1023 1011 1097 1066 ait
1127 1010 1272 1082 ipsos
1310 1013 1590 1081 rapiendos
1610 1029 1729 1069 esse
1756 1014 1808 1070 in
1835 1013 2083 1070 nubibus.
2117 1013 2184 1068 Et

609 1101 711 1155 hoc
754 1101 912 1156 etiam
959 1101 1126 1166 dicit,
1179 1117 1298 1157 cum
1347 1103 1414 1158 de
1467 1106 1856 1161 resurrectione
1906 1105 2179 1175 loquitur:

609 1189 731 1261 Ipse
753 1193 916 1253 enim,
945 1193 1134 1263 inquit,
1164 1191 1410 1248 Dominus
1428 1193 1690 1249 descendet
1709 1197 1771 1248 de
1788 1196 1911 1249 calo
1926 1196 1978 1249 in
1991 1197 2143 1265 jussu
2163 1235 2177 1260 ,

605 1286 658 1339 in
703 1300 821 1340 uoce
855 1283 1146 1355 archangeli
1186 1285 1263 1352 (1.
1296 1283 1476 1340 Tlma.
1511 1286 1565 1339 4.
1597 1285 1707 1357 15).
1738 1285 1917 1355 Itaque
1942 1301 2060 1342 cum
2092 1301 2180 1341 re-

606 1369 933 1433 surrexeritit
953 1418 968 1444 ,
996 1377 1169 1448 angeli
1199 1379 1344 1448 ipsos
1366 1379 1760 1448 eongregabunt
1784 1421 1800 1445 ,
1831 1386 2181 1449 congregatos

603 1479 784 1526 autem
815 1469 980 1524 nubes
1021 1470 1230 1540 rapient
1271 1480 1371 1526 :et
1418 1470 1533 1526 haec
1583 1472 1762 1527 omnia
1811 1473 1864 1526 in
1909 1480 2180 1527 momento

608 1556 758 1615 fiunt.
806 1560 987 1631 Neque
1023 1562 1164 1616 enim
1211 1577 1421 1617 sursum
1457 1577 1677 1617 manens
1708 1573 1860 1617 vocat
1889 1563 2040 1627 illos,
2086 1565 2180 1618 sed

606 1655 720 1721 ipse
747 1653 886 1707 venit
920 1654 970 1706 in
1005 1652 1148 1708 tuba.
1185 1652 1249 1706 Et
1274 1652 1399 1723 quid
1426 1653 1528 1708 sibi
1550 1655 1736 1708 volunt
1763 1654 1901 1708 tubas
1931 1661 1986 1709 et
2016 1655 2132 1708 soni
2157 1654 2181 1708 τ

606 1745 687 1799 Ad
732 1744 1150 1810 suscitationem,
1180 1743 1244 1797 ad
1274 1744 1507 1798 [mlitiatn
1526 1784 1538 1807 ,
1562 1744 1626 1799 ad
1647 1745 2021 1800 declarandum
2065 1754 2180 1800 stu-

617 1850 821 1905 porem,
838 1834 1182 1903 doloremque
1207 1848 1392 1889 eorum
1411 1835 1498 1903 qui
1513 1835 1896 1904 relinquentur.
1917 1834 2007 1890 Vte
2028 1835 2180 1890 nobis

605 1943 635 1981 a
657 1927 743 1983 die
769 1927 859 1981 illo
887 1926 1107 1980 terribili
1135 1944 1146 1977 :
1171 1941 1290 1980 enm
1319 1935 1592 1995 oporteret
1612 1941 1709 1981 nos
1726 1927 1954 1996 gaudere
1968 1927 2181 1996 quando

604 2020 729 2074 talia
760 2019 1028 2081 audimus,
1057 2019 1322 2084 dolemus,
1350 2027 1401 2073 et
1421 2018 1599 2073 animo
1625 2019 1835 2088 dejeeto
1862 2033 2045 2075 sumus
2069 2059 2086 2085 ,
2116 2035 2179 2074 ac

604 2124 834 2164 mwrore
863 2110 1196 2163 eonticimnr.
1227 2107 1359 2162 Num
1391 2124 1488 2178 ego
1515 2108 1661 2162 solus
1689 2107 1804 2165 haec
1840 2110 2034 2179 patior,
2055 2125 2177 2164 vos-

603 2214 706 2270 que
734 2199 976 2269 gandetis
998 2199 1112 2253 ha'c
1137 2199 1435 2264 audientes,
1462 2199 1587 2253 dum
1615 2213 1702 2254 me
1731 2209 1783 2254 et
1821 2199 2012 2255 horror
2031 2200 2179 2255 inva-

601 2290 699 2357 dit,
723 2305 845 2344 cum
871 2290 992 2345 haec
1013 2289 1283 2354 dicuntur,
1315 2298 1370 2344 et
1398 2291 1630 2358 graviter
1657 2290 1832 2359 lugeo,
1860 2304 2035 2360 exque
2056 2290 2180 2346 inti-

601 2397 690 2437 mo
718 2382 880 2437 corde
906 2381 1240 2452 ingemisco?
1264 2381 1403 2436 Nihil
1433 2380 1546 2436 haec
1570 2381 1636 2436 ad
1658 2397 1761 2448 me,
1793 2382 1887 2438 sed
1914 2398 2032 2453 quae
2055 2397 2177 2440 mox

598 2484 925 2545 sequuntur,
957 2489 1074 2544 qua:
1105 2475 1337 2544 virgines
1362 2482 1638 2543 spectant,
1676 2483 1730 2528 et
1769 2489 1886 2544 quae
1919 2475 2068 2530 illum
2088 2477 2180 2546 qui

598 2576 869 2635 acceptum
896 2566 1149 2620 talentum
1181 2565 1417 2630 defodit,
1457 2573 1510 2620 et
1535 2581 1651 2635 quae
1679 2581 1890 2622 servum
1929 2583 2175 2638 nequam.

598 2659 723 2715 ideo
750 2660 1017 2729 laerymor
1040 2699 1056 2724 ,
1087 2659 1331 2728 cogitans
1365 2673 1432 2714 ex
1475 2667 1667 2728 quanta
1704 2658 1872 2730 gloria
1912 2660 2178 2731 delapsuri

598 2752 762 2806 simus
786 2792 801 2816 ,
831 2767 895 2806 ex
923 2760 1242 2820 quantorum
1286 2764 1382 2819 spe
1411 2749 1671 2804 bonorum
1693 2792 1708 2816 ,
1739 2751 1896 2821 idque
1922 2763 2178 2820 perpetuo

597 2853 649 2897 et
671 2857 915 2912 semper,
969 2856 1036 2897 ne
1075 2856 1263 2911 parum
1305 2839 1464 2894 studii
1515 2840 1903 2909 impendamus.
1953 2842 2086 2896 Nam
2131 2843 2174 2897 si

599 2935 794 2988 multus
823 2942 966 2988 esset
995 2932 1165 2998 labor,
1202 2931 1247 2984 si
1271 2931 1450 3001 gravis
1477 2932 1587 2995 lex,
1615 2932 1694 2986 sic
1714 2948 1925 3002 quoque
1965 2941 2178 3001 oporte-

599 3031 678 3078 ret
709 3023 838 3078 nihil
882 3038 986 3077 non
1017 3036 1197 3091 agere.
1231 3022 1479 3075 Attamen
1507 3023 1748 3091 plerique
1776 3022 1988 3078 desides
2015 3037 2178 3078 excu—

597 3123 852 3170 sationem
871 3112 1157 3184 quamdam
1177 3111 1373 3167 habere
1393 3111 1731 3178 viderentur;
1752 3113 1992 3182 frigidam
2005 3123 2174 3182 certe,

593 3204 690 3272 sed
733 3213 906 3259 tamen
953 3204 1262 3260 viderentur
1289 3203 1526 3268 habere;
1558 3213 1947 3274 przeeeptomm.
1988 3221 2178 3274 nempe

596 3295 983 3362 difficultatem,
1007 3296 1148 3366 quod
1173 3311 1393 3367 magnus
1420 3297 1488 3350 sit
1514 3296 1684 3363 labor,
1709 3297 1850 3366 quod
1870 3298 2175 3353 diuturnum

599 3398 808 3457 tempus
831 3427 846 3453 ,
879 3397 932 3442 et
962 3388 1295 3443 intolerabile
1319 3401 1455 3442 onus
1485 3405 1498 3441 :
1532 3402 1677 3441 nunc
1706 3396 1882 3443 autem
1915 3389 2046 3443 nihil
2075 3390 2179 3445 tale

596 3479 888 3535 obtendere
904 3493 1203 3549 possumus.
1218 3479 1358 3549 quod
1381 3488 1560 3534 tamen
1574 3478 1740 3550 magis
1762 3495 1918 3549 quam
1936 3481 2177 3551 gehenna

599 3586 696 3625 nos
737 3570 983 3625 corrodet
1013 3570 1063 3624 in
1112 3578 1354 3640 tempore
1393 3570 1517 3636 illo,
1545 3584 1668 3624 cum
1709 3568 1779 3624 ob
1805 3569 2175 3625 brevissimum

601 3666 855 3732 temporis
881 3664 1130 3734 spatium,
1160 3673 1214 3718 et
1243 3664 1491 3718 sudorem
1524 3679 1764 3732 parvum,
1797 3679 2016 3734 regnum
2037 3663 2179 3718 ami-

599 3757 828 3811 serimus
855 3765 910 3810 et
929 3754 1214 3811 ineffabilia
1243 3754 1402 3809 bona.
1430 3754 1560 3808 ham
1583 3763 1638 3810 et
1661 3763 1869 3825 tempus
1890 3756 2050 3810 breve
2073 3763 2175 3822 est,

601 3856 654 3902 et
685 3846 833 3901 labor
860 3845 1134 3912 modicus;
1167 3856 1220 3900 et
1246 3854 1419 3900 tamen
1452 3845 1767 3900 resolvimur
1786 3853 1841 3900 et
1863 3843 2177 3901 decidimus.

602 3937 658 3992 ln
689 3946 828 3991 terra
852 3936 1094 3991 decertas
1114 3977 1130 4002 ,
1160 3945 1214 3991 et
1240 3935 1290 3990 in
1317 3935 1466 3990 oculis
1489 3951 1685 3991 corona
1712 3945 1827 4002 est;
1860 3936 1927 3991 ab
1949 3935 2180 3991 homini-

603 4031 700 4085 bus
743 4027 1028 4096 cruciaris,
1077 4038 1131 4083 et
1171 4043 1199 4081 a
1249 4028 1354 4082 Deo
1401 4028 1658 4082 honorem
1707 4028 1933 4097 accipis;
1976 4027 2182 4084 duobus

603 4121 777 4176 curris
803 4119 1027 4195 diebus,
1058 4127 1116 4174 et
1134 4119 1198 4172 ad
1224 4119 1417 4173 saecula
1446 4119 1645 4172 infinita
1669 4119 1847 4174 bravia
1874 4119 2099 4190 accipis;
2129 4120 2181 4174 in

604 4225 856 4281 corrupto
898 4227 1124 4280 corpore
1165 4212 1304 4265 lucta
1326 4252 1341 4276 ,
1371 4221 1424 4265 et
1465 4211 1517 4265 in
1545 4211 1853 4282 incorrupto
1883 4213 2073 4269 honor.
2106 4215 2184 4270 Ac

605 4315 800 4378 praeter
831 4305 943 4361 haec
976 4304 1103 4360 illud
1134 4306 1292 4360 etiam
1319 4305 1554 4374 cogitare
1581 4313 1810 4373 oportet,
1843 4306 2049 4361 etiamsi
2073 4321 2181 4361 non

605 4407 822 4471 propter
848 4396 1116 4452 Christum
1144 4395 1341 4465 aliquid
1376 4395 1480 4464 pati
1507 4394 1702 4450 doloris
1729 4395 1974 4464 velimus,
1998 4405 2054 4451 at
2075 4397 2183 4466 pati

604 4505 704 4548 nos
751 4490 969 4545 omnino
1017 4503 1240 4544 necesse
1288 4487 1419 4542 fore.
1471 4486 1651 4557 Neque
1691 4488 1833 4543 enim
1875 4488 1920 4544 si
1965 4499 2186 4559 propter

605 4583 874 4638 Christum
899 4597 1002 4636 non
1027 4582 1289 4645 moriaris,
1324 4580 1444 4634 ideo
1474 4580 1785 4635 immortalis
1809 4581 1918 4635 eris
1957 4599 1971 4635 :
2011 4596 2186 4652 neque

605 4677 654 4732 si
681 4685 897 4747 propter
921 4674 1188 4729 Christum
1219 4673 1427 4727 divitias
1448 4688 1551 4727 non
1579 4672 1834 4739 eifundas,
1866 4674 1982 4728 illas
2010 4683 2183 4729 tecum

607 4770 838 4828 auferes.
873 4771 916 4824 A
947 4779 998 4825 te
1029 4770 1115 4824 illa
1143 4769 1320 4840 exigit,
1350 4785 1467 4839 qua:
1493 4770 1650 4824 etiam
1671 4771 1783 4841 ipso
1809 4787 1914 4826 non
1941 4773 2187 4843 exigente

608 4865 830 4920 daturus
855 4878 913 4918 es
939 4905 952 4928 ,
982 4863 1102 4932 quia
1132 4861 1368 4916 mortalis
1406 4877 1503 4925 es;
1549 4863 1663 4918 haec
1705 4873 1756 4920 te
1804 4864 2032 4920 libenter
2076 4866 2188 4920 vult

607 4955 803 5020 facere,
862 4969 983 5023 qua:
1042 4953 1338 5008 necessario
1388 4952 1618 5009 facturus
1659 4969 1737 5010 es.
1768 4955 1882 5010 Hoc
1918 4957 2088 5012 solum
2132 4967 2189 5012 ut

611 5047 749 5103 adsit
791 5054 967 5114 optat,
1018 5055 1072 5098 ut
1101 5054 1316 5114 propter
1360 5043 1533 5114 ipsum
1556 5044 1656 5101 hoc
1683 5047 1804 5111 fiat;
1834 5046 1977 5116 quod
2008 5057 2188 5107 autetn

610 5140 726 5197 haec
755 5140 928 5194 omnia
959 5142 1264 5207 contingant
1289 5146 1340 5190 et
1369 5145 1658 5199 transeant,
1689 5153 1752 5192 ex
1777 5148 1978 5194 natura:
2005 5155 2190 5195 neceso

610 5233 767 5288 sitate
789 5231 864 5286 fit.
900 5230 1082 5285 Viden’
1110 5245 1267 5300 quam
1297 5231 1451 5286 facile
1481 5232 1788 5290 certamen?
1814 5233 1942 5300 Quae
1969 5233 2190 5289 omnino

613 5337 869 5392 passurus
893 5338 951 5378 es
972 5364 986 5386 ,
1017 5323 1214 5393 inquit,
1246 5332 1463 5390 prepter
1505 5336 1591 5376 me
1633 5331 1814 5392 patere
1843 5340 1856 5376 :
1887 5323 1987 5380 hoc
2014 5325 2189 5380 solum

612 5416 859 5481 addatur,
902 5424 954 5470 et
997 5415 1046 5469 id
1091 5430 1187 5485 pro
1224 5414 1417 5473 idonea
1442 5415 1783 5486 obsequentia
1815 5415 2005 5472 habeo.
2037 5418 2190 5487 Quod

614 5509 704 5565 alii
734 5517 1065 5563 mutuaturus
1089 5521 1274 5563 aurum
1303 5523 1362 5563 es
1386 5550 1402 5575 ,
1425 5507 1553 5583 mihi
1582 5516 1823 5564 mutuare
1847 5524 1967 5569 cum
2000 5510 2188 5580 majori

618 5593 821 5656 foenore
859 5613 924 5654 ac
947 5599 1230 5655 securitate
1259 5617 1273 5652 :
1303 5601 1444 5671 quod
1470 5615 1663 5671 corpus
1691 5601 1844 5655 alteri
1874 5601 2074 5656 militiae
2110 5602 2190 5656 vis

612 5690 948 5755 adscribere,
988 5705 1122 5747 mete
1159 5691 1401 5748 adscribe
1429 5712 1442 5748 :
1475 5708 1594 5747 nam
1641 5692 1849 5749 labores
1891 5700 2010 5748 tuos
2037 5692 2189 5768 longe

608 5781 858 5839 excedam
897 5781 1155 5837 mercedis
1183 5783 1559 5850 magnitudine.
1589 5782 1667 5838 Tu
1693 5797 1817 5838 vero
1845 5782 1895 5838 in
1922 5783 2042 5839 aliis
2065 5797 2187 5840 eum

1285 352 1341 408 S.
1380 351 1653 409 JOANNIS
1690 348 2163 408 CHRYSOSTOMI
2202 348 2515 406 ARCillEP.
2556 348 3090 412 CONSTANTINOP.

3777 363 3877 420 700

2293 478 2506 534 semper
2533 466 2786 536 praefers,
2817 468 2907 538 qui
2937 468 3090 539 plura
3135 468 3412 540 retribuit,
3459 471 3512 527 in
3553 483 3742 532 mutuo
3763 521 3778 544 ,
3825 479 3876 535 in

2292 557 2591 626 emptione.
2619 559 2670 613 in
2699 559 2883 613 militia
2917 577 2931 615 :
2962 557 3232 616 Christum
3260 563 3434 619 solum
3461 579 3568 622 non
3594 568 3836 626 admittis
3859 613 3874 632 ,

2292 648 2380 714 qui
2426 649 2544 717 plus
2590 658 2644 704 et
2691 649 2944 706 inlinities
2979 651 3098 722 plus
3140 653 3342 723 praebet
3377 672 3534 727 quam
3560 663 3766 715 cteteri.
3813 662 3879 717 Et

2291 738 2432 808 quod
2469 740 2570 796 hoc
2595 740 2826 796 bellum?
2850 758 2969 813 quas
2996 744 3111 799 haec
3142 746 3450 802 inimicitia?
3479 749 3752 807 Undenam
3780 753 3875 810 de-

2292 845 2437 885 mum
2468 833 2678 886 veniam
2708 845 2762 888 et
2784 835 3183 892 excusationem
3215 837 3437 896 habebis
3456 883 3472 910 ,
3500 859 3622 900 eum
3654 847 3707 900 in
3736 846 3804 902 iis
3824 848 3877 904 in

2289 921 2480 989 quibus
2510 920 2753 978 homines
2789 923 3092 982 hominibus
3120 931 3433 1001 anteponis,
3462 950 3529 991 ne
3559 936 3726 992 Deum
3753 940 3876 1009 qui-

2287 1010 2408 1066 dem
2436 1013 2515 1068 vis
2545 1013 2845 1071 hominibus
2871 1020 3232 1088 anteponere?
3255 1021 3365 1077 Cur
3383 1031 3539 1080 terrae
3564 1026 3876 1086 thesaurum

2289 1102 2492 1157 tradis?
2522 1103 2578 1159 in
2605 1106 2845 1161 manibus
2875 1110 3010 1163 meis
3037 1125 3258 1180 repone,
3287 1112 3477 1186 inquit.
3509 1118 3704 1176 Annon
3729 1123 3880 1180 vide-

2287 1200 2374 1246 tur
2413 1193 2505 1248 tibi
2550 1194 2803 1252 Dominus
2850 1207 3005 1255 term:
3032 1201 3197 1256 tutior
3233 1218 3354 1260 esse
3381 1221 3538 1276 quam
3568 1213 3755 1267 terra?
3780 1213 3877 1271 IIIa

2285 1283 2582 1352 depositum
2626 1288 2835 1354 reddit,
2886 1305 3056 1358 neque
3099 1293 3272 1348 reddit
3320 1311 3576 1368 semper:
3608 1302 3699 1358 ille
3743 1320 3876 1361 vero

2285 1375 2442 1427 etiam
2491 1377 2790 1432 mercedem
2833 1393 2929 1449 pro
2963 1383 3200 1438 custodia
3227 1385 3295 1439 ab
3343 1400 3401 1442 se
3446 1387 3626 1446 habita
3671 1394 3872 1450 reddit.

2291 1464 2454 1520 Valde
2479 1467 2673 1536 quippe
2703 1484 2799 1524 nos
2824 1481 2984 1525 amat.
3017 1472 3141 1528 Ideo
3168 1476 3212 1530 si
3241 1488 3425 1533 mutuo
3446 1479 3574 1536 dare
3603 1485 3868 1552 volueris,

2287 1568 2498 1627 paratus
2524 1569 2606 1614 est
2630 1578 2643 1613 :
2673 1561 2717 1615 si
2745 1562 3011 1620 seminare
3030 1604 3046 1630 ,
3077 1566 3192 1636 ipse
3215 1584 3396 1624 semen
3414 1573 3644 1641 excipit;
3675 1578 3721 1632 si
3743 1579 3878 1636 mdi-

2287 1649 2403 1703 ticia
2429 1651 2664 1705 excitare
2684 1692 2699 1716 ,
2728 1660 2779 1707 te
2802 1652 2867 1706 ad
2895 1667 2954 1708 se
2982 1656 3241 1723 pertrahit
3265 1659 3448 1716 dicens
3466 1705 3481 1728 ,
3508 1663 3566 1718 in
3594 1681 3718 1722 meo
3745 1668 3872 1722 fun-

2283 1741 2352 1795 do
2372 1742 2515 1797 :cdes
2543 1754 2813 1799 construe.
2837 1744 2971 1814 Quid
3000 1749 3172 1804 curris
3199 1750 3264 1805 ad
3292 1767 3571 1823 pauperes,
3598 1756 3665 1812 ad
3698 1760 3874 1815 homi-

2266 1847 2379 1887 -nes
2406 1831 2816 1890 mendicantes?
2875 1835 3044 1893 Curre
3069 1839 3134 1893 ad
3165 1840 3327 1896 Deum
3355 1884 3370 1910 ,
3401 1845 3488 1913 qui
3514 1861 3612 1916 pro
3641 1851 3871 1907 modicis

2284 1938 2471 1994 magna
2496 1921 2588 1978 tibi
2617 1921 3241 1984 daturusest’.Attamen
3283 1930 3397 1986 h:rc
3423 1950 3489 1989 ne
3517 1937 3701 1992 auditu
3742 1942 3867 2009 qni-

2281 2012 2402 2067 dem
2432 2015 2682 2100 ferimus;
2712 2015 2806 2070 sed
2835 2029 2900 2074 eo
2919 2014 3232 2074 festinanter
3255 2023 3542 2093 pergimus,
3566 2029 3652 2081 ubi
3675 2045 3868 2100 pugnae

2279 2107 2427 2161 sunt,
2453 2097 2614 2163 bella,
2645 2098 2766 2152 lites
2806 2100 2986 2155 omnis
3025 2103 3260 2171 generis,
3286 2105 3438 2173 rixae,
3466 2097 3867 2178 sycophantiae.

2351 2186 2405 2241 5.
2435 2185 2501 2241 In
2529 2186 2737 2242 Christo
2766 2189 2946 2245 omnia
2965 2191 3117 2248 nobis
3143 2196 3862 2263 auppeditantur.—Annon

2282 2279 2444 2350 igitur
2465 2295 2564 2337 nos
2584 2281 2730 2351 juste
2750 2293 3036 2338 aversatur
3060 2295 3112 2341 et
3133 2286 3436 2357 ulciscitur,
3464 2305 3587 2346 cum
3609 2291 3664 2347 in
3686 2295 3868 2351 omni-

2281 2372 2382 2427 bus
2400 2373 2635 2442 seipsum
2663 2372 2821 2430 nobis
2843 2374 3055 2442 offerat,
3082 2393 3292 2450 nosque
3317 2381 3466 2437 illum
3505 2385 3827 2455 rejiciamus
3841 2387 3867 2441 ?

2283 2462 2337 2517 Id
2368 2473 2513 2519 certe
2541 2480 2705 2520 nemo
2730 2481 2838 2520 non
2871 2467 3121 2523 fateatur.
3156 2469 3214 2525 Si
3248 2473 3430 2541 enim,
3458 2475 3662 2547 inquit,
3694 2478 3864 2534 deco-

2281 2554 2389 2608 rari
2421 2555 2574 2622 velis,
2609 2559 2794 2628 accipe
2815 2557 3068 2614 decorem
3105 2577 3327 2630 meum;
3365 2566 3411 2622 si
3452 2568 3679 2634 armari,
3707 2583 3868 2626 arma

2281 2661 2434 2712 mea;
2463 2647 2510 2700 si
2545 2649 2752 2715 vestiri,
2784 2650 3167 2706 vestimentum
3196 2669 3410 2722 meum;
3435 2658 3482 2712 si
3514 2659 3684 2725 vesci,
3710 2675 3870 2717 men-

2278 2752 2394 2792 sam
2424 2755 2638 2806 meam;
2666 2741 2711 2795 si
2749 2743 2847 2796 iter
2881 2741 3081 2812 facere,
3113 2746 3254 2802 viam
3295 2763 3512 2815 meam;
3554 2751 3599 2805 si
3630 2753 3869 2811 haeredi-

2279 2839 2415 2895 tare,
2445 2830 2816 2887 haereditatem
2853 2850 3028 2890 meam
3058 2855 3072 2904 ;
3102 2839 3146 2893 si
3177 2839 3232 2893 in
3260 2839 3489 2908 patriam
3521 2841 3756 2912 ingredi,
3785 2845 3870 2902 ci-

2278 2921 2525 2989 vitatem,
2556 2924 2715 2994 cujus
2742 2940 2843 2996 ego
2867 2942 2989 2982 sum
3018 2928 3215 2990 artifex
3246 2942 3299 2984 et
3320 2931 3570 2988 conditor
3593 2936 3614 2965 '
3645 2951 3662 3002 ;
3696 2937 3743 2992 si
3767 2937 3872 2994 do-

2278 3029 2423 3068 mum
2456 3015 2588 3072 velis
2617 3017 2904 3084 :edilieare,
2944 3019 3148 3076 :edilica
3177 3023 3229 3076 in
3264 3024 3630 3082 tabernaculis
3665 3029 3808 3087 meis
3845 3049 3865 3087 :

2271 3121 2371 3177 ego
2409 3115 2554 3162 certe
2597 3123 2698 3176 pro
2747 3109 2815 3166 iis
2856 3126 2976 3181 qua:
3024 3111 3224 3169 dedero
3267 3116 3472 3171 nullam
3519 3134 3550 3172 a
3597 3127 3650 3174 te
3702 3137 3856 3176 mer-

2270 3199 2456 3254 cedem
2510 3203 2830 3273 requiram;
2883 3207 2996 3261 imo
3042 3209 3126 3263 vel
3171 3223 3237 3264 ex
3273 3223 3340 3265 eo
3387 3211 3507 3280 ipso
3546 3217 3860 3270 mercedem

2268 3292 2366 3347 tibi
2418 3293 2626 3360 debeo,
2673 3297 2718 3352 si
2768 3298 2906 3353 meis
2949 3300 3209 3356 omnibus
3263 3303 3339 3357 uti
3393 3303 3658 3359 volueris.
3711 3305 3862 3373 Quid

2265 3386 2394 3446 huic
2433 3387 2744 3459 liberalitati
2789 3407 2890 3461 par
2926 3403 3010 3450 est
3035 3397 3062 3448 2
3111 3395 3222 3465 Ego
3268 3404 3457 3462 pater,
3489 3411 3590 3467 ego
3636 3396 3816 3456 frater
3842 3435 3862 3464 ,

2279 3483 2379 3539 ego
2405 3484 2652 3540 sponsus,
2678 3484 2778 3541 ego
2811 3473 3023 3539 domus,
3054 3488 3154 3544 ego
3178 3475 3513 3547 alimentum,
3545 3495 3646 3551 ego
3683 3483 3874 3552 vestis,

2279 3574 2378 3629 ego
2407 3560 2578 3624 radix,
2610 3575 2710 3630 ego
2733 3560 3157 3631 fundamentum,
3189 3580 3288 3636 ego
3311 3567 3566 3639 quidquid
3587 3572 3869 3641 volueris;

2282 3653 2424 3707 nulla
2451 3669 2577 3722 ergo
2594 3669 2651 3709 re
2671 3668 2849 3725 egeas.
2873 3655 2984 3726 Ego
3003 3657 3164 3712 etiam
3187 3658 3280 3714 tibi
3301 3662 3561 3729 serviam;
3585 3666 3706 3721 veni
3727 3667 3877 3723 enim

2281 3744 2597 3808 ministrare,
2633 3759 2738 3799 non
2769 3746 3060 3803 ministrari
3101 3747 3316 3820 (Matth.
3347 3751 3436 3810 20.
3457 3754 3575 3820 28).
3601 3755 3715 3827 Ego
3734 3759 3878 3814 ami-

2281 3849 2397 3902 cus,
2428 3836 2749 3904 membrum,
2794 3846 2972 3907 caput,
3019 3837 3204 3908 frater,
3253 3857 3426 3907 soror.
3473 3855 3660 3912 mater,
3693 3851 3875 3907 omnia

2283 3941 2383 3997 ego
2412 3940 2565 3981 sum:
2592 3927 2763 3982 solum
2810 3929 2938 3984 mihi
2965 3931 3172 3987 amicus
3198 3943 3331 3988 esto.
3363 3934 3474 4004 Ego
3503 3951 3708 4008 pauper
3750 3956 3881 4010 pro-

2284 4028 2403 4090 pter
2431 4025 2503 4085 te,
2523 4019 2796 4073 mendicus
2825 4031 3038 4090 propter
3065 4031 3136 4089 te,
3171 4024 3224 4078 in
3245 4039 3456 4083 crucem
3481 4036 3633 4085 actus
3656 4041 3880 4103 propter

2288 4119 2358 4175 te,
2391 4109 2443 4162 in
2475 4109 2720 4178 sepulcro
2751 4111 2953 4179 positus
2981 4124 3198 4183 propter
3227 4127 3298 4180 te,
3332 4117 3382 4171 in
3401 4119 3548 4174 Ctt‘lis
3571 4131 3796 4192 propter
3823 4134 3878 4181 te

2287 4199 2431 4254 Patri
2459 4201 2722 4271 supplico,
2752 4201 2806 4280 in
2830 4212 2968 4257 terra
2996 4212 3215 4274 propter
3239 4217 3292 4260 te
3312 4216 3494 4264 orator
3511 4209 3709 4267 adveni
3734 4214 3878 4284 apud

2285 4291 2516 4346 Patrem.
2548 4288 2735 4345 Omnia
2785 4292 2914 4348 mihi
2957 4301 3013 4348 tu
3043 4310 3123 4361 es,
3156 4294 3339 4364 frater,
3371 4299 3620 4368 coheres,
3645 4306 3876 4374 amicus,

2286 4385 2605 4440 membrum.
2629 4385 2766 4452 Quid
2795 4387 3020 4457 amplius
3045 4387 3353 4446 desideras?
3378 4407 3477 4447 cur
3504 4408 3624 4449 eum
3645 4397 3738 4467 qui
3758 4406 3880 4453 tan-

2288 4487 2396 4532 tum
2421 4485 2472 4532 te
2497 4488 2640 4532 amat
2665 4477 2963 4533 aversaris?
2991 4480 3115 4548 quid
3139 4481 3338 4538 mundo
3363 4481 3488 4540 huic
3513 4485 3763 4542 laboras?
3784 4503 3883 4546 cur

2286 4570 2431 4625 dolio
2454 4569 2506 4623 in
2531 4577 2744 4640 pertuso
2775 4569 2985 4625 hauris?
3005 4569 3118 4626 Hoc
3140 4573 3282 4627 enim
3308 4583 3390 4629 est
3414 4589 3511 4645 pro
3530 4579 3784 4644 prmsenti
3803 4580 3880 4635 vi.

2290 4670 2338 4714 ta
2384 4661 2646 4716 laborare.
2693 4659 2800 4715 Cur
2827 4661 3001 4731 ignem
3030 4662 3646 4722 verberas'?curaerem
3691 4683 3881 4737 percu-

2291 4752 2391 4806 tis?
2413 4768 2512 4807 cur
2530 4752 2722 4807 frustra
2749 4749 2952 4807 curris?
2975 4755 3161 4808 Annon
3184 4769 3271 4810 ars
3294 4769 3518 4825 quasque
3541 4756 3699 4812 ﬁnem
3722 4775 3879 4816 suum

2291 4843 2482 4900 habet?
2511 4843 2567 4899 ld
2595 4859 2725 4901 sane
2751 4845 2997 4899 omnibus
3025 4847 3392 4916 conspicuum.
3422 4832 3656 4907 Ostende
3677 4854 3881 4910 mihiet

2293 4946 2345 4991 tu
2375 4937 2646 4992 saecularis
2674 4936 2834 4991 studii
2864 4937 3044 4992 linem.
3072 4937 3178 4993 Sed
3206 4953 3314 4993 non
3343 4950 3496 5010 potes
3516 4960 3529 4995 :
3551 4958 3670 4997 nam
3717 4943 3881 4999 Vani-

2291 5039 2367 5082 ωε
2393 5029 2690 5095 sanitatum,
2717 5037 2765 5082 et
2793 5029 2964 5082 omnia
2985 5029 3179 5083 vanitas
3207 5027 3402 5100 (Eccle.
3445 5033 3497 5087 1.
3527 5032 3603 5102 1).
3653 5034 3879 5093 Proﬁci-

2291 5135 2504 5175 scamur
2530 5120 2597 5174 ad
2641 5121 2909 5191 sepulcra,
2941 5119 3166 5175 ostende
3205 5121 3333 5176 mihi
3379 5132 3607 5193 patrem,
3653 5128 3884 5185 ostende

2291 5226 2534 5267 uxorem.
2566 5211 2666 5267 Ubi
2708 5211 2904 5282 estqui
2930 5211 3106 5267 aureis
3144 5214 3379 5269 vestibus
3405 5213 3762 5272 induebatur?
3790 5221 3884 5289 qui

2293 5302 2345 5358 in
2371 5317 2530 5358 curru
2555 5301 2812 5358 sedebat?
2831 5302 2921 5373 qui
2947 5303 3214 5358 exercitus
3236 5303 3485 5370 habebat,
3508 5306 3595 5375 qui
3619 5306 3883 5377 balteum,

2293 5393 2380 5464 qui
2408 5393 2718 5464 praecones?
2745 5393 2835 5465 qui
2868 5393 3004 5450 alios
3033 5393 3324 5462 occidebat,
3357 5396 3493 5453 alios
3521 5396 3575 5452 in
3603 5416 3878 5459 arcerem

2335 5508 2353 5547 ⁸
2385 5525 2603 5596 Savilius
2625 5524 2913 5596 iii-margine
2928 5529 3261 5596 han_e_varl_am
3287 5531 3560 5596 lectionem,
3573 5533 3718 5582 affert
3735 5548 3746 5582 :
3765 5537 3870 5591 cu

2278 5600 2370 5636 non
2396 5588 2564 5662 curris
2577 5589 2642 5636 ad
2669 5588 2828 5662 uiam,
2854 5588 2939 5640 sed
2964 5588 3039 5662 ad
3056 5588 3273 5662 homines
3295 5590 3462 5662 alapas
3478 5595 3569 5662 qui
3582 5608 3674 5662 pro
3691 5588 3868 5662 paruis

2279 5626 2564 5718 aitagit;
2577 5626 3040 5718 ἦᾴὁὶέἳαὲἓῖειῖῗιι
3056 5626 3652 5718 ἲῗέἷᾝῖεῶἷῖἇι⁶ῥ¹ῗόἕὲἶ

2340 5711 2990 5839 ς’ξοιὶθᾶὼωῖξιῖεῗὲοῶαὲι
3009 5713 3194 5827 ﬁgis:
3215 5720 3262 5769 et
3288 5711 3512 5769 conditor
3540 5720 3672 5773 Deus
