4074 6434
287 411 388 468 τοι

286 518 644 592 conﬁciebat?
673 517 762 588 qui
793 512 1147 570 interﬁcith
1165 523 1302 580 quos
1321 508 1500 572 vellet,
1524 502 1888 572 Iibenbatqtte

285 614 356 669 ad
389 612 611 667 nutum?
630 609 768 664 Nihil
790 604 934 661 aliud
965 605 1122 658 video
1150 616 1308 672 quam
1337 612 1479 662 ossa,
1513 609 1744 658 vermes,
1769 607 1890 647 ara.

287 721 456 761 neas:
488 704 668 760 omnia
699 699 787 754 illa
817 708 958 753 terra
989 705 1134 759 sunt,
1157 693 1336 748 omnia
1364 689 1561 756 fabula,
1591 687 1767 743 omnia
1795 700 1891 740 so-

287 795 515 858 mnium,
543 793 752 853 umbra.
775 805 924 846 mera
953 789 1187 844 narratio
1215 794 1268 841 et
1297 784 1499 854 pictura
1518 798 1535 848 ;
1555 783 1665 836 imo
1686 793 1784 834 nec
1808 778 1888 848 pi-

286 895 461 942 ctura.
494 885 762 940 Picturam
789 883 931 937 enim
956 881 1146 935 saltem
1176 879 1227 932 in
1256 876 1484 945 imagine
1504 872 1774 935 videmus;
1803 869 1890 924 hic

288 994 420 1035 vero
464 993 533 1034 ne
576 977 793 1048 quidem
847 975 1152 1044 imaginem.
1189 973 1360 1041 Atque
1391 970 1591 1023 utinam
1625 966 1711 1021 hic
1749 964 1887 1018 mala

289 1070 738 1127 terminarentur!
766 1067 917 1122 Nunc
944 1080 1071 1120 vero
1091 1063 1281 1125 honor.
1313 1060 1540 1125 delicire,
1563 1057 1751 1130 gloria,
1775 1071 1892 1110 um-

291 1164 388 1218 bra
421 1169 628 1217 tantum
657 1169 711 1214 et
740 1159 899 1214 verba
929 1165 1084 1212 sunt:
1114 1170 1234 1224 qua:
1274 1169 1403 1208 vero
1443 1151 1533 1206 illa
1568 1157 1886 1218 sequuntur,

289 1269 399 1309 non
431 1251 644 1318 umbra,
676 1265 782 1304 non
815 1247 975 1303 verba
1005 1253 1159 1308 sunt;
1204 1242 1298 1299 sed
1340 1249 1577 1304 manent,
1611 1247 1666 1294 et
1705 1237 1890 1292 nobis-

288 1357 412 1399 cum
444 1342 535 1397 illo
564 1340 888 1404 transibunt,
917 1336 1269 1404 omnibusque
1301 1343 1425 1388 nota
1453 1340 1639 1396 erunt;
1664 1329 1890 1400 rapinae,

291 1435 537 1496 avaritia,
566 1431 969 1495 fornicationes,
993 1428 1273 1491 adulteria,
1303 1433 1356 1480 et
1379 1423 1525 1479 mille
1545 1422 1681 1478 mala
1709 1420 1894 1488 hujus-

291 1528 462 1592 modi,
496 1541 603 1581 non
635 1525 686 1579 in
716 1523 943 1592 imagine
970 1530 1023 1576 et
1050 1521 1100 1574 in
1127 1519 1348 1591 pulvere
1372 1525 1549 1579 erunt,
1573 1513 1672 1568 sed
1692 1512 1891 1581 scripta

293 1619 349 1674 in
379 1617 526 1672 aclis
556 1624 701 1680 sunt,
731 1628 827 1669 seu
849 1611 1013 1674 dicta,
1047 1626 1140 1665 seu
1171 1623 1353 1678 opera.
1380 1605 1588 1672 Quibus
1608 1618 1738 1671 ergo
1759 1616 1892 1656 ocu-

293 1709 361 1763 lis
389 1706 658 1762 Christum
691 1702 1024 1758 videbimus?
1049 1700 1180 1755 Nam
1226 1701 1268 1754 si
1316 1709 1518 1768 patrem
1569 1710 1675 1748 non
1717 1701 1894 1763 potest

292 1801 415 1869 quis
445 1797 689 1865 aspicere
733 1794 833 1849 sibi
861 1793 1110 1848 conscius
1137 1789 1340 1860 peccati
1370 1789 1420 1841 in
1453 1787 1624 1848 illum,
1653 1799 1777 1839 eum
1801 1783 1892 1853 qui

291 1900 444 1960 patre
475 1890 632 1958 longe
660 1886 991 1941 mansuetior
1019 1893 1120 1944 est,
1153 1879 1424 1953 quomodo
1453 1888 1580 1933 tunc
1601 1876 1891 1946 respicere,

291 1978 564 2051 quomodo
591 1978 732 2033 ferre
760 1973 1088 2046 poterimus?
1112 1972 1245 2028 Nam
1277 1969 1528 2026 tribunali
1573 1966 1771 2022 Christi
1797 1964 1894 2019 ad-

291 2070 576 2134 stabimus,
599 2069 947 2136 omniumque
963 2072 1268 2119 accuratum
1292 2061 1392 2115 erit
1420 2074 1666 2114 examen.
1702 2056 1757 2110 Si
1777 2055 1895 2126 quis

292 2177 421 2215 vero
453 2159 690 2214 futurum
714 2159 971 2228 judicium
1001 2173 1104 2210 nun
1137 2154 1328 2219 credit,
1361 2150 1612 2221 respiciat
1653 2149 1741 2202 illa
1772 2160 1893 2216 qua:

1152 398 1219 454 IN
1257 390 1665 452 MATTIUEUM
1708 387 1937 445 IIOMIL.
1981 383 2240 442 LXXVII.
2281 385 2353 441 al.
2396 383 2675 440 LXXVIII.

3489 388 3598 446 70')

1993 499 2081 554 hic
2105 509 2384 570 geruntur,
2415 498 2594 554 videat
2622 513 2718 555 eos
2740 500 2832 570 qui
2862 497 2916 556 in
2942 515 3181 569 carcere,
3212 501 3304 573 qui
3329 501 3384 559 in
3405 505 3597 558 metal~

1992 590 2082 658 lis,
2113 592 2203 662 qui
2233 593 2284 645 in
2315 603 2576 659 stercore,
2625 594 2874 650 reroieiat
2926 596 3313 665 daemoniacos,
3355 600 3597 665 insanos,

1992 683 2377 741 incurabilibns
2405 685 2605 740 morbis
2635 687 2960 754 laborantes,
3007 707 3127 745 cum
3177 700 3430 762 perpetua
3462 707 3599 762 pau-

2001 782 2212 843 pertate
2232 783 2564 846 pugnantes,
2590 775 2769 830 inedia
2789 785 3038 844 vexatos,
3067 781 3273 848 ingenti
3299 780 3449 835 luctu
3472 795 3600 834 sau-

1999 864 2196 930 ciatos,
2219 866 2486 937 captivos.
2513 865 2702 937 Neque
2721 868 2871 923 enim
2892 868 2968 922 illi
2989 870 3104 924 haec
3129 880 3464 938 paterentur,
3491 872 3599 925 nisi

1992 952 2128 1006 alios
2153 953 2244 1023 qui
2271 954 2457 1009 eadem
2487 970 2794 1023 peccavere,
2827 957 2958 1012 ultio
2977 967 3033 1014 et
3050 961 3370 1030 supplicium
3401 979 3596 1035 exspe-

1993 1055 2185 1099 ctaret.
2215 1045 2268 1098 Si
2301 1061 2430 1102 vero
2473 1050 2652 1102 cmteri
2686 1049 2819 1104 nihil
2852 1051 2937 1108 hic
2969 1055 3109 1121 passi
3155 1059 3300 1120 sunt,
3352 1056 3454 1114 hoc
3501 1058 3597 1115 tibi

1995 1138 2204 1209 signum
2227 1153 2347 1194 esse
2375 1140 2556 1206 debet,
2584 1143 2783 1212 aliquid
2807 1145 2948 1200 aliud
2975 1161 3260 1216 superesse
3284 1162 3401 1219 post
3423 1153 3599 1222 profe-

1994 1233 2227 1287 ctionem
2249 1247 2316 1286 ex
2339 1232 2439 1288 hac
2464 1234 2589 1288 vita.
2623 1234 2805 1306 Neque
2825 1238 2966 1291 enim
2996 1239 3104 1306 ille,
3137 1256 3259 1296 cum
3287 1245 3355 1296 sit
3383 1247 3601 1300 univer-

1996 1337 2179 1376 sorum
2209 1323 2369 1389 Deus,
2393 1325 2529 1379 alios
2557 1325 2698 1380 ultus
2724 1338 2893 1394 esset;
2924 1330 3058 1386 alios
3089 1348 3237 1399 vero,
3278 1337 3367 1405 qui
3409 1336 3599 1395 eadem

1997 1413 2079 1468 vel
2109 1414 2268 1468 etiam
2312 1416 2560 1484 graviora
2590 1429 2806 1487 peccata
2846 1421 3194 1491 admiserant,
3234 1427 3453 1495 impune
3477 1445 3601 1487 esse

1999 1505 2321 1576 reliquisset,
2351 1509 2451 1562 nisi
2483 1511 2752 1580 quoddam
2782 1513 2912 1585 ipsis
2938 1517 3257 1587 supplicium
3287 1520 3364 1575 ibi
3398 1521 3603 1594 irroga-

2001 1606 2152 1651 turus
2180 1608 2345 1653 esset.
2379 1599 2457 1655 Ex
2493 1601 2578 1657 his
2606 1603 2764 1672 igitur
2787 1606 3088 1662 rationibus
3127 1619 3180 1664 et
3209 1612 3472 1682 exemplis
3503 1630 3602 1672 nos

1998 1689 2145 1758 ipsos
2175 1689 2522 1749 humiliemus
2555 1710 2568 1752 :
2614 1706 2670 1751 et
2715 1699 2803 1768 qui
2852 1699 3114 1767 judicium
3147 1718 3252 1757 non
3285 1705 3600 1774 credebant,

1999 1779 2226 1856 credant
2248 1781 2385 1852 jam,
2415 1793 2470 1838 et
2499 1784 2750 1842 meliores
2777 1774 3104 1858 efﬁciantur,
3135 1802 3191 1846 ut
3220 1809 3342 1849 cum
3384 1793 3603 1866 dignam

2006 1879 2176 1935 regno
2219 1866 2488 1922 cmlorum
2534 1869 2702 1926 vitam
2751 1873 3111 1940 duxerimus,
3171 1877 3354 1933 futura
3404 1894 3606 1934 conse-

2001 1974 2240 2027 quamur
2286 1959 2452 2027 bona,
2507 1966 2682 2034 gratia
2742 1977 2798 2023 et
2847 1957 3186 2042 benignitate
3243 1971 3460 2027 Domini
3500 1990 3604 2030 no-

2001 2051 2098 2104 stri
2127 2049 2255 2106 Jesu
2290 2051 2534 2121 Christi,
2584 2057 2672 2112 cui
2710 2059 2882 2129 gloria
2926 2061 2982 2115 in
3009 2064 3212 2118 szecula
3249 2067 3601 2120 saeculorum.

1999 2142 2192 2198 Amen.

293 2277 2834 2312 Μ

1378 2359 1726 2421 HOMILIA
1773 2354 2096 2416 LXXVII.
2143 2357 2230 2420 al.
2278 2359 2630 2427 LXXVIII.

291 2515 420 2569 Car.
463 2513 555 2568 2‘.
611 2528 661 2567 v.
719 2511 808 2566 52.
850 2510 926 2563 Ab
976 2509 1154 2562 arbore
1187 2515 1354 2561 autem
1392 2504 1476 2573 ﬁci
1512 2502 1689 2555 discite
1735 2511 1895 2570 para-

367 2607 569 2669 bolum;
596 2621 710 2657 cum
724 2606 841 2675 jam
861 2617 1032 2655 ramus
1052 2601 1162 2670 ejus
1183 2610 1320 2652 tener
1341 2597 1510 2667 fuerit,
1537 2603 1583 2649 et
1599 2593 1725 2661 folia
1751 2600 1893 2655 nata,

365 2699 506 2754 scitis
533 2698 652 2762 quia
679 2711 839 2766 prope
863 2703 940 2748 est
965 2703 1148 2754 mtas;
1184 2691 1272 2746 53.
1311 2690 1382 2742 ita
1407 2698 1454 2742 et
1483 2702 1586 2750 vos,
1616 2701 1733 2738 cum
1759 2685 1899 2737 eide-

365 2790 479 2843 ritia
499 2790 608 2842 Iuro
631 2787 823 2850 omnia,
855 2787 1029 2839 scitote
1053 2784 1170 2854 quia
1193 2796 1350 2850 prope
1371 2789 1443 2833 est
1463 2779 1516 2832 in
1528 2777 1729 2848 januis.

369 2882 422 2937 ί.
463 2879 598 2948 Quia
628 2877 783 2944 dixit,
808 2876 996 2932 Statim
1025 2883 1134 2944 post
1157 2873 1528 2926 tribulationem
1553 2871 1750 2923 dierum
1782 2867 1899 2919 illo-

295 2989 433 3036 rum,
465 2973 565 3042 ipsi
592 2984 723 3025 vero
761 2967 1076 3038 quaerebant
1113 2973 1234 3035 post
1271 2971 1527 3034 quantum
1555 2959 1814 3029 temporis
1846 2956 1897 3011 id

295 3069 536 3124 futurum
563 3073 729 3128 esset,
753 3061 1004 3132 diemque
1024 3062 1163 3114 scire
1196 3055 1505 3126 cupiebant,
1535 3052 1658 3108 ideo
1685 3050 1774 3105 ille
1800 3065 1897 3104 ex-

296 3157 536 3230 emplum
558 3155 690 3210 ﬁcus
710 3142 885 3220 affert,
905 3151 1195 3208 ostendens
1226 3164 1331 3204 non
1360 3162 1610 3218 magnum
1641 3147 1902 3200 interesse

301 3248 563 3319 temporis
605 3245 860 3317 spatium,
909 3258 1009 3298 nec
1046 3241 1138 3296 diu
1181 3249 1364 3310 postea
1405 3239 1580 3308 ipsum
1614 3244 1901 3292 venturum

299 3356 455 3397 esse:
485 3339 538 3394 id
565 3337 708 3410 quod
739 3353 845 3392 non
877 3335 1038 3390 modo
1071 3349 1166 3404 per
1194 3330 1528 3404 parabolam,
1578 3329 1672 3384 sed
1713 3336 1768 3382 et
1807 3341 1903 3395 per

300 3431 403 3487 alia
433 3429 576 3504 dicta
622 3436 805 3497 postea
837 3423 1118 3496 signiﬁcat,
1152 3433 1210 3476 ut
1240 3436 1360 3478 cum
1411 3420 1516 3474 ait:
1548 3418 1739 3474 Scitote
1784 3416 1904 3480 quia

302 3537 462 3593 prape
483 3520 633 3576 estin
671 3517 875 3590 januia.‘
918 3515 1054 3571 Hinc
1083 3513 1244 3570 etiam
1274 3511 1432 3566 aliam
1467 3509 1706 3581 praedicit
1732 3507 1905 3579 spiri—

305 3613 504 3670 tnalem
532 3619 793 3675 aestatem,
838 3618 891 3663 et
935 3605 1368 3677 tranquillitatem
1414 3612 1531 3672 post
1578 3601 1738 3669 hujus
1781 3600 1904 3654 vita:

303 3705 497 3759 fluctus
524 3703 613 3757 illa
641 3702 726 3757 die
742 3699 901 3771 jnstis
918 3697 1175 3763 futuram;
1198 3695 1564 3767 peccatoribus
1581 3702 1764 3748 contra
1788 3698 1906 3759 post

306 3804 551 3850 aestatem
578 3793 810 3849 hiemem
843 3789 1096 3846 indicavit
1118 3797 1323 3857 postea,
1352 3801 1473 3841 cum
1497 3784 1651 3849 dixit,
1689 3782 1791 3834 illis
1812 3780 1907 3834 de-

308 3884 635 3948 liciantihus,
664 3883 804 3939 diem
834 3897 956 3937 esse
982 3890 1282 3935 venturam.
1317 3877 1504 3948 Neque
1545 3875 1667 3930 ideo
1699 3883 1902 3929 tantum

310 3979 445 4035 ﬁcus
471 3975 778 4047 exemplum
809 3975 1005 4046 posuit,
1049 3983 1105 4028 ut
1151 3972 1378 4043 spatium
1411 3969 1670 4039 temporis
1700 3968 1905 4038 signiti-

311 4079 488 4136 caret;
518 4069 774 4140 potuisset
799 4067 943 4123 enim
994 4067 1102 4121 alio
1127 4063 1286 4120 modo
1316 4063 1445 4119 illud
1475 4061 1784 4124 declarare;
1813 4059 1908 4114 sed

314 4173 373 4220 ut
397 4162 521 4219 inde
550 4176 662 4217 rem
692 4160 912 4215 omnino
938 4158 1165 4213 futuram
1204 4156 1568 4211 conﬁrmaret.
1596 4152 1745 4208 Sicut
1765 4150 1906 4206 enim

313 4271 536 4315 necesse
564 4263 646 4310 est
672 4254 773 4308 hoc
795 4251 1034 4316 evenire,
1059 4252 1130 4305 ita
1157 4249 1377 4305 etillud.
1400 4247 1533 4303 Nam
1554 4247 1641 4301 ubi
1666 4260 1776 4300 rem
1795 4259 1911 4298 om-

314 4351 442 4407 nino
463 4348 700 4403 futuram
729 4347 841 4401 vult
861 4347 1167 4401 demonstra
1177 4359 1253 4410 re,
1277 4341 1544 4398 naturales
1563 4338 1910 4394 necessitates

315 4444 367 4498 in
400 4439 635 4496 medium
661 4437 838 4506 aﬁ‘erl,
871 4448 976 4492 tam
1010 4439 1143 4506 ipse,
1163 4450 1320 4506 quam
1349 4432 1762 4505 ipsiusimitator
1781 4429 1908 4482 bea-

316 4545 400 4588 tus
428 4532 645 4588 Paulus.
669 4531 871 4586 Idcirco
894 4530 963 4586 de
986 4529 1378 4584 resurrectione
1405 4527 1628 4594 loquens
1654 4523 1728 4576 ait
1751 4539 1764 4576 :
1793 4519 1912 4574 Nisi

308 4641 530 4696 granum
551 4624 790 4693 frumenti
809 4622 992 4675 cadens
1012 4621 1064 4673 in
1081 4630 1264 4673 terram
1283 4627 1534 4671 mortuum
1554 4613 1729 4686 fuerit,
1749 4615 1914 4682 ipsum

313 4720 482 4774 solum
503 4727 709 4770 manet:
737 4716 780 4770 si
804 4725 972 4768 autem
996 4722 1246 4767 mortuum
1265 4711 1438 4782 fuerit,
1458 4708 1671 4762 multum
1692 4707 1914 4776 fructum

317 4810 468 4878 σθω-ι
497 4807 673 4880 (Joan.
702 4806 770 4862 12
812 4805 903 4861 24.
927 4806 1044 4876 25).
1075 4805 1207 4859 Hinc
1244 4802 1467 4858 edoctus
1501 4800 1690 4856 beatus
1722 4797 1916 4854 Paulus

317 4903 510 4959 eodem
539 4901 705 4955 utitur
727 4899 998 4969 exemplo,
1025 4895 1240 4968 quando
1265 4893 1557 4950 Corinthiis
1582 4893 1651 4947 de
1677 4905 1919 4947 resurre-

318 4997 502 5055 ctione
532 4993 798 5066 loquitur:
828 5007 950 5046 nam
986 4993 1058 5045 ait
1080 5008 1093 5042 :
1120 4989 1306 5051 Stulte,
1331 4986 1466 5057 quod
1486 4986 1702 5039 seminus
1721 5000 1819 5037 non
1842 4983 1916 5036 vi-

322 5091 579 5162 viﬁcatur,
610 5088 711 5142 nisi
729 5096 988 5141 mortuum
1016 5083 1166 5154 fuerit
1203 5082 1278 5154 (I.
1311 5080 1428 5136 Cor.
1459 5081 1545 5136 15.
1575 5080 1686 5148 '56).
1720 5076 1920 5133 Deinde

325 5193 394 5234 ne
427 5178 540 5232 cito
572 5187 761 5247 postea
794 5175 1200 5244 interrogarent
1223 5170 1445 5241 quando
1477 5169 1527 5223 id
1564 5167 1809 5222 futurum
1832 5182 1921 5223 es-

328 5278 457 5336 set,
509 5269 564 5323 in
628 5268 953 5323 memoriam
1009 5264 1146 5334 ipsis
1195 5263 1456 5334 praedicta
1513 5269 1779 5326 revocat,
1833 5260 1920 5313 di-

325 5373 490 5417 oens:
520 5358 608 5414 δι.
643 5357 804 5411 Amen
849 5355 964 5410 dico
1001 5355 1160 5418 vobis,
1208 5369 1310 5407 non
1357 5353 1629 5424 prateribit
1667 5352 1924 5424 generatio

325 5451 455 5516 hac,
487 5451 645 5503 donec
660 5448 831 5502 omnia
847 5446 954 5502 [nec
969 5446 1114 5516 ﬁant.
1137 5444 1262 5499 Hec
1283 5445 1475 5508 omnia,
1493 5460 1761 5514 qutenam,
1778 5461 1926 5514 qua:-

329 5542 424 5599 aoi
449 5540 580 5608 Qua
618 5539 1008 5609 Jerosolymam
1050 5539 1382 5607 spectabant,
1413 5535 1573 5600 bella,
1607 5535 1796 5598 fames,
1827 5549 1924 5605 pe-

329 5634 448 5699 stis,
482 5642 639 5688 terra:
669 5639 870 5697 motus,
926 5626 1368 5699 pseudmchristi,
1396 5626 1924 5698 pseudo-prophetae,

327 5725 674 5798 Evangelium
698 5724 895 5794 ubique
914 5723 1340 5788 disseminatum,
1371 5719 1683 5787 seditiones,
1713 5729 1926 5791 pertur-

328 5823 595 5882 bationes,
644 5828 948 5889 ceteraque
985 5817 1186 5884 omnia,
1217 5831 1336 5887 qua:
1374 5815 1609 5870 diximus
1657 5827 1827 5885 usque
1855 5814 1921 5870 ad

2846 2290 3617 2318 ______________

2003 2503 2121 2570 ejus
2148 2503 2437 2562 adventum
2472 2508 2670 2564 futura.
2704 2512 2986 2580 Quomodo
3022 2516 3184 2587 igitur
3209 2519 3304 2585 ait,
3344 2519 3616 2576 Generatio

2004 2596 2150 2651 haec?
2171 2597 2286 2653 Non
2315 2599 2382 2656 de
2410 2610 2537 2658 tunc
2558 2605 2858 2662 viventibus
2879 2607 3132 2678 loquitur,
3165 2611 3260 2667 sed
3287 2613 3354 2669 de
3384 2630 3614 2684 genera-

2003 2691 2150 2746 tione
2181 2691 2448 2758 ﬁdelium;
2481 2697 2619 2752 solet
2646 2699 2789 2753 enim
2821 2705 3228 2771 generationem
3271 2720 3376 2760 non
3413 2721 3441 2760 a
3472 2715 3612 2763 tem-

2006 2796 2136 2862 pore
2163 2784 2359 2850 solum,
2383 2787 2476 2841 sed
2508 2789 2668 2844 etiam
2701 2806 2731 2844 a
2768 2791 3046 2862 religionis
3068 2805 3121 2850 et
3147 2795 3269 2850 vitm
3293 2798 3498 2853 ratione
3513 2815 3616 2854 an-

2007 2857 2195 2928 nouare
2217 2891 2231 2940 ;
2254 2885 2308 2928 ut
2332 2879 2546 2943 quando
2572 2880 2734 2935 dicit:
2764 2880 2891 2937 Ηωο
2909 2894 2983 2939 est
2998 2889 3258 2957 generatio
3283 2893 3618 2956 qua’rcntittm

2007 2968 2284 3021 Dominum
2322 2967 2494 3039 (Psal.
2527 2970 2618 3026 25.
2663 2973 2719 3043 6)
2761 2975 2950 3046 :quod
3001 2993 3130 3048 ergo
3172 2993 3332 3048 supra
3381 2980 3615 3046 dicebat,

2009 3059 2222 3129 Oportet
2264 3063 2398 3116 enim
2440 3065 2612 3118 omm’a
2650 3066 2797 3132 ﬁeri;
2840 3081 2905 3123 ac
2948 3066 3184 3137 rursum,
3244 3071 3621 3128 Pra'dicabitur

2004 3154 2342 3225 Evangelium
2361 3174 2378 3210 :
2399 3157 2485 3212 hic
2507 3172 2722 3227 quoque
2752 3157 3021 3229 signiﬁcat
3047 3163 3257 3232 dicens,
3291 3165 3415 3220 Haec
3444 3167 3622 3221 omni-

2014 3262 2083 3297 no
2109 3247 2364 3300 evenient
2413 3249 2616 3314 omnia,
2660 3260 2717 3304 et
2761 3254 3040 3322 generatio
3084 3254 3322 3312 ﬁdelium
3348 3299 3362 3320 ,
3409 3275 3438 3314 a
3468 3259 3616 3318 nullo

2010 3338 2390 3408 pnedictorum
2419 3339 2642 3396 discissa
2668 3383 2683 3404 ,
2714 3346 3086 3413 permanebit;
3135 3347 3244 3402 imo
3273 3350 3436 3406 etiam
3463 3351 3620 3408 Jeru-

2011 3432 2217 3501 solytna
2265 3433 2499 3502 peribit,
2555 3443 2608 3490 et
2657 3434 2970 3492 Judacorum
3000 3455 3189 3510 magna
3240 3457 3365 3512 pars
3413 3446 3621 3502 delebi-

2012 3531 2114 3579 tur.
2147 3523 2294 3578 lianc
2317 3539 2444 3580 vero
2468 3525 2599 3580 nihil
2625 3529 2922 3596 superabit,
2949 3548 3056 3586 non
3081 3532 3272 3602 fames,
3300 3552 3406 3590 non
3433 3541 3620 3608 pestis,

2011 3631 2117 3670 non
2147 3626 2306 3672 terra:
2332 3627 2509 3672 motus
2534 3661 2548 3684 ,
2583 3636 2688 3675 non
2717 3621 2981 3678 bellorum
3021 3627 3476 3695 perturbationes,
3513 3649 3620 3686 non

2011 3709 2431 3779 pseudo-christi
2452 3752 2468 3778 ,
2511 3727 2614 3767 non
2645 3714 3156 3787 pseudo-prophetae
3182 3762 3196 3784 ,
3228 3736 3335 3776 non
3367 3721 3622 3792 decepto-

2012 3816 2122 3867 res,
2149 3817 2256 3860 non
2283 3803 2318 3859 ii
2347 3806 2437 3875 qui
2471 3805 2722 3872 tradent,
2754 3824 2862 3864 non
2895 3809 2928 3863 ii
2961 3810 3051 3878 qui
3080 3811 3412 3869 offendicula
3437 3824 3618 3884 erunt,

2013 3910 2120 3949 non
2150 3894 2263 3950 falsi
2307 3895 2502 3952 fratres
2527 3913 2542 3962 ;
2572 3914 2680 3952 non
2709 3898 2827 3953 alia:
2859 3901 3065 3956 similes
3093 3905 3438 3960 tentationes.
3471 3905 3626 3962 Dein.

2013 3988 2082 4043 de
2109 3988 2256 4058 ipsos
2285 3989 2455 4060 magis
2480 3989 2547 4045 ad
2579 3989 2737 4046 ﬁdem
2766 3992 3041 4050 adducens
3071 3997 3146 4050 ait
3179 4014 3191 4050 :
3224 3997 3316 4053 '55.
3349 3999 3544 4054 Cwlnm
3575 4010 3624 4054 et

2015 4090 2150 4133 terra
2197 4081 2518 4148 transibunt,
2569 4083 2720 4138 verba
2768 4095 2938 4139 autem
2987 4104 3102 4143 mea
3152 4105 3253 4142 non
3305 4090 3620 4157 transibunt,

2018 4175 2119 4229 hoc
2146 4184 2247 4240 est,
2288 4175 2521 4230 Facilius
2547 4187 2630 4232 est
2654 4187 2712 4232 ut
2743 4177 2858 4232 haec
2885 4178 2955 4233 ita
2987 4179 3137 4234 ﬁrma
3182 4190 3239 4236 et
3279 4182 3496 4238 immota
3531 4183 3626 4239 de-

2017 4267 2228 4322 leantur
2251 4308 2267 4332 ,
2300 4283 2460 4338 quam
2490 4277 2546 4322 ut
2596 4283 2661 4324 ex
2692 4270 2871 4327 verbis
2915 4271 3053 4326 meis
3083 4273 3361 4343 quidpiam
3393 4274 3626 4330 excidat.

2017 4359 2116 4426 Qui
2147 4374 2275 4414 vero
2318 4359 2672 4424 contradicit,
2704 4363 2882 4416 omnia
2927 4375 3178 4419 accurate
3222 4366 3528 4430 examinet;
3575 4378 3633 4422 et

2018 4472 2140 4511 cum
2169 4471 2290 4512 vera
2317 4471 2439 4511 esse
2471 4457 2734 4512 invenerit
2765 4457 2784 4530 (
2808 4458 3044 4514 inveniet
3073 4461 3218 4515 enim
3248 4461 3388 4516 haud
3419 4461 3627 4533 dubie),

2020 4565 2085 4605 ex
2139 4550 2533 4617 prmleritorum
2579 4561 2774 4607 eventu
2825 4551 3022 4608 futuris
3067 4554 3253 4609 credat
3297 4556 3631 4625 :omniaque

2021 4652 2272 4698 accurate
2298 4645 2605 4707 examinet,
2637 4644 2945 4716 videbitqne
2973 4662 3156 4702 rerum
3185 4649 3388 4703 exitum
3413 4651 3630 4706 veritati

2024 4738 2321 4809 prophetia:
2364 4738 2524 4794 ﬁdem
2567 4737 2873 4795 facientem.
2906 4741 3184 4796 Elementa
3225 4753 3404 4798 autem
3438 4744 3493 4798 in
3522 4760 3638 4800 me-

2025 4831 2114 4886 dio
2145 4832 2360 4901 posuit,
2413 4841 2525 4886 tum
2556 4840 2615 4887 ut
2662 4831 2998 4903 signiﬁcaret
3048 4835 3184 4890 caelo
3229 4847 3280 4891 et
3315 4847 3456 4892 terra
3491 4852 3632 4908 prte-

2023 4924 2343 4978 stantiorem
2376 4923 2675 4979 Ecclesiam
2707 4939 2862 4991 esse;
2889 4937 2998 4981 tum
3033 4935 3091 4981 ut
3115 4944 3173 4984 se
3205 4930 3441 4984 universi
3469 4929 3638 4986 Crea-

2027 5031 2196 5073 torem
2249 5017 2582 5073 ostenderet.
2642 5017 2776 5086 Quia
2843 5019 2988 5074 enim
3044 5018 3112 5076 de
3166 5023 3638 5079 consummatione

2026 5110 2319 5177 disseruit,
2344 5126 2464 5181 quae
2487 5125 2573 5166 res
2605 5125 2634 5164 a
2658 5110 2842 5165 multis
2870 5127 2976 5166 non
3005 5112 3263 5176 creditur,
3292 5113 3412 5168 ideo
3440 5116 3634 5170 ctelum

2025 5213 2081 5260 et
2105 5214 2303 5260 terram
2327 5205 2378 5258 in
2404 5203 2638 5260 medium
2665 5203 2909 5271 adduxit,
2936 5205 3260 5262 ineffabilem
3284 5223 3435 5262 suam
3455 5218 3612 5263 esten

2027 5299 2162 5353 dens
2183 5299 2504 5369 potentiam,
2535 5307 2591 5353 et
2615 5314 2804 5369 magna
2827 5315 2949 5355 cum
2978 5309 3245 5371 potestate
3266 5316 3325 5357 se
3349 5301 3637 5359 Dominum

2029 5391 2264 5446 universi
2295 5390 2576 5446 declarans
2603 5408 2616 5444 :
2648 5389 2884 5461 hincque
2909 5392 2993 5446 vel
3019 5391 3311 5447 admodum
3341 5391 3638 5448 dubitanti-

2030 5485 2129 5541 bus
2158 5483 2301 5539 dicta
2340 5499 2434 5538 sua
2466 5482 2570 5539 ﬁde
2591 5481 2750 5554 digna
2804 5482 3059 5539 reddens.
3101 5483 3188 5540 56.
3237 5483 3318 5538 De
3363 5486 3444 5539 die
3473 5495 3640 5539 autent

2030 5577 2124 5632 illa
2148 5585 2194 5631 et
2222 5576 2348 5630 hora
2375 5575 2547 5631 nullus
2570 5576 2709 5630 navit
2729 5617 2743 5641 ,
2790 5592 2951 5648 neque
2975 5577 3149 5649 angeli
3181 5577 3445 5645 caelorum,
3479 5594 3639 5648 neque

2035 5666 2250 5722 Filius.1
2269 5711 2284 5736 ,
2316 5667 2415 5722 nisi
2440 5665 2581 5723 solus
2607 5666 2780 5724 Pater.
2811 5667 2964 5737 Quod
2995 5683 3125 5740 ergo
3145 5669 3315 5736 dixit,
3353 5668 3526 5742 Neque.
3547 5688 3632 5728 an-

2103 5822 2116 5854 ¹
2144 5819 2343 5880 Quidam
2365 5818 2575 5881 habent,
2596 5830 2748 5888 neque
2775 5816 2928 5870 Filius
2952 5816 3178 5870 hominis.
