4074 6428
551 325 656 381 703

552 441 681 510 geli,
711 441 950 510 reprimit
974 455 1098 506 eos,
1144 455 1211 518 ne
1250 437 1458 493 discere
1501 443 1742 508 quierant
1766 433 1818 489 id
1847 437 1989 504 quod
2029 445 2126 486 an-

553 534 651 600 geli
684 535 956 592 nesciunt;
989 545 1109 585 cum
1142 540 1318 584 autem
1347 528 1482 583 dicit
1502 569 1519 596 ,
1560 524 1739 595 Neque
1767 523 1966 589 Filius,
1999 536 2124 592 pro-

557 619 702 674 hibet
734 634 840 674 non
869 619 1029 676 modo
1077 635 1143 674 ne
1168 620 1376 674 discant
1400 659 1416 686 ,
1465 617 1558 674 sed
1581 618 1739 671 etiam
1768 630 1836 670 ne
1863 620 2122 684 querant.

555 709 705 774 Quod
731 711 869 764 enim
902 711 994 764 illo
1031 712 1209 764 animo
1235 710 1285 764 id
1315 711 1546 775 dixerit,
1575 707 1715 770 vide.
1742 707 1864 776 quia
1897 714 2014 775 post
2043 720 2131 761 re-

556 800 940 854 surrectionem
991 800 1111 854 illus
1155 801 1474 855 curiosiures
1515 813 1634 854 esse
1662 797 1834 863 vidit,
1860 795 2128 867 quomodo

551 891 881 958 represserit.
936 890 1086 946 Nunc
1126 893 1265 946 enim
1314 892 1473 944 multa
1530 892 1932 971 innumeraque
1973 888 2127 958 signa

552 978 718 1042 dixit;
754 991 878 1037 tunc
921 997 1046 1036 vero
1085 981 1394 1050 simpliciter
1417 1023 1431 1044 ,
1464 980 1582 1034 Non
1611 990 1682 1034 est
1721 988 1938 1033 oestrum
1985 993 2130 1032 nosse

552 1079 780 1141 tempore
807 1073 882 1126 vel
906 1083 1152 1125 momenta
1175 1073 1195 1142 (
1216 1074 1324 1125 Act.
1357 1074 1408 1126 l.
1438 1070 1513 1144 7).
1547 1070 1743 1126 Deinde
1769 1086 1835 1124 ne
1865 1069 2124 1135 dicerent,

550 1160 685 1227 Quia
715 1146 1036 1225 dubitamus,
1069 1164 1383 1233 negligimur
1407 1204 1421 1225 ,
1451 1178 1621 1231 neque
1651 1161 1750 1215 hac
1775 1175 1834 1216 re
1863 1159 2007 1226 digni
2038 1175 2128 1213 su-

551 1264 668 1304 mus
689 1249 713 1302 τ
734 1252 808 1304 ait
826 1249 855 1316 ,'
877 1252 1004 1318 Qua:
1030 1251 1183 1306 Pater
1207 1253 1370 1322 posuit
1415 1253 1468 1304 in
1505 1269 1598 1306 sna
1627 1259 1888 1321 potestate.
1923 1250 2124 1319 Magna:

550 1340 745 1408 quippe
767 1339 865 1409 ipsi
891 1355 1034 1394 cura:
1076 1342 1170 1394 iuit
1197 1341 1313 1394 illos
1340 1340 1633 1404 honorare,
1675 1338 1912 1408 nihilque
1940 1339 2125 1393 occul-

553 1437 669 1482 tare
697 1428 844 1498 ipsis.
871 1429 1100 1499 ideoque
1146 1430 1289 1484 Patri
1331 1429 1456 1484 illud
1486 1429 1687 1493 tribuit,
1721 1429 1843 1483 hinc
1871 1444 1982 1484 rem
2009 1437 2122 1485 tre-

549 1518 792 1572 mendam
815 1518 1119 1583 ustendens,
1146 1520 1536 1591 prohibensque
1564 1536 1632 1576 ne
1663 1521 1747 1574 illa
1775 1520 1842 1575 de
1869 1535 1927 1575 re
1955 1521 2124 1576 inter-

548 1617 819 1678 rogarent.
850 1609 958 1664 Nisi
985 1615 1128 1664 enim
1157 1610 1284 1665 illud
1314 1613 1382 1665 ita
1409 1614 1512 1675 sit,
1558 1621 1612 1665 et
1640 1612 1684 1666 si
1715 1627 1840 1667 vere
1867 1610 2032 1666 Filius
2068 1611 2120 1666 id

549 1699 795 1767 ignorat,
824 1701 1158 1769 quandonam
1192 1701 1241 1755 id
1273 1702 1444 1755 sciet?
1471 1717 1537 1755 an
1584 1702 1903 1756 nobiscum?
1932 1702 2123 1771 Ecquis

551 1787 651 1841 hoc
680 1787 915 1866 dixerit?
947 1789 1153 1845 Putrem
1182 1791 1323 1846 clare
1349 1793 1526 1856 novit,
1547 1801 1599 1847 et
1624 1801 1732 1846 tam
1762 1792 1935 1858 clare,
1962 1806 2122 1862 quam

551 1877 709 1932 Pater
736 1881 883 1933 novit
910 1880 1122 1945 Filium,
1144 1893 1196 1935 et
1222 1882 1362 1936 diem
1391 1883 1534 1936 illam
1567 1882 1867 1951 ignorabit?
1891 1882 2120 1938 Praeter-

545 1983 608 2022 ea
638 1966 860 2038 Spiritus
901 1970 1163 2040 investigat
1190 1973 1339 2024 etiam
1369 1973 1625 2042 profunda
1650 1970 1748 2025 Dei
1776 1974 1795 2042 (
1821 1973 1872 2025 1.
1901 1970 2019 2026 Cor.
2065 1970 2120 2025 2.

552 2057 693 2128 i0);
728 2059 818 2115 ille
861 2075 988 2116 vero
1030 2076 1098 2116 ne
1129 2070 1338 2130 tempus
1381 2062 1594 2130 quidem
1643 2061 1828 2130 judicii
1879 2062 2122 2118 noverit?

545 2147 653 2203 Sed
702 2149 802 2204 scit
842 2157 896 2204 et
930 2150 1196 2220 quomodo
1235 2151 1474 2220 judicare
1521 2159 1767 2219 Oporteat
1805 2152 1822 2182 ⁸
1853 2159 1906 2207 et
1925 2165 2118 2206 arcana

549 2237 907 2307 singulorum;
940 2240 1079 2309 quod
1104 2250 1282 2294 autem
1324 2240 1478 2311 longe
1511 2240 1733 2295 inferius
1759 2251 1870 2306 eSt,
1901 2241 1953 2296 id
1979 2242 2120 2312 igno-

545 2337 757 2384 raturus
799 2331 952 2385 erat?
997 2331 1308 2398 Quomodo.
1342 2333 1386 2386 si
1433 2330 1617 2385 Omnia
1647 2348 1736 2402 per
1785 2332 1950 2402 ipsum
1985 2333 2121 2402 facta

543 2428 695 2486 sunt,
724 2429 774 2473 et
801 2421 910 2476 sine
934 2421 1046 2489 ipso
1070 2424 1261 2492 facturn
1286 2431 1361 2476 est
1403 2423 1535 2476 niltil
1564 2421 1743 2494 (Joan.
1788 2425 1839 2478 1.
1868 2424 1947 2493 5),
1976 2425 2118 2480 diem

545 2509 688 2564 illam
723 2511 1027 2581 ignoravit?
1057 2511 1184 2565 Nam
1208 2513 1297 2582 qui
1328 2513 1520 2568 sarcula
1565 2513 1691 2568 fecit
1710 2554 1726 2580 ,
1755 2530 1884 2570 sane
1909 2513 2036 2570 fecit
2066 2524 2121 2572 et

542 2610 815 2671 tempora;
866 2603 912 2657 si
961 2610 1195 2672 tempora
1221 2643 1236 2670 ,
1269 2605 1434 2658 etiam
1482 2603 1625 2659 diem
1655 2621 1669 2659 :
1699 2605 1966 2676 quomodo
1992 2621 2118 2677 ergo

539 2706 701 2761 quam
752 2692 874 2748 fecit
902 2693 1108 2763 ignorat
1124 2693 1148 2746 i

609 2779 662 2834 ἓ.
695 2781 760 2837 Et
783 2797 878 2837 vos
922 2783 1133 2852 quidem
1169 2783 1282 2852 ejus
1319 2798 1526 2854 quoque
1571 2786 1916 2842 substantiam
1948 2802 2109 2843 nosse

541 2871 716 2925 dicitis
738 2870 834 2944 (α).
863 2881 918 2926 et
943 2871 1129 2926 Filium
1156 2887 1326 2942 neque
1349 2872 1491 2928 diem
1523 2875 1660 2930 scire
1687 2876 1863 2940 vultis,
1897 2875 2108 2943 Filium,

537 2961 628 3030 qui
673 2975 883 3032 semper
906 2971 988 3017 est
1029 2961 1082 3017 in
1112 2962 1228 3017 sinu
1259 2963 1430 3018 Patris
1449 3006 1463 3027 ,
1495 2981 1812 3035 quamquam
1840 2968 2009 3036 major
2033 2977 2114 3024 est

538 3051 633 3104 illa
655 3051 946 3105 substantia
973 3067 1128 3120 quam
1158 3052 1274 3108 dies
1293 3094 1306 3116 ,
1337 3054 1445 3108 imo
1472 3054 1722 3110 inlinities
1751 3057 1938 3125 major.
1965 3056 2111 3124 Quo-

539 3141 699 3196 modo
725 3141 882 3212 igitur
902 3141 1024 3196 dum
1054 3143 1104 3198 id
1135 3144 1271 3213 quod
1297 3145 1468 3212 majus
1489 3155 1569 3200 est
1600 3147 1748 3202 vobis
1775 3148 2020 3236 tribuitis,
2045 3165 2113 3205 ne

535 3230 588 3286 id
628 3231 841 3300 quidem
878 3231 1020 3301 quod
1063 3235 1236 3288 minus
1276 3244 1360 3290 est
1404 3234 1538 3290 Filio
1565 3230 1893 3301 conceditis,
1922 3237 1987 3292 In
2016 3257 2113 3309 quo

533 3331 650 3377 sunt
674 3322 951 3377 absconditi
991 3341 1158 3380 omnes
1191 3327 1410 3380 thesauri
1445 3330 1706 3398 sapientia:
1730 3339 1777 3384 et
1816 3333 2113 3402 cognitionis

534 3414 674 3485 (Col.
699 3414 753 3469 2.
787 3419 839 3483 3)
857 3417 881 3468 i
901 3415 1005 3471 Sed
1033 3432 1204 3487 neque
1232 3433 1326 3473 vos
1353 3419 1501 3474 scitis
1520 3435 1637 3490 quae
1660 3422 1730 3476 sit
1757 3423 1846 3478 Dei
1869 3425 2116 3481 substan-

535 3508 604 3561 tia
624 3549 638 3571 .
669 3509 874 3564 etiamsi
903 3508 1096 3565 millies
1131 3508 1181 3564 id
1222 3510 1404 3565 insane
1425 3510 1720 3579 aﬂinnetis,
1753 3530 1924 3586 neque
1949 3517 2113 3575 Filius

534 3599 676 3654 diem
705 3600 930 3671 ignorat,
959 3600 1052 3655 sed
1082 3600 1246 3670 probe
1275 3600 1422 3656 novit
1448 3601 1610 3657 illam.
1636 3604 1760 3660 ideo
1784 3621 1906 3662 cum
1934 3611 2109 3665 omnia

532 3691 772 3757 dixisset,
803 3701 858 3749 et
881 3700 1152 3761 tempora,
1181 3701 1234 3748 et
1259 3702 1548 3760 momenta,
1580 3705 1634 3751 et
1661 3697 1725 3752 ad
1758 3699 1898 3768 ipsas
1921 3699 2110 3770 januas

531 3781 770 3837 duxisset
803 3781 959 3852 (nam
987 3783 1061 3838 ait
1086 3823 1103 3850 ,
1133 3780 1302 3854 Prope
1322 3793 1394 3838 est
1417 3784 1468 3839 in
1481 3784 1692 3859 januis)
1713 3829 1728 3854 ,
1756 3787 1896 3843 diem
1925 3793 2104 3846 tacuit.

532 3870 662 3926 Nam
689 3871 731 3925 si
757 3871 897 3926 diem
927 3883 980 3928 et
1005 3871 1190 3926 horam
1219 3888 1450 3941 quaeras,
1484 3891 1588 3929 non
1624 3876 1808 3933 audies
1831 3893 1861 3934 a
1893 3895 1997 3943 me,
2029 3882 2109 3936 in-

531 3963 684 4032 quit;
716 3963 796 4015 sin
828 3971 1062 4031 tempora
1091 3970 1144 4018 et
1181 3963 1324 4017 initia
1349 4004 1365 4030 ,
1399 3965 1529 4019 nihil
1553 3967 1741 4023 celabo
1763 4009 1779 4032 ,
1811 3970 1903 4026 sed
1930 3974 2108 4028 omnia

532 4055 624 4107 tibi
671 4061 916 4108 accurate
951 4053 1145 4109 dicam.
1183 4055 1334 4121 Quod
1386 4058 1528 4114 enim
1569 4077 1676 4115 non
1721 4063 1956 4132 ignorem
1996 4067 2105 4136 jam

532 4143 714 4198 multis
737 4143 965 4211 ostendi,
992 4146 1158 4211 spatia
1187 4154 1483 4215 temporum
1514 4158 1565 4204 ct
1586 4166 1704 4220 qute
1734 4163 1957 4211 ventura
1983 4167 2108 4214 sunt

529 4233 708 4286 «nimia
738 4232 844 4287 disi
871 4274 885 4298 ,
908 4236 1173 4304 etiamque
1211 4246 1465 4304 quantum
1507 4240 1578 4295 sit
1615 4243 1879 4300 interstitii
1910 4248 1977 4301 ab
2007 4248 2108 4306 hoc

528 4333 769 4391 tempore
793 4338 958 4393 usque
977 4324 1042 4379 ad
1064 4325 1204 4380 diem
1228 4326 1394 4383 illam.
1416 4329 1527 4386 iloc
1543 4332 1684 4386 enim
1707 4335 1954 4402 parabola
1976 4339 2106 4396 licus

527 4413 832 4478 declaravit,
861 4422 917 4468 et
946 4430 1110 4484 usque
1136 4416 1201 4469 ad
1234 4418 1345 4485 ipsa
1374 4419 1553 4475 limina
1577 4430 1629 4476 te
1654 4424 1870 4491 adduxi;
1899 4423 2037 4498 quod
2060 4431 2106 4486 si

521 4503 711 4573 januas
739 4516 842 4557 non
869 4502 962 4558 tibi
985 4506 1188 4572 aperui,
1207 4506 1308 4561 hoc
1327 4524 1536 4578 quoque
1561 4512 1629 4566 ad
1657 4514 1936 4571 utilitatem
1960 4529 2102 4575 tuam
2141 4563 2144 4566 .

531 4593 686 4648 facio.
711 4593 780 4650 Ut
802 4610 928 4650 vero
951 4595 1164 4652 aliunde
1187 4596 1382 4662 discas.
1409 4615 1513 4655 non
1540 4617 1604 4657 ex
1638 4605 1931 4673 ignorantia
1962 4610 2103 4667 illius

519 4700 646 4741 esse
674 4685 815 4754 quod
843 4687 1015 4753 sileat,
1037 4687 1155 4743 vide
1179 4690 1448 4758 quomodo
1472 4705 1593 4746 cum
1618 4696 1933 4765 supradictis
1959 4701 2101 4757 aliud

521 4789 735 4844 quoque
763 4775 968 4844 signum
994 4776 1224 4844 adjiciat.
1249 4780 1337 4835 38.
1372 4782 1515 4836 Sicut
1540 4795 1708 4838 autem
1746 4799 1887 4843 erant
1915 4791 1966 4844 in
1995 4793 2103 4848 die-

522 4863 612 4917 bus
652 4862 766 4918 Noe
811 4865 1124 4922 comedentes
1176 4878 1224 4922 et
1275 4869 1490 4926 bibentes
1513 4915 1528 4937 ,
1565 4875 1802 4932 nubentes
1837 4889 1886 4933 et
1921 4885 2103 4952 nuptus'

520 4953 804 5017 tradentes,
836 4956 1086 5026 usquead
1112 4956 1243 5012 diem
1266 4997 1285 5024 ,
1303 4975 1401 5030 qua
1429 4962 1678 5034 ingressus
1697 4977 1771 5022 est
1799 4969 1912 5025 Noe
1935 4973 1986 5026 in
2015 4991 2100 5027 ar-

519 5060 631 5098 cam
649 5083 670 5111 ,
689 5044 778 5099 39.
812 5054 857 5098 et
880 5062 982 5102 non
1009 5060 1345 5118 cognoverunt
1364 5092 1378 5115 ,
1405 5052 1563 5109 donec
1583 5059 1712 5112 venit
1742 5060 1983 5116 diluvium
2002 5105 2017 5127 ,
2048 5074 2097 5119 et

516 5134 721 5187 abstulit
747 5151 916 5190 omnes
937 5152 956 5190 :
976 5138 1048 5192 sic
1084 5139 1177 5194 erit
1217 5147 1264 5194 et
1298 5141 1538 5198 adventus
1567 5144 1694 5202 Filii
1729 5151 1966 5208 hominis.
2002 5154 2095 5213 His

515 5236 678 5292 porro
701 5226 989 5283 declaravit
1010 5245 1069 5285 se
1089 5241 1308 5302 repente
1322 5243 1378 5289 et
1401 5250 1506 5290 non
1522 5251 1879 5309 exspectatum
1900 5260 2092 5304 ventu-

513 5333 636 5375 rum
663 5329 780 5374 esse
801 5360 818 5385 ,
848 5318 973 5374 dum
1001 5323 1150 5378 multi
1185 5324 1235 5378 in
1260 5323 1468 5382 deliciis
1497 5340 1672 5385 emnt.
1700 5332 1851 5399 Quod
1881 5348 1932 5394 et
1957 5339 2093 5396 Pau-

583 5496 600 5568 ξ
626 5502 770 5568 titius,
795 5501 841 5568 et
861 5499 1093 5568 quomodo
1114 5499 1388 5568 diiudicare
1409 5513 1639 5568 oporteat.

576 5556 1181 5641 SQEI'EPI‘PL'EQ‘LPESE
1212 5556 1773 5641 flib'eaésireﬂvev!
1808 5573 2084 5641 Αοοιιεφοε.

516 5607 604 5698 qui
944 5607 1773 5698 igériddé'uoiié'stiﬁuhilaé'
1791 5607 2089 5698 £55133

515 5677 622 5741 iisc-
638 5677 767 5730 illam
783 5677 1003 5732 noverat.

1342 323 1398 380 8.
1437 317 1712 378 JOANNIS
1747 312 2220 375 CHRYSOSTOMI
2259 314 2575 376 ARCHIEP.
2615 321 3146 382 CONSTANTINOP.

3723 328 3826 387 704

2237 429 2316 488 lus
2353 433 2432 490 sic
2471 432 2751 506 descripsit
2777 453 2796 491 :
2825 437 2949 492 Cum
2987 455 3159 508 pacem
3189 438 3363 493 dicunt
3387 448 3434 494 et
3462 441 3781 497 seatritatem
3800 485 3816 509 ,

2238 538 2356 583 tunc
2384 529 2670 600 repentinus
2689 532 2841 587 instat
2867 535 3093 588 interitus
3114 537 3191 603 (i.
3219 532 3395 589 Thess.
3418 536 3468 591 5.
3501 535 3592 605 δι)
3616 553 3631 601 ;
3660 553 3824 606 quant

2236 617 2654 689 inexspectatum
2681 622 2955 678 declarans
2981 623 3191 679 dicebat
3215 643 3228 679 :
3254 624 3396 679 Sicut
3427 626 3576 679 dolor
3600 628 3652 679 in
3680 637 3827 679 utero

2235 710 2456 765 habenti.
2483 712 2762 780 Quomodo
2790 731 2916 785 ergo
2943 716 3110 780 dicit,
3143 716 3265 770 Post
3292 719 3668 771 tribulationem
3709 720 3823 772 die-

2234 818 2347 855 rum
2373 803 2574 856 illorum
2605 803 2817 875 (Matth.
2840 806 2932 862 ει.
2952 807 3087 877 29)?
3117 808 3243 862 Nam
3279 809 3322 862 si
3351 808 3574 877 deliciae,
3606 820 3662 865 et
3695 827 3820 881 pax.

2232 900 2288 945 et
2311 894 2585 958 securitas,
2615 905 2671 947 ut
2698 896 2825 950 dicit
2854 895 3068 964 Paulus,
3096 900 3364 967 quomodo
3393 900 3538 962 dicit.
3573 900 3702 955 Post
3724 903 3814 955 tri-

2232 974 2535 1030 bulationem
2565 979 2758 1033 dierum
2782 980 3023 1036 illorum?
3049 981 3103 1037 Si
3133 984 3339 1038 deliciae
3362 1025 3376 1050 ,
3405 987 3675 1054 quomodo
3721 989 3826 1042 tri-

2231 1064 2470 1120 buiatio?
2502 1067 2713 1122 Delicias
2738 1081 2793 1123 et
2820 1085 2918 1139 pax
2947 1082 3067 1126 sunt
3096 1073 3160 1128 iis
3187 1074 3275 1144 qui
3319 1076 3465 1129 nullo
3499 1091 3662 1132 sensu
3691 1087 3829 1134 sunt

2231 1154 2425 1209 allecti.
2454 1155 2740 1228 Propterea
2773 1175 2878 1215 non
2903 1161 3034 1217 dixit
3060 1205 3073 1226 ,
3104 1165 3327 1232 Quando
3371 1181 3471 1236 pax
3512 1169 3615 1222 erit
3637 1208 3654 1233 ,
3683 1169 3782 1223 sed
3803 1211 3820 1236 ,

2235 1244 2448 1312 Quando
2489 1264 2662 1316 pacem
2686 1260 2731 1304 et
2755 1263 3071 1308 securitatem
3102 1256 3288 1321 dicent,
3318 1258 3662 1314 stoliditatem
3697 1262 3822 1317 illo-

2230 1351 2346 1390 rum
2377 1338 2698 1404 ostendens;
2723 1341 2860 1396 sicut
2890 1344 2964 1397 illi
2993 1345 3045 1398 in
3076 1355 3314 1416 tempore
3332 1346 3464 1408 Noe.
3498 1351 3588 1418 qui
3616 1351 3668 1404 in
3698 1360 3825 1405 tan-

2231 1425 2298 1480 tis
2323 1426 2495 1493 malis,
2526 1427 2731 1485 deliciis
2756 1446 2972 1502 operam
3005 1434 3199 1490 dabant
3228 1456 3240 1491 :
3265 1446 3318 1490 at
3345 1453 3448 1492 non
3478 1439 3603 1494 item
3631 1440 3764 1505 justi
3798 1481 3815 1509 ,

2228 1517 2319 1586 qui
2360 1517 2413 1572 in
2455 1522 2709 1575 aerumnis
2738 1531 2794 1577 et
2824 1538 3053 1580 monere
3078 1526 3447 1594 versabantur.
3479 1529 3616 1585 llinc
3647 1532 3818 1600 signi-

2229 1608 2435 1675 licatur,
2461 1610 2779 1669 adveniente
2808 1615 3155 1682 Antichristo,
3185 1619 3396 1688 iniquos
3426 1630 3479 1674 et
3503 1635 3598 1676 eos
3627 1624 3716 1692 qui
3743 1623 3818 1679 de

2227 1699 2400 1755 salute
2425 1715 2521 1756 sua
2547 1702 2938 1779 desperabunt,
2955 1709 3195 1778 turpibus
3221 1709 3579 1779 voluptatibus
3612 1728 3670 1767 se
3696 1728 3820 1768 am-

2228 1789 2365 1857 plius
2389 1789 2662 1847 dedituros
2691 1808 2834 1849 esse.
2863 1794 3011 1852 Tunc
3041 1798 3320 1867 ingluvies,
3347 1792 3770 1857 comessationes
3794 1844 3813 1869 ,

2227 1881 2539 1938 ebrietates.
2589 1885 2924 1957 Quapropter
2975 1891 3220 1958 exemplo
3268 1891 3431 1946 utitur
3469 1896 3812 1964 congruenti.

2224 1967 2356 2023 Nam
2382 1973 2827 2040 quemadmodum
2846 1991 2968 2031 cum
2987 1993 3109 2034 arca
3137 1978 3302 2045 ﬁeret,
3339 1997 3444 2036 non
3475 1984 3769 2041 credebant
3793 2029 3810 2051 ,

2224 2060 2434 2131 inquit,
2468 2062 2563 2118 sed
2610 2064 2733 2119 licet
2778 2082 2901 2122 arca
2950 2068 3002 2122 in
3032 2070 3208 2126 medio
3249 2073 3415 2141 posita
3448 2072 3623 2129 futura
3666 2078 3810 2134 maia

2225 2156 2638 2221 praenuntiant,
2675 2158 2749 2211 illi
2777 2159 3016 2216 videntes
3053 2177 3170 2217 eam
3201 2205 3216 2230 ,
3259 2166 3326 2220 ita
3374 2167 3765 2224 deliciabantur
3789 2213 3808 2239 ,

2223 2245 2372 2314 quasi
2403 2245 2536 2301 nihil
2567 2249 2689 2302 mali
2718 2248 2949 2306 futurum
2978 2263 3120 2309 esset
3145 2273 3157 2307 :
3183 2256 3261 2310 sic
3289 2266 3340 2313 et
3366 2274 3507 2314 nunc
3533 2261 3812 2317 Antichri~

2223 2344 2337 2392 stus
2362 2341 2666 2409 apparebit,
2695 2355 2813 2413 post
2840 2362 2995 2414 quem
3021 2351 3408 2406 consummatio
3426 2394 3439 2413 .
3468 2361 3525 2408 et
3551 2369 3724 2423 poenae
3752 2358 3808 2413 in

2222 2434 2680 2489 consummatione
2733 2435 2962 2503 futuras,
3013 2439 3268 2509 supplicia
3313 2442 3670 2503 intoleranda.
3726 2447 3806 2505 Illi

2223 2537 2382 2588 vero,
2406 2526 2493 2594 qui
2532 2529 2782 2596 nequitiae
2822 2529 3079 2587 ebrietate
3115 2535 3253 2602 capti
3284 2547 3440 2590 erunt
3461 2576 3478 2600 ,
3505 2553 3574 2593 ne
3598 2551 3805 2595 metum

2219 2614 2435 2682 quidem
2475 2616 2772 2673 futurorum
2821 2622 3069 2677 sentient.
3098 2624 3223 2679 ideo
3264 2625 3339 2681 ait
3372 2627 3602 2685 Paulus:
3639 2629 3808 2686 Veluti

2217 2703 2365 2755 dolor
2387 2705 2440 2758 in
2465 2715 2607 2761 utero
2631 2709 2833 2763 habenti
2855 2708 2930 2783 (i.
2954 2711 3131 2768 Thess.
3148 2715 3200 2771 5.
3220 2716 3300 2788 5),
3319 2717 3396 2772 sic
3411 2718 3518 2774 illis
3540 2721 3804 2777 terribilia

2218 2802 2272 2849 et
2297 2795 2628 2854 intoleranda
2654 2800 2899 2858 aderunt.
2925 2805 3034 2860 Cur
3055 2815 3231 2863 autem
3260 2806 3614 2867 Sodomorum
3658 2815 3803 2870 mala

2217 2900 2324 2940 non
2349 2886 2520 2943 dixit?
2544 2889 2856 2949 Universale
2883 2896 3096 2951 volebat
3123 2901 3426 2971 exemplum
3455 2917 3762 2973 proponere
3782 2949 3800 2970 .

2215 2977 2356 3046 quod
2405 2991 2682 3051 postquam
2731 2986 3038 3054 praedictum
3082 2987 3256 3046 fuerat
3297 3007 3404 3048 non
3453 2995 3801 3055 credebatur.

2217 3065 2421 3124 Idcirco
2440 3071 2562 3140 quia
2589 3074 2827 3146 plerique
2847 3078 3022 3133 futura
3052 3095 3156 3136 non
3185 3081 3427 3152 credunt,
3461 3100 3524 3140 ex
3561 3089 3806 3156 prasteri-

2218 3158 2285 3214 tis
2322 3159 2433 3230 ipsa
2474 3162 2787 3232 conﬁrmat,
2811 3170 3151 3241 animumque
3191 3174 3424 3243 ipsorum
3468 3191 3802 3239 commovet.

2216 3248 2295 3303 Ad
2335 3251 2447 3307 hac
2482 3253 2608 3309 illud
2634 3257 2794 3313 etiam
2837 3261 3132 3318 ostenditur
3160 3283 3174 3320 :
3201 3265 3371 3335 ipsum
3400 3283 3593 3340 nempe
3619 3273 3800 3341 priora

2215 3358 2428 3412 quoque
2480 3344 2672 3404 fecisse
2695 3349 2734 3402 ⁸.
2763 3351 2888 3406 Post
2927 3351 3041 3408 haec
3085 3355 3228 3412 aliud
3265 3359 3472 3429 signum
3518 3364 3797 3432 ostendit,

2214 3433 2402 3499 quibus
2431 3436 2676 3492 omnibus
2705 3439 2869 3510 signis
2905 3443 3156 3512 probatur
3181 3448 3351 3518 ipsum
3382 3467 3486 3506 non
3518 3453 3800 3525 ignorasse

2214 3522 2354 3578 diem
2371 3525 2533 3581 illam.
2549 3528 2701 3597 Quod
2722 3543 2895 3589 autem
2912 3546 2995 3591 est
3013 3537 3256 3609 signum?
3270 3543 3358 3598 40.
3381 3543 3521 3600 Tunc
3536 3522 3637 3602 duo
3652 3561 3800 3605 erunt

2212 3613 2265 3667 in
2293 3632 2414 3686 agro
2435 3658 2449 3681 ,
2479 3635 2609 3675 unus
2635 3635 2948 3693 assumetur,
2973 3637 3018 3682 et
3041 3629 3169 3684 alter
3195 3633 3501 3703 relinquetur
3521 3653 3541 3691 :
3560 3638 3650 3692 41.
3681 3641 3799 3697 dna

2212 3710 2452 3764 molentes
2491 3712 2544 3767 in
2578 3713 2742 3781 mola,
2776 3733 2878 3772 una
2904 3732 3217 3790 assumetur,
3246 3735 3292 3779 et
3331 3744 3436 3781 una
3462 3730 3791 3801 relinquetur.

2211 3800 2301 3855 42.
2344 3801 2555 3874 Vigilate
2577 3822 2714 3878 ergo,
2737 3810 2855 3878 quia
2880 3814 3077 3868 nescitis
3096 3831 3196 3882 qua
3216 3817 3341 3872 hora
3369 3800 3617 3877 Dominus
3636 3835 3798 3881 vester

2211 3903 2444 3950 venturus
2472 3899 2554 3950 sit.
2596 3899 2719 3954 Haec
2755 3903 2929 3958 omnia
2959 3918 3273 3975 argumento
3307 3920 3431 3967 sunt
3474 3914 3646 3983 ipsum
3686 3934 3795 3975 non

2214 3984 2460 4054 ignorare
2483 4031 2498 4052 ,
2538 3989 2932 4066 discipulosque
2973 3999 3041 4052 ab
3078 4000 3457 4074 interrogando
3494 4006 3792 4068 deterrere.

2214 4074 2335 4131 ideo
2365 4080 2496 4134 dixit
2534 4093 2588 4138 et
2625 4083 2738 4140 dies
2765 4086 2896 4154 Noe,
2927 4101 3002 4157 et,
3029 4090 3148 4147 Duo
3176 4094 3230 4148 in
3265 4112 3387 4167 agro
3408 4099 3450 4165 ³,
3477 4103 3790 4173 ostendens,

2214 4165 2381 4236 ipsum
2404 4172 2480 4225 sic
2506 4172 2943 4247 inexspectatum,
2973 4182 3075 4236 illis
3097 4183 3227 4238 nihil
3250 4165 3576 4257 curantibus,
3603 4205 3793 4249 ventu-

2211 4274 2325 4313 rum
2357 4277 2512 4327 esse;
2550 4277 2630 4333 et,
2674 4269 2804 4324 Duce
2845 4274 3112 4342 molentes,
3144 4277 3195 4330 id
3225 4279 3365 4347 quod
3393 4281 3550 4336 etiam
3589 4286 3790 4361 nullam

2210 4353 2618 4414 sollicitudinem
2649 4361 2878 4418 exhibet.
2909 4364 2988 4420 Ad
3017 4367 3148 4430 haec,
3174 4370 3313 4439 quod
3341 4380 3395 4426 et
3421 4375 3582 4436 servi.
3614 4389 3669 4432 et
3695 4353 3791 4433 dci-

2210 4446 2360 4512 miui,
2392 4457 2804 4507 et‘assumantur
2831 4464 2883 4509 et
2912 4456 3314 4528 relinquantur;
3343 4466 3429 4533 qui
3459 4464 3511 4518 in
3537 4467 3670 4532 otio,
3699 4471 3790 4540 qui

2211 4534 2261 4587 in
2290 4535 2492 4603 labore,
2519 4556 2582 4594 ex
2609 4541 2707 4597 hac
2734 4553 2788 4598 et
2814 4560 2878 4600 ex
2907 4548 3010 4602 alia
3039 4548 3292 4618 dignitate
3321 4571 3334 4608 :
3361 4554 3499 4608 sicut
3527 4557 3578 4612 in
3609 4534 3793 4618 Veteri

2206 4639 2417 4694 quoque
2455 4627 2725 4699 Scriptura
2750 4633 2964 4701 dicitur,
2998 4639 3042 4691 Α
3078 4640 3279 4694 sedente
3302 4643 3353 4696 in
3383 4645 3511 4699 solio
3538 4663 3694 4719 usque
3722 4653 3792 4706 ad

2205 4718 2452 4786 captivam
2478 4737 2591 4790 qua
2618 4723 2671 4777 in
2705 4727 2838 4779 mola
2870 4737 2941 4782 est
2969 4729 3178 4799 (Exod.
3219 4733 3306 4788 ll.
3348 4734 3381 4789 5
3481 4737 3612 4806 Quia
3643 4743 3792 4800 enim

2205 4808 2354 4872 dixit,
2385 4810 2576 4869 divites
2599 4816 2816 4874 dililcile
2843 4821 3019 4876 salvos
3048 4823 3183 4892 ﬁeri,
3205 4828 3457 4894 ostendit,
3490 4846 3664 4902 neque
3690 4833 3790 4892 bos

2204 4913 2388 4955 omnes
2414 4905 2673 4970 perituros
2700 4923 2840 4977 esse,
2869 4926 3040 4983 neque
3064 4929 3323 4986 pauperes
3349 4920 3536 4977 omnes
3560 4925 3790 4983 salutent

2201 5005 2655 5064 consequuturos,
2700 5001 2793 5055 sed
2840 5018 2908 5058 ex
2954 5006 3192 5078 utrisque
3233 5011 3491 5080 quosdam
3540 5019 3791 5085 servari,

2201 5082 2456 5150 quosdam
2499 5088 2692 5155 perire.
2729 5091 2944 5148 Videtur
2977 5106 3154 5151 autem
3199 5099 3328 5155 mibi
3363 5103 3664 5172 signiﬁcare
3693 5082 3790 5163 ad;

2199 5185 2412 5230 ventum
2443 5178 2492 5231 in
2515 5190 2668 5235 nocte
2690 5181 2919 5238 futurum
2941 5201 3080 5242 esse.
3107 5187 3238 5244 Illud
3260 5191 3402 5247 enim
3429 5196 3586 5250 etiam
3611 5196 3787 5256 Lucas

2199 5265 2347 5337 (Cap.
2379 5269 2464 5323 l7.
2497 5271 2599 5343 δι)
2639 5271 2788 5327 dicit.
2818 5272 3002 5331 Viden‘
3039 5281 3306 5349 quomodo
3329 5283 3506 5340 omnia
3529 5301 3786 5345 accurate

2199 5361 2386 5416 novit?
2423 5363 2650 5432 Deinde,
2684 5383 2751 5424 ne
2779 5369 3187 5443 interrogarent,
3212 5374 3484 5447 subjunxit
3513 5397 3527 5434 :
3565 5377 3788 5452 Vigilate

2258 5580 2277 5654 ξ
2303 5580 2473 5654 itere],
2492 5584 2638 5645 addit,
2663 5593 2709 5637 et
2724 5600 2833 5652 qtae
2848 5589 3013 5654 futura
3033 5597 3159 5646 sunt.

2257 5643 2715 5727 :saLvilLln‘_teuttt,
2956 5643 3091 5716 lecto,
3117 5643 3170 5708 et
3185 5656 3256 5709 sic
3277 5662 3593 5727 liis-plurimi
3617 5661 3770 5717 llorci

2198 5711 2251 5755 et
2267 5705 2406 5756 savii.
2430 5709 2480 5758 in
2503 5705 2742 5774 margine,
2766 5711 2864 5763 duo
2882 5713 2935 5766 in
2953 5705 3089 5780 agro:
