4074 6470
356 447 464 502 705

357 579 498 636 ergo,
525 563 642 633 quia
663 561 862 616 nescitis
886 573 984 628 qua
1011 561 1133 609 hora
1155 553 1398 607 Dominus
1412 559 1570 606 vester
1596 557 1836 602 venturus
1861 544 1947 636 sit.

356 631 476 710 Non
506 631 660 718 dixit,
689 649 901 711 Nescio,
935 647 1052 713 sed,
1088 643 1327 700 Nescitis.
1355 641 1488 696 Cum
1529 639 1671 694 enim
1704 637 1848 705 ipsos
1886 631 1950 688 ad

354 742 505 798 illam
537 757 672 813 pene
701 740 886 794 horam
914 737 1222 792 deduxith
1250 741 1324 788 eL
1341 729 1704 785 constituisset
1723 766 1736 788 ,
1769 736 1952 777 rursus

353 833 425 888 ab
454 831 830 903 interrogando
858 837 1067 893 avocat,
1095 824 1236 896 quod
1263 823 1392 879 velit
1418 823 1564 891 ipsos
1591 831 1804 886 semper
1831 829 1951 870 esse

352 925 634 980 sollicitos.
679 924 966 993 Proliterca
996 918 1146 982 dicit,
1187 915 1420 987 Vigilate,
1448 912 1737 967 ostendens
1766 925 1825 965 se
1853 908 1952 964 hac

353 1013 425 1070 de
450 1027 614 1068 causa
641 1014 825 1070 dicere
847 1011 1104 1067 noluisse.
1132 1009 1220 1064 45.
1247 1006 1388 1060 Illud
1409 1014 1576 1058 autem
1601 1004 1796 1069 scitote,
1820 1018 1950 1072 quo-

352 1108 495 1160 niam
520 1107 564 1160 si
591 1108 740 1161 sciret
765 1102 1130 1175 paterfamilias
1148 1116 1248 1168 qua
1272 1099 1398 1152 Itora
1425 1100 1509 1168 fur
1535 1106 1777 1150 venturus
1799 1103 1961 1172 esset,

353 1197 590 1266 vigilaret
615 1198 804 1265 utique,
827 1203 874 1249 et
893 1211 994 1248 non
1015 1195 1197 1246 sineret
1220 1189 1420 1262 perfodi
1440 1189 1474 1242 d
1491 1203 1647 1241 unum
1669 1202 1833 1239 suam.
1858 1185 1947 1238 Η.

355 1287 487 1342 Ideo
525 1297 572 1340 et
613 1303 699 1341 vos
740 1295 894 1340 estote
924 1284 1124 1354 parati,
1155 1282 1274 1352 quia
1299 1295 1398 1348 qua
1427 1279 1553 1332 hora
1585 1293 1686 1331 non
1719 1276 1908 1344 putatis
1931 1317 1949 1341 ,

354 1378 528 1433 Filius
558 1379 774 1433 hominis
811 1379 990 1432 veniet.
1023 1377 1308 1444 Pr0pterea
1343 1373 1508 1437 dicit,
1539 1371 1652 1438 Qua
1683 1370 1811 1425 hora
1841 1385 1950 1424 non

354 1471 680 1538 exspectatis
706 1470 878 1524 veniet
904 1510 918 1530 ,
950 1476 1009 1521 ut
1036 1466 1293 1521 sollicitos
1319 1462 1506 1518 reddat
1532 1472 1588 1516 et
1617 1461 1826 1516 virtutis
1854 1476 1949 1516 co-

354 1558 528 1614 lendis
559 1559 845 1614 studiosos.
876 1556 1008 1612 Illud
1035 1566 1210 1610 autem
1237 1555 1338 1610 sibi
1368 1554 1501 1618 vult,
1527 1551 1580 1608 Si
1611 1553 1810 1608 scirent
1839 1551 1951 1620 ple-

354 1649 510 1719 rique
541 1649 784 1704 homines
811 1648 1148 1720 quandonam
1177 1649 1284 1702 sint
1310 1646 1588 1713 morituri,
1617 1646 1947 1717 diligentiam

351 1754 505 1795 suam
532 1742 672 1794 circa
705 1739 847 1793 illam
868 1740 1058 1796 horam
1085 1739 1102 1769 ί
1130 1738 1474 1795 exhiberent.

425 1832 477 1886 5.
515 1829 616 1884 Cur
637 1827 868 1885 Christus
889 1830 1003 1883 vita
1021 1829 1264 1897 cujusque
1283 1828 1434 1895 ﬁnem
1456 1826 1702 1880 incertum
1722 1825 1946 1896 reliquit.

350 1950 421 1961 —
451 1919 529 1976 Ne
558 1920 718 1990 igitur
744 1919 814 1975 de
841 1920 928 1975 illa
957 1920 1068 1973 sola
1107 1917 1319 1975 solliciti
1355 1924 1534 1971 essent
1554 1957 1570 1982 ,
1601 1931 1772 1986 neque
1796 1930 1947 1971 com-

350 2026 570 2065 munem
594 2011 735 2064 illam
758 2011 920 2075 diem,
947 2025 1120 2079 neque
1144 2008 1404 2077 cujusque
1425 2006 1610 2060 horam
1631 2006 1943 2070 declaravit,

350 2114 406 2158 ut
435 2119 652 2172 semper
677 2104 822 2158 illam
851 2112 1245 2172 exspectarent,
1274 2113 1592 2176 semperque
1618 2097 1808 2153 eodem
1834 2107 1948 2153 stu-

345 2194 440 2249 dio
479 2204 822 2260 tenerentur;
866 2193 986 2247 ideo
1025 2194 1283 2260 cujusque
1320 2190 1443 2244 vita:
1482 2188 1642 2243 linem
1682 2189 1943 2244 incertum

346 2284 584 2354 reliquit.
616 2283 813 2337 Deinde
837 2291 1024 2352 aperte
1048 2297 1105 2334 se
1130 2280 1408 2334 Dominum
1437 2287 1607 2340 vocat.
1633 2292 1806 2348 neque
1827 2295 1946 2333 ulu-

343 2392 506 2447 quam
537 2376 608 2431 ita
638 2377 781 2430 clare
809 2375 1038 2430 dixerat.
1068 2373 1164 2427 llic
1193 2380 1371 2426 autem
1401 2370 1611 2425 videtur
1638 2371 1768 2425 mihi
1798 2371 1943 2426 desi-

343 2469 443 2524 des
465 2483 706 2538 carpere,
737 2467 827 2537 qui
857 2480 961 2520 non
989 2475 1189 2518 tantam
1226 2461 1483 2519 adhibent
1511 2462 1703 2516 animae
1733 2463 1944 2518 tuenda

343 2574 550 2621 curam,
573 2567 826 2629 quantam
850 2557 992 2612 circa
1025 2555 1276 2625 pecunias
1301 2561 1601 2608 monstrant
1622 2553 1654 2607 ii
1681 2555 1768 2623 qui
1795 2552 1945 2609 fures

344 2658 613 2706 metuunt.
641 2647 774 2702 Nam
803 2647 853 2700 hi
885 2647 927 2700 si
961 2646 1079 2700 illos
1105 2653 1455 2714 exspectent,
1495 2644 1748 2714 vigilant,
1780 2645 1940 2700 nihil-

343 2755 452 2812 que
471 2756 534 2796 ex
560 2739 850 2795 reconditis
868 2739 1049 2792 sinunt
1072 2736 1267 2791 auferri
1295 2755 1308 2792 :
1330 2751 1428 2791 vos
1447 2745 1647 2802 autem,
1669 2737 1767 2791 etsi
1792 2749 1942 2792 certo

340 2832 529 2887 sciatis
555 2841 836 2886 venturum
866 2829 1015 2884 illum
1042 2843 1182 2895 esse,
1209 2843 1316 2882 non
1347 2827 1593 2898 vigilatis,
1625 2828 1813 2898 inquit,
1843 2844 1943 2885 nec

341 2923 516 2992 parati
563 2922 727 2986 estis,
769 2936 838 2975 ne
886 2919 1002 2974 sine
1040 2919 1428 2990 prteparatione
1473 2921 1596 2973 hinc
1629 2918 1938 2977 discedatis.

341 3017 680 3086 Quapropter
697 3028 820 3069 cum
843 3012 1078 3084 pernicie
1096 3012 1474 3066 dormientium
1493 3010 1610 3067 dies
1631 3012 1720 3066 ille
1741 3012 1936 3067 veniet.

341 3105 804 3173 Quemadmodum
836 3106 978 3159 enim
1007 3105 1095 3158 ille
1122 3103 1167 3157 si
1195 3103 1358 3159 sciret
1384 3102 1504 3158 lurti
1536 3111 1779 3174 tempus,
1809 3105 1936 3160 illud

340 3197 534 3251 vitaret
561 3213 574 3248 :
603 3197 680 3250 sic
709 3205 763 3250 et
788 3209 916 3262 vos,
945 3195 988 3251 si
1021 3194 1187 3265 parati
1218 3194 1409 3248 essetis
1428 3235 1442 3258 ,
1472 3194 1793 3264 eﬂ'ugeretis.
1833 3196 1936 3251 Dc-

338 3287 464 3343 inde
485 3289 606 3357 quia
631 3287 814 3357 judicii
843 3287 1170 3340 meutiooem
1196 3285 1340 3348 fecit,
1366 3285 1430 3338 ad
1453 3284 1700 3341 doctores
1720 3285 1935 3341 demum

338 3391 643 3432 sermonem
665 3378 948 3442 convertit,
971 3391 1034 3430 ac
1055 3377 1121 3430 de
1146 3375 1419 3445 suppliciis
1442 3385 1494 3429 et
1519 3377 1754 3446 pra-uuis
1777 3377 1934 3432 verba

337 3469 484 3534 facit,
511 3479 567 3523 et
593 3482 714 3524 cum
746 3470 917 3539 primo
945 3469 1113 3523 bonos
1139 3475 1507 3530 memorasset,
1540 3467 1590 3520 iu
1623 3479 1935 3536 peccatores

334 3559 554 3622 desinit,
582 3573 646 3613 ac
671 3561 917 3614 timorem
951 3560 1212 3614 incutiens
1233 3561 1252 3589 ²
1284 3559 1444 3613 tinem
1475 3558 1684 3612 dicendi
1714 3559 1858 3612 facit.

419 3649 591 3705 Verbis
618 3649 806 3704 Christi
832 3650 1024 3715 Deique
1048 3651 1100 3704 in
1130 3650 1352 3703 medium
1377 3649 1630 3716 adductis,
1658 3667 1770 3721 qua
1789 3653 1933 3720 igno-

333 3742 556 3795 rantiam
599 3759 811 3812 arguere
860 3741 1090 3796 uidentur
1108 3756 1127 3805 ,°
1171 3741 1454 3811 explicatur
1489 3758 1645 3810 quare
1683 3745 1756 3796 sic
1795 3742 1933 3798 Deus

331 3833 608 3887 identidem
629 3834 696 3887 sit
719 3833 936 3887 locutus.
963 3861 1032 3872 --
1058 3832 1256 3887 Idcirco
1289 3833 1458 3901 primo
1483 3832 1613 3886 dicit
1645 3850 1658 3885 :
1686 3833 1776 3888 ιδ.
1805 3833 1932 3901 Quis

332 3940 453 3993 ergo
479 3934 550 3978 est
579 3923 745 3992 ﬁdelis
773 3939 945 3977 servus
974 3932 1018 3976 et
1058 3923 1311 3991 prudens,
1341 3937 1486 3990 quem
1524 3923 1781 3976 constituit
1829 3924 1933 3978 Do-

334 4018 501 4072 minus
530 4017 640 4086 ejus
666 4032 818 4086 super
853 4016 1103 4085 familiam
1139 4030 1286 4069 suam
1311 4055 1326 4080 ,
1354 4024 1408 4068 ut
1433 4016 1516 4069 det
1549 4014 1655 4068 illis
1683 4015 1850 4068 cibum
1874 4016 1930 4068 in

331 4120 557 4179 tempore
575 4109 603 4164 7
630 4109 719 4163 ω.
749 4107 940 4162 Beatus
967 4124 1141 4161 servus
1168 4106 1284 4170 ille,
1311 4123 1458 4176 quem
1546 4118 1668 4157 cum
1731 4106 1926 4158 uenerit

339 4200 597 4254 Dominus
619 4244 633 4267 ,
694 4199 936 4254 invenerit
961 4199 1032 4253 sic
1059 4197 1346 4268 facientem.
1381 4198 1471 4252 Π.
1503 4196 1662 4252 Amen
1700 4199 1813 4253 dico
1839 4215 1927 4254 tto-

330 4292 406 4342 bis
426 4331 440 4351 ,
470 4307 622 4360 super
659 4292 828 4344 omnia
857 4292 987 4344 bona
1020 4307 1114 4344 sua
1153 4291 1420 4344 constituet
1453 4307 1586 4344 eum.
1616 4288 1810 4359 Quatso
1840 4301 1926 4360 te,

330 4397 457 4435 num
502 4381 605 4436 hoc
643 4382 938 4451 ignorantis
977 4381 1099 4436 est?
1129 4380 1185 4437 Si
1223 4382 1365 4436 enim
1395 4381 1518 4452 quia
1544 4382 1716 4448 dixit,
1752 4382 1930 4454 Neque

331 4473 502 4528 Filius
530 4474 666 4528 norit
691 4515 705 4537 ,
736 4474 908 4544 ipsum
950 4477 1199 4544 ignorare
1230 4474 1366 4529 dicis
1399 4491 1413 4529 :
1441 4475 1566 4545 quia
1597 4475 1770 4540 dixit,
1801 4476 1927 4542 Quis

329 4575 402 4620 est
426 4583 567 4636 ergo,
594 4565 722 4637 quid
743 4565 979 4622 dixeris?
1000 4583 1067 4622 an
1094 4567 1243 4622 illum
1273 4567 1520 4637 ignorare
1545 4568 1728 4624 dices?
1752 4570 1922 4625 Absit.

329 4657 409 4713 Ne
445 4656 662 4724 quidem
700 4673 765 4713 ex
807 4667 988 4714 mente
1031 4659 1200 4726 captis
1237 4658 1502 4728 quispiam
1543 4657 1645 4714 hoc
1682 4659 1876 4714 dixerit
1907 4679 1922 4715 :

330 4749 539 4802 etiamsi
581 4747 652 4802 ibi
691 4763 907 4804 causam
950 4747 1188 4817 proferre
1219 4749 1522 4816 possimus,
1556 4747 1644 4804 hic
1669 4765 1797 4804 vero
1823 4753 1924 4804 tui-

332 4840 497 4894 nime.
530 4838 666 4908 Quid
697 4848 875 4893 autem
905 4853 1025 4892 cum
1056 4838 1211 4902 dicit,
1241 4837 1426 4905 Petre,
1456 4855 1600 4893 antas
1626 4856 1706 4893 me
1734 4839 1923 4912 (Joan.

328 4932 420 4985 21.
457 4931 589 5000 I5)?
615 4947 740 4990 num
769 4931 896 4987 illud
925 4945 1134 5001 quoque
1164 4931 1486 5000 ignorabat?
1511 4940 1603 4986 aut
1627 4947 1751 4987 cum
1775 4933 1926 5000 dicit,

336 5025 434 5078 Ubi
473 5025 710 5096 posuistis
751 5041 864 5079 eum
903 5023 1078 5094 (Ibid.
1121 5023 1391 5093 H.154)?
1436 5024 1546 5078 lmo
1574 5034 1630 5078 et
1668 5025 1824 5079 Pater
1851 5025 1930 5080 sic

330 5118 475 5187 loqui
503 5116 945 5186 deprehenditur.
985 5115 1114 5170 Nam
1155 5127 1207 5170 et
1247 5115 1362 5185 ipse
1389 5118 1465 5170 ait
1497 5134 1508 5170 :
1539 5117 1735 5179 Adam,
1767 5117 1852 5170 ubi
1878 5134 1928 5173 es

330 5209 482 5278 (Gen.
514 5208 567 5263 3.
596 5207 698 5277 9)?
728 5216 814 5270 et,
849 5206 1052 5261 Clamor
1094 5207 1436 5261 Sodomorum
1467 5207 1831 5278 multiplicatus
1857 5219 1929 5264 est

327 5300 469 5370 apud
494 5315 594 5352 me.
624 5297 945 5352 Descendens
965 5299 1118 5369 igitur
1139 5298 1334 5361 videbo,
1361 5299 1406 5351 si
1432 5300 1708 5352 secundum
1740 5300 1927 5352 clamo-

326 5408 435 5447 rem
473 5407 672 5456 eorum,
700 5391 788 5458 qui
817 5392 948 5444 venit
974 5391 1042 5443 ad
1070 5407 1166 5453 me,
1198 5391 1428 5459 faciunt;
1459 5392 1500 5443 si
1527 5401 1695 5443 autent
1722 5407 1844 5454 non,
1871 5399 1926 5444 ut

327 5498 629 5551 cognoscam
655 5481 817 5554 (Ibid.
845 5482 930 5536 13.
956 5481 1046 5536 20.
1073 5481 1184 5550 2i).
1216 5482 1280 5534 Et
1305 5482 1426 5535 alibi
1454 5482 1526 5535 ait
1555 5500 1568 5535 :
1595 5481 1654 5536 Si
1681 5482 1813 5550 forte
1835 5499 1927 5535 au-

329 5577 508 5641 diunt,
537 5577 580 5628 si
612 5576 742 5644 forte
768 5574 1051 5644 intelligant
1074 5573 1282 5642 (Ezech.
1312 5573 1364 5627 9..
1397 5575 1472 5643 5).
1506 5575 1568 5628 Et
1599 5575 1649 5628 iu
1685 5575 1926 5644 Evange-

330 5667 401 5722 Ito
423 5707 437 5732 ,
474 5665 628 5721 Forte
655 5664 1011 5721 reverebantur
1048 5665 1240 5719 Filium
1282 5683 1443 5721 meum
1475 5667 1640 5738 (Luc.
1670 5667 1758 5723 9.0.
1796 5670 1921 5741 l3).

392 5837 405 5864 ¹
435 5832 530 5881 Atii
573 5834 749 5881 habent
777 5830 927 5888 diem,
952 5843 1058 5892 pro,
1079 5830 1265 5879 horam.

393 5897 412 5927 ³
436 5895 555 5953 Alii,
588 5903 631 5945 ct
655 5895 851 5944 utilitati
876 5899 1142 5946 consulens.

1275 436 1340 492 ΙΝ
1379 429 1790 491 ΜΑΤΤΗᾸΞΟΜ
1834 427 2062 483 ΙίΟΜΙΙι.
2109 427 2364 482 LXXVII.
2405 427 2476 482 al.
2520 419 2796 478 LXXVIII.

3558 422 3664 480 τοο

2061 540 2191 608 ane
2220 541 2398 594 omnia
2430 541 2745 609 ignorantiae
2771 539 2930 594 verba
2957 547 3128 594 erant.
3153 536 3351 594 Verum
3379 551 3484 592 nen
3511 535 3664 608 igno-

2058 646 2182 683 rans
2215 630 2329 685 huic
2359 630 2566 684 diccbat
2590 671 2605 695 ,
2637 631 2732 685 sed
2760 641 2819 685 ut
2851 630 2916 684 iis
2941 645 3059 700 quae
3086 643 3221 697 opus
3252 637 3405 684 erant
3441 626 3658 699 prospi-

2055 733 2204 777 ceret
2235 740 2246 774 :
2278 723 2330 776 in
2360 722 2586 786 Adamo,
2619 733 2674 776 ut
2707 734 2824 790 post
2853 732 3129 792 peccatum
3158 721 3306 776 illum
3333 720 3400 775 ad
3430 735 3660 776 excusa-

2059 814 2256 866 tionem
2291 812 2602 873 iuduccret:
2637 815 2687 866 in
2728 814 3021 868 Sodomitis
3041 854 3056 879 ,
3091 822 3148 868 ut
3177 827 3276 867 uos
3303 811 3521 867 doceret
3551 828 3660 866 non

2058 905 2203 974 prius
2234 909 2556 960 sententiam
2584 921 2710 960 esse
2741 905 3039 971 ferendam,
3069 920 3228 975 quam
3257 904 3401 974 ipsds
3428 919 3513 959 res
3542 920 3653 973 per-

2056 996 2424 1065 spiceremus;
2459 996 2511 1049 in
2558 994 2818 1066 pmphcta
2848 1004 3028 1050 autem
3066 995 3136 1049 ita
3178 994 3433 1065 loquitur,
3462 1008 3528 1050 ne
3559 1009 3651 1063 pu.

2057 1093 2168 1138 teut
2193 1086 2423 1155 imperiti
2448 1101 2477 1138 a
2501 1084 2848 1155 praedictione
2873 1084 3246 1139 necessitatem
3270 1083 3556 1151 quamdam
3580 1085 3661 1139 in-

2057 1177 2182 1252 ferri
2214 1193 2321 1232 non
2349 1177 2632 1233 obcdicndi
2658 1194 2672 1242 ;
2705 1177 2756 1231 in
2795 1176 3046 1247 parabola
3071 1182 3253 1232 autem
3274 1177 3574 1247 Evangelii,
3604 1186 3661 1232 ut

2057 1270 2308 1324 ostendat
2337 1271 2640 1340 oportuisse
2685 1270 2804 1324 illos
2843 1269 3038 1324 Filium
3069 1283 3224 1324 suum
3266 1268 3545 1332 revereri;
3577 1267 3662 1323 hic

2057 1375 2220 1426 vero,
2256 1377 2323 1416 ne
2363 1362 2626 1415 curiosius
2666 1362 2968 1431 inquirant,
3018 1367 3074 1414 ct
3121 1370 3178 1414 ut
3219 1358 3467 1415 ostendat
3514 1359 3660 1413 illam

2055 1451 2414 1520 cognitionem
2456 1451 2746 1506 admodum
2792 1466 2914 1506 esse
2958 1466 3134 1505 raram
3165 1458 3222 1506 et
3254 1450 3565 1520 pretiosam.
3600 1449 3663 1504 Et

2054 1542 2176 1598 vide
2210 1551 2460 1613 quautam
2493 1543 2846 1614 ignorantiam
2891 1543 2994 1599 hoc
3035 1542 3253 1598 verbum
3287 1542 3545 1599 indicaret
3571 1583 3586 1605 ,
3619 1543 3663 1595 si

2057 1632 2202 1687 illum
2250 1634 2519 1704 ignoraret
2563 1650 2722 1706 quem
2763 1636 3061 1689 constituit.
3095 1633 3226 1688 Nam
3269 1634 3414 1688 illum
3447 1635 3660 1689 beatum

2055 1725 2306 1792 pra-dicat
2339 1743 2352 1779 :
2386 1725 2575 1782 Beatus
2604 1727 2770 1794 enim,
2806 1727 2996 1796 inquit,
3025 1743 3198 1781 servus
3222 1727 3346 1790 ille;
3372 1729 3553 1798 neque
3579 1727 3662 1782 di-

2049 1817 2145 1876 cit.
2173 1819 2293 1886 quis
2320 1819 2407 1874 ille
2429 1820 2498 1875 sit
2527 1837 2540 1872 :
2573 1836 2694 1874 nam
2727 1820 2824 1886 ait,
2857 1819 2983 1886 Quis
3010 1821 3142 1874 enim
3167 1828 3260 1879 est.
3290 1837 3439 1889 quem
3468 1821 3661 1874 consti-

2053 1919 2157 1962 tuet
2198 1910 2435 1966 dominus
2475 1913 2637 1967 suus?
2661 1923 2748 1979 et,
2782 1912 2969 1966 Beatus
3008 1913 3437 1983 quemjnveuerit
3465 1913 3537 1967 sic
3573 1915 3659 1984 fa-

2053 2000 2281 2054 cientem.
2338 2001 2462 2057 llmc
2501 2013 2680 2057 autem
2729 2018 2835 2058 non
2875 2003 2943 2057 de
2981 2005 3470 2073 pecuniis'tantum
3515 2004 3657 2062 dicta

2052 2101 2206 2158 sunt,
2238 2092 2331 2148 sed
2361 2094 2519 2148 etiam
2546 2095 2614 2150 de
2641 2094 2812 2152 verbo
2839 2104 2893 2150 et
2921 2095 2989 2151 de
3019 2095 3249 2162 virtute,
3282 2095 3350 2151 de
3378 2097 3570 2152 donis‘
3600 2107 3656 2152 et

2049 2182 2449 2252 dispensatione
2479 2187 2672 2255 cuique
2702 2187 3012 2241 commissa.
3049 2185 3173 2241 Ilaec
3203 2186 3451 2256 parabola
3483 2189 3655 2260 magi-

2049 2274 2302 2330 stratibus
2330 2291 2542 2346 quoque
2564 2278 2766 2346 optime
2791 2286 3081 2346 competat.
3111 2276 3350 2348 Quisque
3369 2280 3514 2334 enim
3541 2295 3657 2334 om-

2050 2366 2157 2429 nia,
2185 2381 2304 2435 qua:
2335 2382 2429 2421 sua
2460 2377 2605 2434 sunt,
2634 2367 2700 2421 ad
2723 2383 3066 2423 communem
3097 2368 3379 2423 utilitatem
3405 2368 3655 2426 conferre

2047 2454 2227 2510 debet.
2254 2455 2378 2511 Sive
2399 2453 2716 2528 sapientiam
2745 2457 2964 2524 habeas,
2995 2458 3108 2513 sive
3141 2459 3517 2530 principatum,
3542 2460 3657 2516 sive

2046 2549 2261 2604 divitias
2280 2591 2295 2616 ,
2325 2550 2438 2605 sive
2462 2550 2673 2620 quidvis
2702 2550 2846 2606 aliud
2869 2593 2882 2614 ,
2917 2566 2984 2606 ne
3009 2551 3076 2606 ad
3105 2552 3490 2608 detrimentum
3519 2567 3656 2609 con-

2046 2654 2348 2708 servorum,
2378 2658 2512 2697 neve
2541 2643 2608 2697 ad
2634 2643 2927 2713 perniciem
2956 2643 3029 2698 sit
3056 2653 3220 2698 tuam.
3253 2643 3375 2699 Ideo
3402 2645 3563 2700 ambo
3585 2644 3655 2701 ah

2048 2732 2139 2787 illo
2168 2734 2427 2803 requirit,
2457 2743 2511 2788 et
2543 2734 2878 2803 prudentiam
2909 2745 2963 2788 et
2996 2734 3175 2790 ﬁdem.
3208 2734 3342 2790 Nam
3375 2748 3654 2805 peccatum

2046 2823 2114 2876 ab
2135 2825 2366 2880 amentia
2390 2825 2651 2894 originem
2683 2823 2849 2879 ducit.
2881 2824 3118 2880 Fidelem
3149 2826 3296 2879 illum
3326 2837 3501 2888 vocat.
3528 2828 3652 2898 quia

2045 2930 2109 2969 ex
2141 2915 2299 2969 rebus
2325 2914 2526 2970 domini
2557 2916 2686 2970 uibil
2714 2916 2796 2970 vel
2829 2915 2879 2970 in
2911 2931 3024 2970 rem
3055 2929 3209 2970 suam
3240 2918 3540 2984 convertit,
3567 2919 3651 2974 vel

2045 3021 2324 3076 perperam
2353 3007 2645 3079 expendit;
2678 3007 2992 3077 prudentem
3021 3023 3148 3062 vero
3167 3051 3180 3072 ,
3210 3007 3332 3078 quia
3364 3008 3465 3062 sibi
3495 3023 3648 3065 com-

2045 3098 2204 3152 missa
2237 3109 2292 3152 ut
2322 3114 2418 3170 par
2443 3107 2561 3154 erat
2584 3099 3002 3154 administravit.
3036 3098 3275 3170 Utraque
3297 3101 3441 3156 enim
3467 3117 3525 3156 re
3551 3117 3650 3157 no-

2041 3189 2124 3242 bis
2161 3204 2299 3259 opus
2335 3199 2418 3245 est
2439 3232 2454 3255 ,
2485 3204 2553 3246 ne
2590 3190 2798 3245 scilicet
2826 3206 2947 3260 quzc
2977 3191 3177 3245 domini
3217 3201 3343 3246 sunt
3373 3191 3530 3248 nobis
3556 3207 3646 3248 ra-

2041 3280 2289 3350 piamus,
2318 3291 2372 3336 et
2417 3290 2475 3335 ut
2515 3291 2816 3350 opportune
2861 3281 2952 3336 illa
2992 3280 3386 3351 dispensemus.
3427 3281 3561 3340 Nam
3597 3284 3646 3339 si

2041 3375 2268 3430 alterum
2310 3374 2484 3441 absit,
2516 3375 2744 3430 alterum
2775 3375 3058 3431 claudicat.
3100 3375 3156 3431 Si
3202 3375 3376 3432 lldelis
3414 3377 3514 3444 sit,
3549 3392 3650 3434 nec

2041 3467 2280 3535 luretur,
2309 3467 2402 3523 sed
2430 3469 2703 3538 superflue
2730 3468 2795 3522 ad
2825 3467 2956 3522 nihil
2999 3467 3128 3522 utile
3160 3468 3433 3538 expendat
3458 3468 3598 3525 bona
3623 3510 3641 3536 ,

2039 3575 2291 3630 maguum
2315 3571 2398 3615 est
2424 3568 2702 3630 peccatum
2730 3575 2744 3624 ;
2777 3560 2823 3614 si
2852 3559 2987 3614 sciat
3013 3567 3159 3614 recte
3179 3558 3519 3629 dispensare,
3548 3560 3644 3614 scd

2037 3652 2260 3716 Iuretur,
2295 3667 2482 3707 rursus
2512 3665 2617 3706 non
2662 3652 2776 3707 leve
2814 3650 3020 3705 crimen
3059 3658 3161 3706 est.
3201 3649 3328 3706 Hmc
3364 3650 3647 3706 audiamus

2037 3745 2126 3814 qui
2158 3744 2432 3814 pecuniosi
2464 3760 2668 3798 sumus.
2695 3743 2813 3798 Non
2839 3743 2984 3799 enim
3007 3743 3260 3798 doctores
3283 3752 3486 3798 tantum
3513 3745 3648 3800 allo-

2037 3836 2237 3906 quitur,
2266 3836 2362 3890 sed
2390 3837 2552 3892 etiam
2584 3835 2804 3890 divites.
2836 3834 3089 3904 Utrisque
3117 3835 3262 3889 enim
3293 3833 3492 3889 divitia:
3516 3850 3647 3890 con-

2037 3927 2256 3981 credita:
2286 3937 2452 3992 sunt;
2485 3925 2798 3981 doctoribus
2829 3926 2931 3980 illa:
2956 3941 3075 3994 qua:
3115 3926 3285 3996 magis
3325 3928 3646 3982 necessaria:

2035 4027 2194 4084 sunt;
2225 4016 2377 4073 vobis
2405 4033 2484 4072 ea:
2510 4033 2632 4088 qua:
2663 4017 2884 4072 minoris
2910 4025 3036 4071 sunt
3065 4017 3243 4086 pretii.
3277 4016 3364 4082 Si,
3391 4017 3518 4072 dum
3547 4017 3646 4072 do-

2033 4119 2213 4165 ctores
2243 4111 2443 4179 majora
2475 4109 2824 4181 dispergunt,
2855 4125 2952 4165 vos
2979 4125 3046 4164 ne
3077 4111 3128 4164 iu
3159 4110 3396 4164 minimis
3422 4110 3640 4179 quidem

2035 4204 2210 4258 velitis
2240 4204 2613 4259 liberalitatem
2646 4204 2903 4260 exhibere
2928 4220 2943 4269 ;
2973 4203 3082 4258 imo
3105 4219 3211 4258 non
3241 4203 3638 4266 liberalitatem.

2035 4294 2130 4348 sed
2169 4305 2378 4364 gratum
2424 4295 2664 4349 animum
2701 4296 2860 4365 (nam
2890 4295 3062 4349 aliena
3094 4293 3310 4362 datis),
3338 4310 3457 4364 quae
3488 4294 3645 4349 vobis

2033 4386 2136 4441 erit
2173 4384 2459 4442 defensio?
2495 4385 2601 4443 Sed
2651 4386 2864 4441 interim
2887 4427 2903 4452 ,
2938 4372 3063 4440 ante
3102 4386 3422 4456 suppliciqu
3455 4401 3642 4441 eorum

2032 4479 2121 4548 qui
2152 4478 2292 4533 male
2322 4488 2634 4548 operantur,
2667 4478 2784 4548 ejus
2817 4477 2908 4547 qui
2950 4475 3118 4546 probe
3155 4490 3214 4530 se
3243 4477 3410 4545 gessit
3440 4490 3644 4531 merce-

2032 4573 2154 4628 dem
2177 4573 2457 4627 audiamus
2481 4591 2494 4627 :
2521 4572 2677 4625 Amen
2704 4572 2817 4624 dico
2837 4570 2996 4634 vobis,
3020 4585 3174 4639 super
3198 4569 3368 4622 omnia
3398 4569 3529 4622 bona
3548 4585 3642 4624 sua

2032 4665 2302 4718 constituet
2329 4681 2466 4718 eum.
2498 4663 2634 4731 Quid
2667 4663 2787 4717 huic
2813 4661 3002 4716 honori
3033 4676 3128 4731 par
3153 4675 3274 4714 esse
3299 4661 3501 4731 possit?
3521 4677 3642 4732 qua:

2031 4756 2205 4811 oratio
2249 4755 2386 4815 hanc
2425 4754 2737 4824 dignitatem
2766 4795 2780 4819 ,
2809 4753 2950 4808 hanc
2994 4752 3379 4807 beatitudinem
3422 4754 3641 4824 assequi

2034 4848 2222 4918 possit,
2257 4847 2472 4917 quando
2498 4847 2751 4901 caelorum
2779 4846 2918 4912 Rex,
2948 4846 3100 4915 cujus
3139 4853 3263 4898 sunt
3303 4845 3509 4911 omnia,
3539 4845 3639 4900 lto-

2035 4940 2232 4994 minem
2276 4955 2438 5010 super
2481 4940 2660 4993 omnia
2711 4939 2848 4992 bona
2897 4953 2992 4992 sua
3033 4935 3371 4991 constituet?
3405 4934 3642 5008 Ideoque

2038 5026 2362 5090 prudentem
2393 5025 2573 5095 ipsum
2599 5036 2780 5092 vocat,
2815 5028 2942 5096 quia
2981 5027 3134 5080 novit
3169 5041 3367 5104 magna
3397 5041 3495 5094 pro
3516 5045 3643 5099 par-

2037 5121 2120 5175 vis
2146 5136 2254 5174 non
2281 5120 2592 5186 dimittere;
2617 5119 2712 5176 sed
2743 5136 2867 5174 cum
2899 5120 2988 5176 hic
3017 5131 3389 5190 temperanter
3411 5125 3641 5194 egisset,

2036 5215 2209 5269 cados
2237 5225 2617 5285 consequutus
2645 5217 2752 5270 est:
3060 5206 3067 5212 ’

2101 5305 2156 5360 4.
2186 5302 2388 5359 Deinde
2407 5343 2422 5369 ,
2454 5302 2505 5358 id
2531 5301 2674 5373 quod
2705 5315 2922 5371 semper
2950 5299 3075 5356 facit
3096 5341 3112 5369 ,
3146 5317 3254 5357 non
3293 5318 3357 5358 ex
3401 5303 3639 5373 reposito

2029 5395 2186 5451 bouis
2216 5395 2462 5465 przcmio,
2486 5393 2581 5448 sed
2611 5409 2676 5448 ex
2709 5392 3131 5448 comminatione
3174 5408 3347 5463 paena
3379 5394 3639 5466 improbis

2028 5498 2228 5558 parata:
2265 5487 2563 5542 auditorem
2610 5484 2831 5556 corrigit
2863 5503 2877 5538 :
2910 5484 3138 5554 ideoque
3182 5487 3458 5555 subjunin
3493 5503 3507 5540 :
3544 5488 3636 5542 48.

2030 5581 2092 5637 Si
2119 5591 2283 5634 autem
2306 5581 2490 5634 dixerit
2513 5596 2728 5648 nequam
2755 5595 2927 5632 servus
2948 5578 3034 5631 ille
3053 5578 3105 5631 in
3126 5582 3279 5631 corde
3300 5595 3413 5644 suo,
3436 5577 3637 5634 Tarda!

2029 5673 2264 5725 dominus
2291 5689 2431 5726 meus
2456 5673 2651 5733 venire,
2682 5670 2768 5724 49.
2796 5678 2842 5722 et
2872 5670 3114 5740 inceperit
3144 5671 3403 5725 uerberare
3432 5687 3634 5725 conser-

2028 5782 2112 5818 vos
2137 5784 2270 5823 suos.
2303 5767 2573 5819 comederit
2600 5775 2768 5818 autem
2803 5775 2849 5818 et
2875 5765 3054 5818 biberit
3084 5782 3198 5818 cum
3225 5767 3374 5819 ebriis
3397 5783 3417 5819 .'
3437 5768 3524 5820 50.
3550 5783 3635 5819 oe-

2023 5859 2264 5971 u'silec,
2287 5861 2346 5912 de
2370 5861 2528 5922 donis,
2552 5875 2601 5910 tu
2645 5877 2744 5913 uno
2789 5861 2963 5915 codice
2997 5866 3199 5917 desunt.
3233 5867 3296 5916 γ.
3322 5865 3548 5918 l-‘ieldad
3569 5881 3621 5932 ρ.
