4074 6428
478 421 580 479 707

476 532 580 584 niet
606 530 835 584 dominus
858 528 984 585 servi
1012 529 1150 585 illius
1170 530 1222 585 in
1252 531 1333 586 die
1354 546 1453 600 qua
1481 546 1580 585 non
1605 539 1888 598 exspectat,
1920 537 1968 583 et
1992 527 2046 582 in

477 623 601 675 hora
626 637 726 692 qua
752 638 851 676 non
875 623 1044 692 novit,
1072 623 1160 681 5i.
1190 633 1237 679 et
1264 625 1450 679 dividet
1477 640 1589 678 eum
1608 665 1624 691 ,
1654 635 1697 678 et
1725 634 1913 694 partem
1942 622 2051 692 ejus

472 728 589 766 cum
611 712 884 783 hypocritis
913 724 1080 779 ponet.
1110 714 1190 770 Ibi
1213 718 1307 771 erit
1335 719 1483 787 ﬂetus
1511 727 1556 770 et
1594 717 1778 772 stridor
1803 716 2046 770 dentiant.

469 804 526 858 Si
555 806 675 875 quis
704 821 830 860 vero
857 807 1054 863 dixerit
1086 826 1100 864 :
1129 807 1318 864 Viden’
1344 826 1462 879 qua:
1502 810 1750 880 cogitatio
1785 809 2043 873 subierit,

433 938 438 942 .
467 893 610 961 quod
648 894 762 950 dies
791 897 876 951 ilta
916 913 1023 953 non
1061 909 1183 954 nota
1213 900 1394 954 esset?
1426 898 1612 953 Tarda:
1641 901 1782 954 enim
1813 899 2048 953 dominus

467 998 607 1037 meus
628 1023 643 1048 ,
688 985 857 1056 inquit
887 1005 899 1040 :
931 989 1369 1056 respondebimus
1403 1007 1416 1043 :
1445 988 1559 1044 Non
1599 991 1738 1059 quod
1781 989 1896 1044 dies
1938 1003 2044 1043 non

467 1083 591 1127 nota
617 1083 777 1139 esset,
801 1076 892 1130 sed
914 1077 1053 1146 quod
1081 1078 1348 1148 improbus
1367 1081 1439 1135 sit
1460 1094 1665 1145 servus,
1690 1080 1739 1135 id
1762 1081 2039 1137 accidisse.

466 1161 596 1218 Nam
622 1179 715 1220 cur
742 1165 1049 1236 prudentem
1079 1177 1133 1223 et
1159 1168 1369 1226 fidelem
1398 1186 1492 1240 par
1513 1171 1760 1242 cogitatio
1788 1185 1891 1226 non
1917 1172 2040 1227 Stib-

465 1253 567 1306 iit?
593 1254 718 1320 Cur,
750 1258 932 1323 miser,
959 1259 1081 1329 quia
1120 1260 1292 1314 tardat
1319 1261 1599 1329 doininus,
1630 1263 1854 1334 sperasti
1895 1264 2041 1319 illum

466 1361 749 1416 numquam
778 1351 1100 1421 venturum?
1125 1367 1220 1406 cur
1245 1368 1349 1406 non
1375 1354 1629 1408 sollicitus
1660 1354 1756 1409 es?
1783 1355 1916 1410 Hinc
1948 1355 2044 1426 igi-

465 1446 552 1491 tur
570 1438 843 1517 discimus,
867 1456 969 1496 non
995 1442 1203 1500 tardare
1231 1444 1534 1502 Dominum.
1559 1446 1680 1501 Hac
1701 1448 1896 1517 quippe
1920 1464 2043 1502 sen-

463 1526 626 1581 tentia
659 1509 760 1582 non
784 1529 1002 1594 domini,
1031 1533 1125 1587 sed
1161 1535 1382 1602 improbi
1412 1537 1550 1590 servi
1579 1545 1662 1590 est
1685 1553 1698 1600 ;
1719 1509 1962 1606 ideoque
1988 1539 2039 1592 in

462 1617 664 1672 crimen
695 1629 929 1674 vocatur.
957 1620 1074 1676 Non
1114 1623 1324 1678 tardare
1361 1626 1503 1678 cnim
1542 1626 1664 1680 audi
1705 1626 1923 1681 Paulum
1954 1627 2038 1680 di-

461 1716 672 1762 centem
704 1727 717 1761 :
751 1709 996 1764 Dominus
1024 1729 1180 1782 prope
1207 1722 1314 1780 est,
1347 1714 1477 1768 nihil
1507 1717 1712 1770 solliciti
1741 1718 1846 1770 sitis
1874 1715 2038 1786 (Phi-

461 1795 589 1865 lipp.
621 1798 674 1852 4.
703 1797 755 1852 5.
785 1797 836 1867 6)
867 1815 881 1864 ;
914 1809 985 1867 et,
1021 1801 1120 1868 Qui
1150 1814 1384 1858 venturus
1409 1817 1481 1859 est
1507 1807 1665 1860 ueniet
1685 1848 1698 1871 ,
1727 1817 1774 1860 et
1803 1824 1900 1860 non
1928 1816 2035 1859 tar-

461 1888 598 1941 dubi!
627 1887 820 1960 (Hebr.
851 1890 937 1945 10.
971 1892 1037 1946 57
1063 1899 1099 1961 ).
1131 1893 1207 1948 Tu
1247 1910 1376 1948 vero
1411 1913 1528 1967 qua:
1559 1909 1852 1966 sequuntur
1876 1898 1996 1952 audi
2018 1939 2033 1963 ,

459 1985 514 2032 et
540 1978 686 2034 disce
710 1980 1593 2054 quaml'requenterignorationem
1609 1987 1712 2043 diei
1732 1989 1785 2044 in
1803 1999 2035 2044 mentem

461 2078 714 2136 revocet,
748 2072 919 2126 servis
958 2073 1245 2129 ostendens
1279 2075 1329 2129 id
1362 2075 1491 2131 utile
1521 2091 1640 2131 esse
1664 2118 1679 2142 ,
1712 2089 1764 2132 et
1791 2079 2036 2134 sufﬁcere

459 2171 514 2214 ut
546 2161 661 2217 illos
692 2176 722 2215 a
751 2177 940 2217 somno
967 2165 1161 2220 excitet
1183 2174 1239 2220 et
1264 2166 1449 2235 erigat.
1484 2165 1620 2234 Quid
1658 2168 1800 2223 enim
1829 2169 1873 2223 si
1905 2169 2034 2224 nihil

457 2253 668 2320 quidam
699 2253 822 2309 inde
849 2256 1035 2310 lucrati
1061 2257 1222 2311 sunt?
1250 2257 1433 2329 Neque
1453 2259 1596 2314 enim
1618 2259 1686 2316 ab
1707 2260 1826 2315 aliis
1846 2261 2036 2331 juvan-

456 2345 595 2398 tibns
637 2345 760 2415 quid
803 2348 1074 2417 assequuti
1115 2358 1280 2404 sunt:
1315 2361 1545 2406 attamen
1594 2353 1680 2408 hic
1719 2369 1822 2408 non
1861 2365 2035 2410 cessat

454 2449 575 2506 quzc
600 2450 691 2489 sua
722 2448 847 2490 sunt
872 2437 1062 2493 facere.
1094 2440 1225 2507 Quid
1253 2457 1401 2512 ergo,
1431 2443 1655 2512 inquies,
1687 2445 1738 2497 in
1765 2445 2032 2515 sequenti-

453 2525 590 2579 bus?
619 2524 790 2580 ch'et
813 2545 912 2599 qua
939 2530 1018 2583 die
1046 2548 1146 2584 non
1172 2544 1440 2603 exspectat,
1467 2544 1514 2589 et
1538 2537 1663 2589 hora
1685 2554 1784 2607 qua
1810 2538 2030 2608 ignorat,

451 2623 508 2669 et
535 2625 767 2672 extrema
804 2617 901 2687 ipsi
945 2619 1158 2677 inferet.
1189 2623 1352 2678 Vides
1389 2627 1659 2695 quomodo
1697 2627 1800 2683 hoc
1839 2629 2033 2698 ubique

453 2715 682 2776 repetat,
716 2708 1128 2780 iguorantiaaque
1161 2713 1434 2769 utilitatem
1475 2725 1756 2783 monstret,
1785 2719 1862 2772 sic
1885 2720 2032 2774 solli-

451 2795 590 2850 citos
614 2811 824 2866 semper
852 2799 1120 2856 reddens?
1149 2803 1259 2857 Hoc
1288 2805 1427 2860 enim
1454 2814 1538 2861 est
1563 2808 1704 2878 quod
1737 2809 1903 2878 magis
1930 2824 2028 2864 cu-

451 2899 570 2956 rat,
599 2901 656 2945 ut
684 2905 898 2962 semper
923 2895 1194 2964 vigilemus
1221 2914 1233 2950 :
1263 2907 1316 2953 et
1340 2899 1462 2969 quia
1498 2916 1710 2970 semper
1739 2901 1789 2955 in
1821 2901 2028 2958 deliciis

449 2979 727 3048 cadimus,
778 2983 830 3038 in
872 2986 1260 3043 calamitatibus
1302 3003 1429 3044 vero
1465 2991 1864 3061 resipiscimus,
1903 2993 2028 3049 ideo

449 3071 646 3141 ubique
685 3071 785 3128 hoc
812 3073 974 3140 dicit,
1004 3077 1215 3146 quando
1257 3080 1464 3136 remissi
1501 3081 1805 3154 inertesque
1840 3098 2025 3141 sumus

449 3173 576 3220 tunc
596 3165 730 3220 mala
754 3167 1014 3223 accidere.
1038 3170 1113 3224 Ac
1140 3171 1582 3240 quemadmodum
1609 3190 1767 3247 supra
1793 3191 1888 3248 per
1912 3177 2024 3234 Noe

447 3253 553 3308 hoc
576 3253 860 3312 declaravit
883 3274 897 3312 :
925 3259 1001 3316 sic
1021 3268 1074 3316 et
1096 3259 1180 3316 hic
1201 3263 1292 3330 ait,
1315 3262 1446 3320 Cum
1469 3281 1655 3321 servus
1683 3268 1773 3324 ille
1795 3269 2021 3326 inebria-

447 3357 563 3412 tur,
595 3363 714 3403 cum
745 3351 1024 3417 verberat,
1057 3363 1181 3409 tunc
1215 3356 1531 3427 supplicium
1557 3368 1640 3414 est
1668 3360 2019 3418 intolerabile.

447 3435 640 3491 Verum
686 3454 753 3495 ne
796 3443 1110 3511 supplicium
1153 3445 1251 3514 ipsi
1288 3446 1609 3502 destinatum
1647 3449 2020 3519 solummodo,

445 3528 537 3583 sed
566 3530 695 3584 illud
724 3531 880 3586 etiam
905 3534 1302 3590 consideremus
1320 3577 1335 3604 ,
1367 3553 1436 3593 ne
1462 3537 1598 3594 forte
1627 3548 1682 3596 et
1707 3541 1806 3612 ipsi
1833 3541 2018 3598 eadem

441 3629 659 3690 agentes
687 3620 736 3675 id
770 3638 875 3678 non
903 3623 1258 3682 advertatnus.

514 3707 895 3782 Eleemosynam
931 3715 1265 3772 commendat.
1294 3747 1366 3758 —
1395 3717 1607 3775 Etenim
1651 3720 1773 3776 huic
1813 3720 2017 3779 similes

438 3809 564 3854 sunt
594 3800 664 3855 illi
694 3801 782 3870 qui
816 3805 1065 3871 pecunias
1095 3804 1385 3882 habentes,
1413 3810 1596 3880 egenis
1633 3826 1738 3866 non
1776 3811 2015 3882 largiun-

439 3900 525 3944 tur
553 3908 566 3944 :
592 3891 635 3946 si
662 3892 874 3962 quidem
903 3902 956 3950 et
985 3903 1037 3950 tu
1067 3876 1412 3967 pecuniarum
1446 3876 1651 3955 tuarum
1680 3876 2015 3972 dispensator

435 3995 533 4046 es,
566 3996 669 4035 non
709 3985 884 4039 minus
921 4002 1077 4054 quam
1110 3988 1154 4041 is
1181 3990 1270 4059 qui
1311 3991 1563 4047 Ecclesiae
1606 3993 1742 4050 bona
1781 3995 2014 4050 admini-

435 4080 589 4125 strat.
617 4071 687 4128 Ut
725 4076 866 4128 enim
911 4075 997 4132 hic
1036 4093 1098 4132 ea
1141 4095 1260 4149 quae
1298 4096 1325 4134 a
1366 4083 1516 4137 vobis
1553 4098 1652 4152 pro
1695 4086 2014 4155 pauperibus

435 4171 648 4233 erogata
686 4174 810 4220 sunt
830 4181 978 4231 ,non
1013 4155 1190 4237 potest
1227 4186 1323 4240 pro
1351 4172 1519 4227 lubito
1544 4183 1598 4229 et
1628 4184 1829 4232 temere
1856 4192 2012 4247 spar-

433 4266 561 4322 gere
582 4295 599 4319 ,
630 4255 750 4323 quia
797 4255 846 4310 in
897 4273 1184 4329 pauperum
1219 4262 1358 4316 datae
1393 4273 1516 4319 sunt
1544 4265 1853 4322 alimentum
1886 4286 1900 4323 :
1933 4269 2012 4325 sic

435 4357 534 4397 nec
559 4351 613 4397 tu
645 4353 752 4399 tua.
784 4345 1002 4402 Etiamsi
1029 4351 1170 4405 enim
1202 4362 1476 4423 paternam
1501 4358 1772 4426 acceperis
1800 4358 2010 4414 heredi-

432 4442 591 4488 tatem
612 4475 626 4499 ,
658 4445 818 4508 atque
844 4439 920 4494 sic
950 4442 1125 4497 omnia
1167 4454 1252 4499 tua
1298 4446 1570 4516 possideas
1603 4465 1618 4502 :
1649 4458 1881 4506 attamen
1914 4451 2008 4508 Dei

429 4535 553 4578 sunt
579 4524 692 4581 haec
716 4529 913 4584 omnia.
942 4531 1080 4587 Sane
1109 4550 1226 4606 qua:
1255 4547 1309 4592 tu
1333 4537 1525 4594 dedisti
1556 4540 1635 4594 vis
1659 4551 1905 4598 accurate
1929 4544 2009 4599 di-

430 4617 669 4684 spensari
693 4632 706 4671 :
729 4633 907 4675 annon
933 4631 1083 4692 putas
1110 4625 1276 4680 Deum
1303 4643 1396 4684 sua
1424 4644 1453 4683 a
1480 4631 1632 4685 nobis
1659 4635 1861 4704 majore
1884 4651 2003 4692 cum

427 4707 757 4764 vehementia
784 4714 1152 4783 repetiturum,
1184 4719 1278 4773 sed
1306 4720 1407 4775 illis
1435 4729 1633 4777 temere
1665 4729 2006 4794 pereuntibus

428 4797 480 4851 id
507 4798 776 4854 laturum?
801 4801 917 4857 Non
946 4804 1013 4858 ita
1048 4821 1132 4860 res
1155 4822 1213 4862 se
1241 4807 1420 4873 habet,
1451 4825 1554 4865 non
1583 4812 1654 4866 ita
1681 4823 1848 4870 certe.
1873 4815 2002 4872 Nam

429 4885 545 4942 b.cc
569 4889 690 4945 ideo
716 4892 855 4961 apud
887 4903 937 4949 te
968 4896 1213 4967 reliquit,
1248 4910 1306 4955 ut
1332 4901 1427 4956 des
1453 4917 1629 4959 escam
1657 4906 1758 4962 illis
1786 4909 1839 4962 in
1870 4919 2005 4966 tem-

425 4994 555 5071 pore
593 4993 911 5050 opportuno.
952 4987 1085 5055 Quid
1129 5001 1249 5057 est,
1290 4995 1341 5048 in
1382 5004 1621 5066 tempore
1660 5003 2003 5071 opportuno?

427 5068 618 5138 Egenis
638 5113 652 5138 ,
686 5075 1061 5133 esurientibus.
1095 5079 1241 5135 Sicut
1271 5085 1428 5160 igitur
1459 5097 1512 5140 tu
1541 5068 1800 5147 conservo
1825 5092 1890 5147 ad
1921 5094 2003 5148 tli-

422 5164 778 5229 sponsaiidum
817 5165 1008 5224 dedisti
1034 5212 1048 5236 ,
1077 5172 1167 5226 sic'
1194 5174 1446 5232 Do-nious
1475 5187 1526 5234 te
1556 5181 1665 5235 vult
1701 5191 1755 5237 ut
1797 5198 1890 5252 par
1918 5195 2002 5241 est

421 5254 742 5323 expendere.
772 5256 916 5322 ideo,
941 5274 1061 5314 cum
1090 5264 1255 5332 possit
1278 5267 1505 5335 auferre,
1529 5270 1776 5343 relinquit
1798 5281 1995 5343 tamen,

422 5356 480 5396 ut
505 5345 709 5400 virtutis
736 5351 1048 5407 exercenda:
1074 5356 1410 5413 occasionem
1451 5360 1677 5427 habeas;
1708 5372 1869 5435 utque
1897 5381 1995 5421 cu-

421 5435 588 5490 rando
618 5446 672 5490 ut
699 5440 831 5494 alter
859 5443 1024 5498 altero
1053 5458 1271 5515 egeret,
1309 5460 1544 5506 mutuam
1583 5455 1855 5513 caritatem
1887 5458 1995 5514 fer-

421 5528 711 5585 ventiorem
739 5533 1004 5589 redderet.
1030 5537 1106 5592 Tu
1135 5555 1261 5596 vero
1285 5551 1564 5613 postquam
1593 5529 1861 5617 aceepisti,
1886 5565 1992 5607 non

415 5619 588 5674 solum
617 5630 722 5674 non
749 5622 864 5690 das,
896 5628 986 5681 sed
1017 5631 1173 5684 etiam
1201 5636 1468 5690 verberas.
1495 5636 1645 5704 Quod
1673 5639 1718 5694 si
1742 5654 1844 5696 non
1868 5642 1993 5700 dare

411 5707 566 5776 culpa
594 5719 694 5776 est,
721 5729 840 5783 qua:
868 5718 1019 5772 venia
1047 5724 1148 5776 erit
1177 5725 1514 5782 verberanti?

479 5800 535 5854 5.
578 5800 688 5857 Hoc
713 5818 890 5861 autem
918 5809 1047 5865 mihi
1073 5813 1246 5870 dicere
1272 5817 1477 5875 videtur
1498 5821 1549 5878 iu
1571 5825 1990 5884 contumeliosos

1322 415 1381 472 s.
1419 415 1698 475 JOANNIS
1734 413 2208 473 cnnvsosrozut
2248 401 2566 474 ancntsp.
2606 414 3143 477 consummes.

3643 427 3751 487 708

2159 537 2213 582 et
2231 543 2473 598 rapaces,
2492 530 2860 588 vehementem
2883 532 3149 589 intentans
3168 534 3588 602 accusationem,
3605 541 3752 609 quod

2155 630 2252 672 eos
2282 619 2565 674 verberent
2600 634 2736 691 quos
2777 622 2923 677 alere
2954 622 3091 693 jnssi
3119 635 3264 678 sunt.
3311 624 3531 683 Videtur
3567 640 3751 686 autem

2156 708 2285 763 mihi
2315 709 2400 764 hic
2425 708 2544 765 illos
2567 711 2908 768 subindicare
2930 714 3018 785 qui
3042 730 3094 770 .n
3121 714 3327 770 deliciis
3348 720 3508 772 vitam
3547 731 3751 788 agunt;

2156 814 2278 854 nam
2307 799 2522 855 delicias
2551 816 2738 872 magna
2760 812 3032 873 exspectat
3058 820 3210 874 pmna
3234 806 3529 876 :Comedat,
3553 809 3682 880 inqu
3709 821 3752 875 t,

2154 898 2199 943 et
2223 889 2355 944 bibat
2373 905 2486 943 cum
2509 891 2678 958 ebriis,
2703 893 2903 947 ventris
2925 893 3215 965 ingluviem
3240 898 3604 954 subindicans.
3629 902 3752 956 Non

2152 985 2294 1039 enim
2326 984 2445 1040 ideo
2472 986 2721 1054 accepisti
2746 1025 2762 1050 ,
2797 996 2858 1042 ut
2889 986 3191 1056 delicieris,
3221 990 3316 1046 sed
3356 1003 3414 1048 ut
3440 993 3750 1070 eleemosy-

2154 1091 2276 1130 nam
2302 1091 2508 1147 eroges.
2534 1075 2670 1132 Num
2698 1086 2784 1133 tua
2813 1088 2865 1134 te
2886 1091 3040 1150 putas
3069 1082 3302 1138 habere?
3322 1083 3624 1156 Pauperum
3649 1087 3749 1144 tibi

2153 1166 2287 1221 brum
2316 1167 2618 1224 concredita
2644 1177 2788 1233 sunt,
2816 1169 3022 1226 etiamsi
3052 1173 3318 1230 hereditas
3344 1183 3562 1244 paterna
3589 1174 3736 1245 sint;

2147 1256 2355 1312 etiamsi
2399 1273 2464 1312 ex
2494 1258 2652 1326 justis
2679 1258 2947 1316 laboribus
2978 1272 3140 1330 parta:
3167 1265 3276 1317 sint
3303 1279 3456 1334 opes.
3483 1268 3680 1324 Annon
3711 1284 3744 1324 a

2149 1357 2202 1402 te
2232 1349 2372 1403 Deus
2404 1349 2496 1404 has
2535 1349 2747 1407 auferre
2775 1352 2986 1421 potuit?
3013 1353 3117 1409 Sed
3150 1355 3270 1410 ideo
3304 1371 3409 1412 non
3439 1358 3614 1414 aufert
3634 1401 3648 1422 ,
3682 1369 3744 1417 ut

2149 1447 2202 1491 tu
2233 1438 2403 1507 possis
2425 1452 2550 1507 erga
2578 1454 2776 1511 egenos
2801 1441 3170 1499 liberalitatem
3197 1461 3470 1503 exercere.
3502 1449 3581 1505 Tu
3609 1467 3742 1507 vero

2145 1531 2271 1584 mihi
2321 1533 2588 1602 perpende
2611 1573 2627 1600 ,
2657 1536 2926 1604 quomodo
2956 1539 3008 1593 in
3035 1541 3283 1596 omnibus
3316 1543 3586 1612 parabolis
3616 1545 3740 1603 illos

2143 1622 2376 1690 plectat,
2403 1623 2492 1694 qui
2531 1625 2722 1694 apibus
2759 1627 2873 1683 suis
2907 1628 2972 1682 ad
3003 1644 3199 1700 egenos
3228 1633 3447 1689 alendus
3475 1651 3582 1690 non
3611 1646 3741 1711 sunt

2141 1712 2242 1767 usi.
2278 1711 2457 1784 Neque
2483 1717 2622 1769 enim
2653 1717 2884 1787 virgines
2925 1719 3033 1775 illae
3070 1722 3241 1777 aliena
3279 1735 3607 1794 rapuerunt,
3636 1728 3735 1785 sed

2144 1818 2238 1858 sua
2265 1819 2370 1860 non
2392 1805 2594 1876 largitas
2619 1821 2778 1873 sunt;
2807 1825 2979 1880 neque
3007 1813 3052 1867 is
3076 1815 3165 1884 qui
3206 1816 3693 1877 talentum-defodit
3713 1863 3734 1891 ,

2139 1895 2312 1952 aliena
2355 1899 2585 1966 invasit,
2622 1901 2716 1956 sed
2761 1902 2886 1957 illud
2927 1920 3034 1958 non
3072 1907 3393 1979 duplicavit;
3435 1928 3612 1983 neque
3638 1917 3732 1986 qui

2137 1987 2437 2045 esurientes
2468 1991 2759 2061 negligunt,
2794 1992 2915 2047 ideo
2941 1995 3252 2063 puniuntur,
3276 1999 3417 2069 quod
3444 2002 3616 2058 aliena
3643 2020 3734 2060 ra-

2138 2084 2381 2152 puerint,
2410 2086 2502 2140 sed
2533 2087 2670 2156 quod
2701 2103 2793 2145 sua
2825 2105 2929 2146 non
2955 2092 3337 2164 disperserint;
3367 2099 3731 2168 quemadmo-

2136 2171 2262 2226 dum
2302 2184 2357 2229 et
2393 2174 2480 2230 hic
2518 2190 2722 2233 servus.
2757 2181 3049 2238 Audiamus
3075 2184 3236 2255 igitur
3262 2198 3523 2260 quotquot
3554 2192 3731 2248 ventri

2135 2263 2487 2335 indulgemus,
2519 2281 2780 2341 quotquot
2806 2273 2856 2327 in
2884 2273 3056 2332 lautas
3082 2293 3266 2335 canas
3297 2283 3556 2351 pecunias
3580 2284 3732 2339 insu-

2137 2355 2348 2425 mimus,
2371 2374 2490 2428 quae
2514 2376 2619 2415 non
2651 2374 2868 2431 nostrae,
2902 2368 2995 2423 sed
3027 2384 3314 2438 egenorum
3344 2384 3485 2429 sunt.
3520 2375 3598 2431 Ne
3628 2393 3728 2448 pu-

2139 2453 2217 2500 tes
2246 2448 2385 2500 enim
2417 2451 2536 2519 quia
2569 2467 2664 2520 per
2693 2456 2911 2510 multam
2944 2458 3362 2518 misericordiam
3405 2464 3519 2519 haec
3549 2477 3607 2521 ut
3637 2478 3729 2523 tua

2135 2533 2264 2590 dare
2285 2537 2465 2606 jussus
2493 2556 2571 2605 es,
2601 2543 2720 2598 ideo
2751 2545 2864 2600 hare
2890 2561 3012 2604 esse
3043 2558 3148 2604 tua.
3179 2551 3293 2607 Tibi
3325 2556 3722 2625 commodavit,

2137 2635 2193 2680 ut
2217 2629 2383 2696 probe
2421 2647 2576 2701 agere
2622 2651 2824 2703 posses.
2873 2638 2950 2693 Ne
2982 2649 3066 2695 tua
3105 2642 3261 2711 igitur
3287 2643 3415 2700 dare
3441 2656 3493 2701 te
3524 2655 3679 2716 putes
3701 2691 3716 2714 ,

2133 2717 2259 2772 dum
2292 2722 2390 2790 ipsi
2419 2739 2512 2778 sua
2542 2726 2772 2796 largiris.
2801 2729 2983 2801 Neque
3012 2735 3153 2789 enim
3185 2737 3230 2790 si
3259 2746 3312 2792 tu
3341 2739 3567 2810 cuipiam
3596 2758 3721 2798 mu-

2131 2815 2222 2862 tuo
2247 2810 2424 2881 dares,
2456 2825 2512 2868 ut
2541 2817 2811 2886 proiectus
2837 2822 2961 2879 inde
2988 2824 3180 2882 lucrari
3211 2841 3427 2899 posset,
3463 2834 3723 2912 pecunias

2129 2897 2248 2995 illas
2272 2901 2339 2957 ad
2371 2903 2541 2995 ipsum
2578 2911 2844 2978 pertinere
2868 2913 3095 2973 diceres.
3127 2897 3227 2973 Sic‘
3252 2921 3343 2976 tibi
3384 2897 3520 2980 Deus
3549 2901 3718 2995 pecu-

2128 2989 2270 3046 niam
2307 2993 2557 3057 tradidit,
2590 3007 2647 3052 ut
2673 3001 2860 3056 caelum
2899 3018 3067 3061 emas.
3098 3006 3176 3063 Ne
3203 3025 3332 3081 ergo
3369 2989 3718 3087 benignitatis

2127 3081 2487 3151 magnitudine
2535 3087 2701 3143 utaris
2744 3100 2803 3146 ut
2847 3091 3112 3164 ingratum
3155 3099 3408 3157 exhibeas
3450 3081 3707 3165 animum.

2123 3167 2307 3238 Cogita
2335 3188 2492 3242 quam
2523 3178 2754 3246 optabile
2789 3193 2905 3238 erat
2943 3196 3061 3250 post
3094 3187 3351 3259 baptisma
3381 3195 3450 3249 ad
3484 3197 3710 3254 eluendi

2123 3266 2342 3323 peccata
2379 3271 2575 3313 novam
2608 3260 2846 3329 reperire
2885 3264 3049 3319 viam.
3089 3263 3154 3321 Ni
3185 3268 3437 3336 dixisset,
3471 3270 3549 3324 Da
3574 3272 3708 3327 elec-

2122 3367 2416 3422 mosynam,
2436 3361 2570 3422 quot
2591 3354 2841 3412 homines
2857 3357 3055 3412 dicturi
3073 3371 3253 3428 erant,
3276 3361 3493 3420 Utinam
3517 3382 3709 3435 posse-

2123 3459 2246 3500 mus
2270 3446 2515 3515 pecuniis
2537 3461 2569 3501 a
2594 3447 2792 3504 tuturis
2815 3465 2913 3507 nos
2937 3453 3094 3510 malis
3113 3453 3383 3512 redimere
3409 3459 3422 3511 l
3452 3455 3557 3513 Sed
3573 3460 3703 3530 quia

2121 3545 2298 3606 potest
2325 3538 2461 3605 tieri,
2485 3554 2680 3595 rursus
2703 3542 2884 3612 supini
2911 3543 3116 3612 jacent.
3136 3545 3243 3602 Sed
3266 3546 3360 3613 do,
3386 3549 3622 3619 inquies.
3637 3549 3706 3606 Et

2120 3628 2250 3697 quid
2266 3628 2396 3685 illud
2411 3629 2696 3687 ?Nondum
2723 3643 2931 3689 tantum
2951 3635 3170 3706 dedisti,
3188 3650 3450 3709 quantum
3474 3641 3565 3695 illa
3588 3657 3714 3696 mu-

2118 3719 2221 3776 lier
2245 3738 2366 3794 quae
2383 3723 2520 3780 duos
2547 3728 2790 3798 erogavit
2812 3729 3028 3797 obolos;
3049 3744 3157 3786 non
3181 3732 3485 3798 dimidiam,
3503 3737 3612 3790 imo
3633 3750 3704 3790 ne

2123 3802 2394 3855 minimam
2417 3806 2629 3874 quidem
2659 3820 2863 3878 partem
2887 3813 2900 3843 ³
2920 3813 2973 3868 in
2993 3816 3389 3884 comparatione
3413 3815 3586 3884 illius;
3609 3819 3705 3876 sed

2118 3893 2281 3948 multa
2320 3894 2374 3950 in
2413 3907 2653 3967 sumptus
2698 3901 2912 3958 inutiles
2961 3904 3274 3974 profundis,
3314 3908 3366 3962 in
3415 3910 3660 3966 convivia
3684 3953 3701 3977 ,

2117 3984 2446 4051 ebrietatem,
2478 3998 2874 4062 extremamque
2904 3995 3193 4066 ingluviem
3224 4016 3237 4051 :
3270 4014 3413 4055 nunc
3439 4001 3702 4069 invitans,

2118 4090 2258 4130 nunc
2282 4077 2560 4142 invitatus;
2591 4096 2731 4136 nunc
2749 4087 3041 4153 consumis,
3069 4103 3208 4143 nunc
3229 4089 3362 4145 alios
3382 4105 3703 4150 consumere

2115 4167 2289 4236 cogis;
2333 4167 2406 4223 ita
2449 4177 2506 4224 ut
2541 4169 2806 4242 duplicem
2838 4174 2932 4231 tibi
2973 4189 3127 4246 pares
3163 4180 3455 4236 cruciatum
3478 4223 3495 4250 ,
3531 4182 3602 4239 ab
3636 4185 3703 4241 iis

2114 4270 2232 4322 quin
2276 4267 2329 4311 tu
2368 4255 2532 4326 facis,
2564 4268 2618 4316 et
2657 4262 2726 4318 ab
2768 4262 2834 4318 iis
2870 4279 2990 4335 qua:
3034 4275 3086 4322 te
3115 4277 3333 4325 auctore
3358 4271 3448 4327 alii
3479 4271 3700 4330 faciunt.

2116 4343 2247 4435 Vide
2281 4362 2408 4420 ergo
2453 4349 2596 4406 hunc
2637 4350 2892 4410 famulum
2928 4357 3118 4413 eadem
3156 4359 3223 4414 de
3263 4377 3323 4416 re
3347 4376 3655 4421 accusatum
3681 4409 3698 4435 ,

2111 4434 2356 4503 Comedit,
2385 4440 2575 4510 inquit,
2599 4453 2649 4494 et
2671 4441 2790 4497 bibit
2813 4460 2929 4498 cum
2954 4446 3120 4502 ebriis.
3149 4447 3333 4519 Neque
3359 4453 3499 4507 enim
3520 4455 3700 4513 ebrios

2113 4536 2316 4584 tantum
2343 4570 2360 4597 ,
2402 4531 2496 4585 sed
2537 4541 2592 4587 et
2629 4533 2839 4588 illorum
2871 4537 3047 4592 socios
3085 4539 3346 4608 supplicio
3383 4543 3614 4612 afﬁciet;
3643 4559 3702 4604 et

2106 4617 2228 4687 jure
2257 4619 2470 4689 quidem
2498 4639 2512 4676 :
2540 4637 2660 4678 nam
2701 4634 2757 4679 et
2791 4626 2997 4694 seipsos
3021 4641 3407 4700 corrumpunt,
3434 4642 3490 4689 et
3516 4638 3698 4704 proxi-

2110 4727 2320 4767 morum
2347 4714 2578 4770 salutem
2608 4716 2900 4787 negligant.
2944 4718 3085 4776 Nihil
3114 4731 3288 4778 autem
3320 4725 3389 4779 ita
3421 4725 3588 4783 Deum
3619 4729 3696 4784 ir-

2109 4803 2269 4868 ritat,
2310 4813 2368 4858 ut
2405 4805 2450 4861 si
2488 4807 2716 4876 proximi
2758 4823 2845 4864 res
2883 4811 3234 4881 negligantur.
3278 4812 3614 4888 Quapropter
3640 4828 3698 4875 ut

2108 4893 2242 4947 iram
2273 4910 2424 4950 suam
2451 4897 2755 4965 exprimat,
2779 4899 3004 4955 discindi
3030 4916 3242 4958 servum
3269 4905 3444 4975 jussit.
3489 4907 3697 4965 Idcirco

2108 4985 2383 5042 caritatem
2409 4986 2789 5057 discipulorum
2827 5006 3046 5048 suorum
3083 5003 3338 5052 tesseram
3365 4998 3499 5053 dixit
3526 5015 3648 5055 esse
3677 5019 3691 5056 :

2106 5078 2228 5146 quia
2252 5093 2469 5134 necesse
2487 5083 2708 5135 omnino
2737 5092 2818 5137 est
2843 5083 3149 5154 diligentem
3171 5102 3259 5143 res
3280 5089 3458 5145 dilecti
3479 5106 3692 5154 curare.

2107 5167 2253 5225 Hane
2291 5169 2449 5240 igitur
2483 5169 2622 5224 viam
2669 5183 2987 5229 teneamus:
3021 5191 3146 5231 nam
3188 5177 3302 5233 hate
3341 5181 3571 5238 maxime
3614 5197 3698 5241 est

2103 5275 2221 5331 qua:
2248 5262 2314 5315 ad
2351 5261 2538 5316 ca-lum
2571 5262 2713 5318 ducit
2735 5305 2750 5328 ,
2779 5279 2897 5335 quas
2927 5265 3122 5324 Christi
3161 5270 3455 5328 imitatores
3483 5273 3649 5329 el‘t‘icit
3676 5317 3692 5342 ,

2105 5365 2222 5420 quze
2253 5351 2361 5416 Deo
2387 5352 2589 5407 similes
2623 5352 2815 5408 reddit.
2864 5354 2998 5412 Vide
3028 5372 3156 5428 ergo
3183 5374 3341 5430 quam
3373 5369 3691 5420 necessariae

2103 5440 2211 5494 sint
2248 5441 2330 5494 hae
2371 5441 2594 5496 virtutes
2620 5483 2635 5509 ,
2667 5458 2786 5513 qua:
2824 5444 2973 5513 juxta
3013 5448 3152 5502 viam
3179 5449 3315 5506 hanc
3350 5451 3688 5509 tabernacula

2101 5539 2410 5601 posuerunt.
2435 5533 2490 5588 Si
2520 5533 2690 5602 placet
2718 5543 2894 5590 autem
2921 5577 2935 5599 ,
2972 5537 3088 5592 illas
3115 5539 3418 5610 diligentius
3442 5545 3689 5612 explores

2101 5640 2238 5691 mus,
2273 5635 2327 5681 et
2355 5626 2646 5682 secundum
2678 5626 2771 5683 Dei
2804 5629 3055 5700 placitum
3082 5635 3397 5691 sententiam
3426 5635 3682 5694 feramus.

2149 5770 2164 5799 ι
2193 5767 2323 5832 Haec,
2350 5783 2443 5821 non
2491 5768 2770 5835 dimidiam,
2795 5788 2939 5827 0mm.
2985 5777 3328 5847 Mor.,Montt‘.,
3356 5790 3409 5832 et
3433 5797 3561 5832 unus
3580 5796 3666 5834 co-

2085 5829 2197 5878 dex.
