4074 6428
561 395 654 453 πι

1325 389 1382 446 S.
1416 387 1696 446 'JOA’NNIS
1731 382 2201 444 CHRYSOSTOMI
2239 381 2553 447 ᾹΒΟΗΙΕΡ.
2592 379 3123 440 CONSTANTINOP.

3720 378 3822 436 ἨΞ

1605 600 1952 663 ΗΟΜΙΙᾸΑ
1997 596 2346 658 LXXVIII.
2391 595 2476 658 al.
2521 594 2816 655 LXXIX.

558 749 688 805 Car.
711 748 803 804 25.
835 763 887 802 v.
921 748 972 801 l.
1000 746 1142 801 Tunc
1193 746 1352 802 simile
1385 748 1477 807 erit
1517 762 1725 817 regnum
1755 745 1993 799 calorum
2034 743 2125 797 de-

589 855 731 903 xrcm
759 838 1049 910 virginibus,
1074 853 1185 906 ante
1209 837 1507 906 accipientes
1541 835 1799 904 lampades
1827 850 1965 893 suas,
1998 834 2128 886 exie-

624 945 740 986 runt
761 932 956 985 obviam
974 945 1177 999 sponso.
1209 931 1263 983 2.
1295 929 1527 998 Quinque
1541 939 1708 982 autem
1736 938 1877 980 erant
1902 925 2127 993 pruden-

626 1034 698 1078 tcs
723 1034 770 1077 et
789 1024 1003 1090 quinque
1048 1025 1218 1092 fatum,
1245 1021 1297 1076 '5.
1339 1036 1452 1090 qua:
1477 1037 1577 1073 non
1607 1026 1906 1089 acceperunt
1937 1018 2127 1072 oleum.

625 1117 680 1169 4.
731 1113 1010 1168 Prndentes
1049 1127 1162 1166 vero
1207 1121 1504 1183 acceperunt
1549 1112 1713 1165 oleum
1757 1110 1808 1163 in
1848 1124 1978 1162 uasis
2025 1109 2131 1161 suis

627 1223 744 1260 cum
792 1203 1107 1274 lampadibus
1155 1204 1281 1258 suis.
1334 1204 1386 1258 5.
1452 1202 1651 1257 Moram
1702 1212 1870 1255 autem
1919 1202 2132 1270 faciente

629 1311 811 1367 sponso
831 1338 845 1362 ,
869 1303 972 1352 etc.
1011 1294 1112 1366 (a).

627 1452 680 1505 1.
711 1449 970 1505 Parabola
1003 1450 1066 1503 de
1111 1449 1388 1520 virginibus
1429 1465 1542 1503 cum
1568 1449 1682 1502 aliis
1713 1447 1988 1501 secundum
2011 1445 2131 1516 quid

557 1543 801 1596 similibus
816 1553 1158 1610 comparatur,
1182 1540 1359 1594 deinde
1383 1541 1698 1603 explanatur.
1712 1537 1860 1592 Nihil
1874 1539 1982 1591 sine
2005 1537 2134 1591 etce-

555 1651 767 1706 mosyna
788 1634 1005 1703 prodest.
1035 1633 1172 1688 Mors
1196 1650 1418 1687 somnus.
1442 1631 1642 1685 Futura
1660 1631 1975 1686 resurrectio.
2001 1629 2136 1683 Nul-

560 1727 635 1781 lus
661 1728 713 1782 in
735 1727 818 1781 die
844 1727 1023 1792 iudicii
1061 1737 1320 1796 patronus.
1350 1756 1420 1765 —
1445 1725 1539 1780 Hm
1567 1725 1834 1794 parabolae
1879 1723 2040 1792 priori
2067 1722 2134 1777 de

559 1819 702 1873 ﬁdeli
729 1833 885 1874 servo
914 1827 966 1873 et
986 1817 1062 1872 de
1091 1817 1332 1886 improbo
1353 1857 1368 1883 ,
1397 1816 1486 1886 qui
1517 1816 1657 1870 bona
1683 1816 1884 1870 domini
1911 1815 2136 1870 devora-

564 1913 656 1974 vit,
691 1912 892 1966 similes
913 1919 1054 1965 sunt.
1085 1911 1322 1977 Quatuor
1346 1910 1488 1964 enim
1517 1916 1641 1964 sunt
1665 1909 1730 1964 ad
1754 1924 1864 1962 rem
1891 1907 2133 1962 eamdem

552 2001 689 2056 licet
717 2002 929 2056 ditarso
972 2000 1126 2055 modo
1177 1999 1486 2064 hortantes;
1542 1999 1660 2054 dico
1689 2009 1868 2054 autem
1918 1998 2032 2052 illas
2069 1998 2138 2053 de

563 2094 896 2161 eleemosvna
945 2093 1206 2162 eroganda
1234 2133 1250 2158 ,
1278 2107 1341 2147 ac
1382 2092 1450 2146 de
1477 2091 1722 2163 proximo
1749 2106 1845 2161 pro
1888 2090 2136 2146 facultate

563 2197 742 2241 nostra
760 2184 994 2253 juvando
1018 2225 1032 2247 ,
1059 2186 1208 2253 quasi
1237 2198 1341 2237 non
1387 2184 1648 2252 possimus
1675 2183 1780 2236 alio
1805 2181 1963 2237 modo
1996 2181 2138 2236 salu-

566 2285 670 2329 tem
698 2274 971 2344 consequi.
1000 2274 1105 2329 Sed
1148 2275 1200 2327 in
1229 2274 1332 2328 illis
1351 2273 1564 2344 quidem
1593 2275 1912 2344 generaliter
1940 2273 2019 2329 de
2032 2274 2136 2327 uti-

563 2366 703 2419 litate
739 2363 943 2429 quavis,
976 2379 1135 2432 quam
1158 2378 1441 2433 possumus
1485 2365 1737 2433 proximo
1768 2373 2020 2433 przcstare
2044 2379 2058 2427 ;
2082 2363 2139 2416 in

548 2453 812 2526 ~parabola
853 2470 989 2508 vero
1033 2454 1102 2509 de
1145 2456 1435 2526 virginibus
1461 2456 1530 2510 de
1556 2455 1903 2526 e‘leemOsyna
1933 2455 2044 2509 sive
2074 2456 2141 2510 de

555 2545 804 2622 pecunia
844 2546 1123 2616 largitione
1170 2548 1362 2617 agitur,
1408 2555 1462 2600 et
1506 2546 1717 2614 quidem
1772 2545 2142 2601 vehementius

562 2635 1090 2708 quaminsuperiore
1120 2637 1390 2708 parabola.
1421 2637 1530 2691 Illic
1552 2639 1692 2692 enim
1723 2638 2132 2706 percutientem,

546 2723 858 2793 ebriosum,
876 2726 1184 2797 dominique
1207 2727 1343 2782 bona
1365 2726 1712 2797 dissipantem
1729 2737 1782 2782 et
1804 2727 2135 2796 perdentem,

559 2820 823 2888 supplicio
855 2817 1012 2874 allicit
1041 2834 1056 2883 ;
1099 2818 1186 2873 hic
1226 2833 1354 2873 vero
1378 2818 1536 2872 etiam
1575 2833 1696 2874 eum
1722 2819 1811 2888 qui
1841 2817 2138 2887 proximum

554 2926 674 2966 non
698 2911 870 2981 juvat,
901 2923 1073 2980 neque
1095 2908 1308 2979 largiter
1326 2910 1507 2980 egenis
1529 2896 1938 2963 sua'disuibuit.
1966 2908 2136 2976 Virgi-

566 3021 662 3059 nes
678 3005 852 3059 oleum
867 3001 1400 3073 quidemhabebant,
1428 3002 1521 3057 sed
1544 3017 1647 3056 non
1672 3003 1966 3071 copiosum,
1995 3001 2142 3056 ideo-

559 3109 673 3164 que
698 3094 1004 3164 puniuntur.
1053 3091 1164 3147 Eur
1198 3107 1326 3162 ergo
1351 3092 1449 3148 sub
1476 3108 1700 3161 persona
1724 3094 1986 3163 virginum
2008 3093 2144 3152 hanc

571 3183 773 3254 profert
832 3181 1175 3252 parabolam,
1221 3197 1331 3238 nec'
1364 3182 1803 3253 qualemcumque
1865 3199 2143 3250 personam

569 3272 853 3328 adhibuit?
878 3271 1060 3341 Magna
1090 3271 1158 3326 de
1185 3272 1482 3343 virginitate
1523 3272 1730 3328 dixerat
1768 3272 1955 3328 :‘Sunt
1987 3290 2146 3328 eunu-

570 3363 672 3428 chi,
705 3362 793 3431 qui
831 3362 1019 3432 scipsos
1074 3371 1414 3417 castrauerunt
1446 3373 1649 3432 propter
1675 3379 1883 3435 regnum
1908 3363 2147 3418 calorum

575 3453 787 3528 (Matth.
817 3451 905 3508 l9.
939 3451 1069 3523 ll),
1097 3462 1166 3517 et,
1225 3453 1324 3520 Qui
1352 3463 1511 3522 potest
1531 3467 1710 3523 capere
1732 3497 1747 3522 ,
1777 3457 1964 3526 capiat.
1997 3457 2147 3512 Alio-

572 3545 698 3615 quin
721 3558 845 3599 vero
891 3542 1094 3598 sciebat
1141 3544 1422 3613 plerosque
1461 3559 1704 3614 magnam
1731 3545 1800 3601 de
1829 3546 1914 3601 illa
1938 3548 2147 3616 opinio-

575 3652 702 3692 nem
730 3636 946 3692 babcre.
975 3635 1223 3691 Nam-res
1253 3645 1334 3691 est
1375 3648 1562 3692 natura
1589 3653 1682 3692 sua
1711 3639 1872 3694 ardua
1893 3682 1908 3705 ,
1941 3649 1999 3695 ut
2027 3641 2148 3696 inde

576 3731 746 3799 palam
777 3740 879 3796 est,
903 3729 1043 3800 quod
1071 3731 1123 3784 in
1151 3729 1322 3785 veteri
1353 3730 1467 3800 lege
1501 3746 1570 3785 ne
1600 3733 1766 3787 sancti
1795 3733 2008 3804 quidem
2031 3750 2142 3790 ma.

575 3825 770 3893 gnique
794 3825 893 3878 viri
937 3823 1080 3878 illam
1111 3824 1440 3878 exercuerint
1464 3865 1479 3888 ,
1512 3825 1642 3878 etin
1679 3841 1818 3880 nova
1847 3827 1986 3880 nulla
2013 3827 2145 3899 legis

577 3917 898 3971 necessitate
917 3915 1186 3984 iubeatur.
1217 3915 1401 3983 Neque
1441 3917 1589 3972 enim'
1611 3918 1714 3974 hoc
1739 3921 2020 3990 praecepit;
2053 3921 2146 3976 sed

576 4007 902 4065 audientium
945 4006 1164 4062 arbitrio
1203 4006 1602 4078 illudreliqnit.
1640 4009 1866 4064 'ldeo-ait
1898 4011 2092 4066 Paulus
2133 4030 2147 4066 :

579 4103 658 4156 De
702 4099 974 4170 uirginibus
1027 4107 1198 4150 autem
1245 4106 1549 4166 praeceptum
1588 4098 1793 4153 Domini
1847 4116 1948 4154 non
1996 4101 2151 4156 habeo

577 4195 664 4268 (l.
693 4192 812 4248 Cor.
839 4193 890 4245 7.
923 4191 997 4246 25
1016 4188 1062 4261 ).
1092 4189 1276 4244 Laudo
1303 4190 1516 4261 quidem
1545 4190 1674 4245 illud
1701 4201 2023 4256 servantem,
2057 4194 2151 4249 sed

578 4286 845 4341 nolentem
876 4297 983 4337 non
1009 4295 1164 4350 cogo,
1190 4296 1361 4349 neque
1390 4290 1720 4352 praeceptum
1747 4283 1798 4338 id
1831 4283 1987 4340 facio.
2017 4286 2148 4354 Quia

578 4378 736 4446 igitur
763 4388 949 4444 magna
980 4386 1067 4427 res
1094 4380 1228 4435 erat,
1259 4380 1312 4427 et
1339 4373 1392 4427 in
1417 4389 1606 4445 magna
1645 4375 1784 4444 apud
1825 4377 2018 4432 multos
2040 4387 2154 4433 erat

577 4469 1005 4530 existimatione;
1049 4481 1117 4520 ne
1154 4466 1272 4536 quis
1320 4465 1462 4520 illam
1503 4481 1752 4534 servans,
1782 4472 1934 4540 quasi
1977 4473 2152 4527 omnia

582 4567 884 4621 servasset,
912 4559 1053 4614 circa
1100 4565 1292 4611 caetera
1338 4557 1607 4629 negligens
1635 4569 1795 4624 esset,
1828 4563 1964 4617 hanc
2005 4564 2156 4632 ponit

581 4649 905 4718 paraboiam,
934 4664 1053 4719 quae
1080 4649 1304 4706 suadere
1328 4651 1531 4720 possit,
1556 4651 1910 4722 virginitatem
1939 4655 2151 4725 aliaque

582 4742 719 4794 bona
739 4741 937 4803 omnia,
967 4740 1323 4811 eleemosynae
1345 4740 1605 4795 fructibus
1626 4757 1813 4808 vacua,
1837 4761 1955 4799 cum
1988 4744 2152 4800 forni-

585 4830 857 4884 catoribus
881 4828 998 4897 ejici
1049 4838 1145 4885 :et
1184 4830 1530 4886 inhumanum
1573 4833 2153 4906 immisericordemque

579 4923 704 4974 eum
724 4919 826 4974 illis
852 4918 1097 4974 collocari
1127 4937 1140 4976 :
1164 4919 1320 4990 idque
1337 4921 1456 4990 jure
1487 4923 1677 4979 merito
1699 4925 1752 4978 ’z
1782 4925 1868 4980 ille
1884 4928 2024 4982 enim
2038 4942 2158 4982 cor-

576 5019 770 5074 porum
825 5019 1012 5061 amore
1057 5004 1235 5060 vietus
1288 5017 1410 5071 est,
1467 5006 1630 5063 fatuas
1686 5017 1865 5064 autem
1921 5012 2162 5083 virgines

573 5109 768 5151 amore
831 5095 1209 5164 pecuniarum.
1281 5095 1399 5150 Non
1456 5107 1540 5152 est
1611 5107 1794 5153 autem
1864 5116 2159 5172 corporum

567 5193 629 5240 et
679 5177 1035 5256 pecuniarum
1083 5202 1184 5256 par
1243 5176 1701 5258 cupiditaspsed
1755 5194 1938 5248 acrior
1989 5198 2159 5250 multo

572 5292 640 5331 ae
689 5278 976 5338 violentior
1029 5293 1344 5350 corporum.
1397 5283 1624 5348 Quanto
1673 5295 1855 5341 autem
1909 5287 2155 5343 imbecil-

573 5367 679 5421 lior
705 5378 788 5422 est
820 5370 1095 5435 inimicus,
1130 5379 1283 5427 tanto
1315 5373 1495 5429 minus
1523 5377 1641 5431 illae
1672 5393 1795 5447 qua:
1821 5378 1977 5434 victae
2007 5393 2154 5444 sunt,

571 5461 788 5516 veniam
824 5473 1134 5531 merentur;
1170 5466 1402 5536 ideoque
1432 5467 1610 5524 fatuas
1637 5471 1759 5526 illas
1797 5480 1953 5526 vocat
1978 5513 1992 5536 ,
2025 5476 2153 5543 quia

571 5553 766 5622 majori
797 5568 1051 5624 superato
1074 5560 1278 5624 labore,
1309 5574 1403 5628 per
1425 5562 1685 5616 minorem
1711 5573 1881 5618 totum
1911 5567 2156 5636 perdide-

633 5659 727 5736 '_ln
753 5659 927 5736 νέῳ-ει.
950 5663 1238 5736 legitur.....
1263 5680 1372 5736 cum
1399 5667 1774 5736 fornicatoribus
1792 5670 1968 5736 ejiciet
1993 5672 2152 5724 immi-

568 5722 931 5803 sericordib‘us,
943 5722 1215 5803 jure
1237 5722 1654 5803 meritoupmissis.
1725 5722 1996 5803 terpositis.

632 5788 700 5853 tu)
727 5785 785 5858 [rt
804 5788 992 5858 aliquot
1009 5785 1273 5858 Codicibns
1293 5792 1401 5840 haec
1418 5785 1675 5858 Evangelii
1696 5785 1994 5845 lectio.ante
2019 5796 2154 5858 prin-

569 5845 754 5957 ἷξιιὲὶιιὲῖη
771 5845 990 5898 humilius
1013 5852 1169 5911 posita
1199 5855 1341 5915 longe
1370 5845 1584 5919 amplior
1602 5858 1939 5909 etlertur.Clr.
1967 5845 2146 5911 Adnot.

2237 747 2378 794 runt.
2429 736 2726 807 Lampades
2778 749 2955 792 autem
3006 736 3094 792 hic
3137 736 3268 792 dicit
3296 735 3469 805 ipsum
3496 733 3826 806 virginitatis

2235 832 2454 896 donum,
2477 828 2772 882 sanctitatis
2798 830 3129 899 puritatem:
3158 828 3332 882 oleum
3360 842 3488 882 vero
3518 827 3827 897 benignita-

2239 930 2382 984 tem,
2441 921 2873 990 eleemosynam,
2939 919 3196 974 auxilium
3258 921 3440 989 egenis
3499 922 3824 989 prmstitum.

2236 1012 2290 1066 5.
2323 1011 2522 1064 Moram
2556 1021 2720 1066 autem
2743 1012 2956 1081 faciente
2981 1027 3166 1082 sponso
3188 1053 3204 1078 ,
3229 1013 3625 1066 dorntitaeerunt
3651 1029 3829 1066 omnes

2237 1111 2284 1156 et
2341 1101 2672 1155 dormierunt.
2723 1099 2822 1155 Hic
2865 1100 3102 1155 ostendit
3141 1115 3245 1156 non
3290 1117 3510 1172 parvum
3554 1103 3830 1171 temporis

2235 1194 2463 1264 spatium
2512 1193 2847 1263 interiectum
2873 1237 2887 1260 ,
2922 1194 3212 1263 discipulos
3251 1193 3522 1250 abducens
3555 1209 3623 1248 ne
3653 1209 3828 1264 expe-

2235 1296 2378 1342 ctent
2394 1301 2612 1356 regnum
2635 1286 2749 1357 ejus
2772 1287 2947 1342 statim
2966 1295 3244 1342 venturum
3261 1301 3400 1341 esse.
3425 1285 3558 1340 Nam
3581 1285 3686 1340 hoc
3701 1299 3831 1355 spe-

2237 1377 2454 1445 rabant,
2491 1376 2714 1447 ideoque
2738 1375 3045 1448 frequenter
3073 1377 3192 1432 illos
3220 1376 3287 1431 ab
3310 1376 3412 1431 hnc
3436 1392 3532 1445 spe
3559 1385 3826 1431 removet.

2236 1467 2318 1523 Ad
2341 1468 2452 1523 haec
2472 1467 2600 1522 illud
2617 1483 2827 1538 quoque
2839 1467 3158 1532 subindicat,
3175 1475 3400 1523 mortem
3414 1481 3535 1522 esse
3553 1481 3828 1520 somnum.

2237 1559 2584 1626 Dormierunt,
2609 1563 2802 1631 inquit.
2821 1560 2871 1616 6.
2903 1560 3078 1614 Media
3098 1569 3263 1614 autem
3278 1568 3422 1614 nocte
3448 1561 3639 1613 clamor
3662 1565 3834 1630 factus

2240 1663 2330 1708 est.
2356 1653 2449 1708 Vel
2473 1654 2523 1707 in
2557 1653 2810 1723 parabola
2841 1653 3075 1716 insistit;
3100 1651 3183 1706 vel
3209 1649 3372 1706 docet
3399 1658 3562 1706 nocte
3592 1649 3832 1705 futuram

2240 1747 2685 1802 resurrectionem
2709 1760 2848 1801 esse.
2879 1743 3178 1800 Clamorem
3209 1744 3367 1799 etiam
3392 1741 3591 1797 Paulus
3621 1757 3836 1798 memo—

2240 1849 2341 1903 rat,
2374 1838 2559 1894 dicens
2594 1856 2607 1892 :
2639 1837 2706 1890 In
2739 1838 2915 1908 jussu,
2941 1837 2995 1890 in
3048 1853 3163 1891 uoce
3203 1833 3495 1906 archangeli
3517 1877 3533 1903 ,
3561 1836 3615 1888 in
3651 1836 3838 1891 ultima

2242 1931 2357 1984 tuba
2399 1931 2659 1985 descendet
2700 1929 2764 1983 de
2793 1931 2916 1984 cteto
2948 1927 3039 1999 (l.
3077 1927 3254 1982 Thess.
3285 1928 3339 1982 ι.
3387 1927 3514 1993 l6).
3565 1926 3706 1995 Quid
3733 1928 3835 1983 sibi

2241 2024 2425 2078 volunt
2452 2023 2610 2090 tubte,
2634 2022 2758 2093 quid
2785 2022 3026 2076 clamor?
3058 2021 3292 2092 Sponsus
3315 2020 3464 2074 venit.
3501 2019 3552 2072 7.
3586 2017 3719 2074 Cum
3745 2037 3836 2073 or-

2242 2124 2442 2169 nasse—nt
2467 2102 2586 2185 ergo
2612 2113 2894 2184 lampades,
2931 2112 2986 2167 8.
3014 2111 3172 2181 fatua:
3194 2109 3504 2180 sapientibus
3548 2111 3838 2164 dixerunt:

2244 2207 2370 2260 Date
2399 2207 2539 2260 nobis
2559 2207 2622 2259 de
2644 2205 2754 2260 oleo
2780 2214 2962 2260 vestro.
3006 2204 3238 2260 Rursum
3282 2204 3400 2259 illas
3429 2202 3604 2258 fatuas
3630 2214 3790 2259 vocat
3815 2245 3836 2264 ,

2244 2299 2532 2354 ostendens
2561 2297 2695 2351 nihil
2730 2296 2943 2351 stultius
2964 2310 3085 2351 esse
3109 2296 3174 2351 iis
3197 2297 3288 2366 qui
3314 2295 3402 2350 hic
3442 2296 3700 2365 pecunias
3720 2297 3800 2350 col
3817 2326 3837 2335 -

2245 2389 2413 2457 liguut
2437 2429 2451 2452 ,
2485 2396 2540 2442 et
2580 2384 2706 2440 nudi
2739 2385 2865 2440 illuc
2894 2385 3130 2452 abeunt,
3180 2385 3266 2439 ubi
3299 2385 3450 2440 nobis
3505 2386 3838 2455 benignitate

2252 2478 2428 2550 magis
2461 2477 2600 2549 Opus
2637 2488 2758 2545 est,
2800 2479 3082 2548 multoque
3119 2477 3241 2532 oleo
3271 2478 3314 2535 ί.
3354 2478 3471 2532 Νοη
3528 2478 3652 2533 ideo
3699 2486 3827 2534 tan-

2251 2577 2367 2626 tum
2396 2569 2600 2635 stultas,
2619 2570 2712 2625 sed
2741 2570 2886 2640 quod
2919 2566 3256 2639 expectarint
3288 2583 3347 2622 se
3376 2567 3489 2622 iliie
3513 2568 3696 2623 oleum
3726 2581 3826 2622 ac-

2246 2671 2490 2731 Ceptut'as
2510 2674 2630 2716 esse
2649 2669 2702 2714 et
2721 2659 2860 2729 quod
2884 2659 3252 2728 intempestive
3270 2659 3614 2729 quaesierint:
3650 2675 3811 2729 quam
3826 2691 3840 2702 -

2244 2766 2401 2822 quam
2431 2750 2565 2806 nihil
2606 2752 2886 2806 humanius
2926 2751 3032 2806 illis
3082 2751 3395 2822 virginibus,
3452 2766 3571 2822 quze
3627 2751 3729 2808 hac
3783 2753 3837 2808 in

2245 2852 2396 2912 parte
2423 2843 2654 2897 maxime
2681 2842 2984 2912 conspicua:
3014 2841 3248 2898 luerunt.
3273 2843 3456 2913 Neque
3481 2852 3651 2898 totum
3677 2853 3840 2914 pete-

2246 2935 2376 2989 bant
2419 2952 2431 2986 :
2485 2933 2616 2988 Date
2658 2934 2798 2988 nobis
2832 2933 2896 2987 de
2942 2933 3053 2988 oleo
3104 2942 3302 3000 uestro;
3355 2935 3842 3006 necessitatemque

2247 3023 2618 3085 ostendebant.
2633 3023 2869 3079 dicentes
2893 3042 2905 3079 :
2929 3023 3217 3095 Lampadas
3237 3036 3422 3082 nostra:
3446 3028 3835 3098 extinguuntur.

2246 3113 2352 3172 Sed
2378 3115 2421 3169 si
2443 3113 2603 3169 etiam
2631 3114 2898 3184 repulsam
2928 3115 3195 3170 tulerunt:
3226 3129 3288 3170 ac
3319 3130 3492 3184 neque
3515 3117 3838 3174 humanitas

2249 3219 2432 3260 earum
2461 3219 2489 3258 a
2515 3204 2710 3274 quibus
2749 3204 3020 3274 petebant,
3050 3220 3223 3276 neque
3271 3205 3548 3276 petitionis
3585 3205 3841 3265 facilitas.

2251 3314 2425 3367 neque
2455 3298 2769 3364 necessitas,
2800 3297 3072 3368 quidpiam
3103 3298 3474 3368 impetrarunt.
3496 3297 3695 3354 Verum
3713 3299 3846 3368 quid

2253 3389 2374 3443 inde
2401 3388 2698 3443 discimus?
2721 3387 3000 3443 Neminem
3029 3387 3137 3442 illic
3164 3388 3336 3452 nobis,
3361 3403 3496 3458 quos
3525 3403 3690 3458 opera
3715 3404 3846 3460 pro-

2255 3483 2526 3548 diderunt,
2551 3482 2750 3536 auxilio
2767 3481 3043 3547 ‘l'uturum;
3070 3497 3178 3538 non
3207 3483 3336 3553 quid
3355 3483 3547 3552 nolint,
3574 3485 3671 3541 sed
3699 3486 3848 3557 quod

2254 3574 2360 3630 non
2383 3574 2605 3644 possint.
2649 3573 2783 3628 Nam
2812 3583 2864 3629 et
2907 3574 3010 3628 illa:
3054 3573 3122 3628 ad
3154 3575 3480 3645 impossibile
3509 3577 3846 3648 confugiunt.

2253 3668 2365 3724 lloc
2378 3676 2432 3722 et
2451 3667 2636 3723 beatus
2653 3666 2918 3721 Abraham
2939 3665 3170 3720 ostendit
3186 3666 3368 3724 dicens
3389 3683 3403 3720 :
3429 3667 3676 3738 Magnum
3694 3672 3850 3725 chaos

2253 3763 2383 3816 inter
2407 3778 2492 3816 vos
2519 3769 2567 3817 et
2613 3777 2706 3815 nos
2732 3770 2842 3827 est,
2875 3768 2930 3813 ut
2956 3776 3017 3815 ne
3043 3759 3262 3814 uolentes
3311 3761 3511 3832 quidem
3540 3766 3852 3833 pertransirs

2256 3859 2448 3927 possint
2475 3855 2624 3926 (Luc.
2658 3855 2746 3910 l6.
2793 3855 2907 3926 26).
2944 3856 2998 3913 9.
3037 3856 3115 3912 Ite
3139 3867 3306 3912 autent
3351 3860 3419 3911 ad
3453 3862 3721 3916 pendentes
3747 3903 3762 3924 ,
3802 3872 3854 3916 et

2257 3949 2418 4002 emite.
2459 3949 2559 4016 Qui
2611 3947 2943 4003 vendentes?
2993 3949 3280 4018 Pauperes.
3341 3950 3566 4006 Ubinam
3604 3954 3854 4010 illiillic

2257 4049 2408 4094 erant
2437 4057 2449 4092 :
2484 4039 2568 4108 hic
2594 4055 2834 4109 quaerere
2859 4041 3158 4110 oportebat,
3189 4058 3362 4112 neque
3387 4044 3438 4098 in
3474 4053 3715 4115 tempore
3732 4047 3851 4103 illo.

2323 4131 2384 4185 ἲ.
2415 4131 2601 4186 Viden'
2626 4133 2896 4202 quomodo
2925 4133 3014 4188 flat
3041 4133 3196 4188 nobis
3223 4139 3640 4206 expauperibus
3683 4155 3852 4212 nego-

2263 4225 2446 4279 tiatio?
2468 4225 2522 4280 Si
2555 4225 2650 4281 hos
2677 4228 2960 4284 sustuleris
2977 4270 2991 4293 ,
3026 4245 3271 4302 magnam
3307 4233 3493 4287 salutis
3516 4248 3668 4303 spem
3693 4235 3854 4293 nobis

2260 4317 2555 4371 sustuleris.
2605 4317 2727 4373 ldeo
2774 4317 2861 4375 hic
2909 4331 3121 4389 oportet
3145 4322 3318 4377 oleum
3344 4323 3615 4393 colligere,
3660 4335 3716 4379 ut
3747 4326 3855 4381 illic

2261 4407 2412 4461 nobis
2431 4408 2560 4463 utile
2589 4409 2678 4474 sit,
2712 4425 2832 4463 eum
2866 4418 3077 4480 tempus
3102 4426 3199 4466 nos
3228 4414 3524 4469 vocaverit.
3555 4414 3675 4470 Non
3697 4418 3848 4472 enim

2255 4507 2470 4568 tempus
2494 4500 2779 4570 colligendi
2807 4501 2936 4557 illud
2965 4513 3046 4558 est
3071 4521 3086 4557 :
3118 4505 3211 4559 sed
3232 4504 3333 4581 hoc
3356 4515 3586 4576 tempus.
3617 4508 3698 4564 Ne
3720 4525 3854 4582 ergo

2258 4606 2385 4658 epes
2413 4600 2530 4645 tuas
2559 4589 2751 4645 frustm
2779 4593 3057 4662 impendas
3081 4594 3132 4648 in
3160 4594 3483 4662 delicias,.in
3513 4612 3706 4653 vanam
3733 4600 3853 4671 glo-

2259 4682 2413 4736 riam.
2447 4682 2610 4736 Multo
2638 4684 2833 4753 quippe
2863 4684 2982 4740 oleo
3012 4685 3104 4740 tibi
3147 4686 3255 4742 illic
3281 4703 3415 4757 opus
3459 4699 3562 4745 est.
3603 4690 3731 4747 Haec
3758 4707 3856 4762 au—

2259 4774 2464 4828 ﬁentes
2487 4773 2590 4827 illae
2619 4773 2900 4840 abierunt,
2937 4776 3029 4832 sed
3057 4777 3187 4832 nihil
3218 4778 3464 4834 utilitatis
3495 4794 3850 4851 acceperunt.

2261 4864 2372 4920 Hoc
2421 4879 2585 4935 porro
2633 4867 2707 4921 ait
2754 4875 2846 4922 aut
2879 4868 2942 4923 in
2982 4869 3234 4939 parabola
3264 4872 3537 4941 insistens,
3596 4875 3853 4948 illamque

2260 4963 2477 5020 texens;
2523 4963 2613 5011 aut
2642 4965 2698 5012 ut
2722 4959 2989 5023 ostendat,
3035 4959 3242 5016 etiamsi
3271 4961 3492 5018 humani
3530 4966 3703 5022 simus
3723 4977 3854 5038 post

2260 5049 2537 5105 decessum
2562 5059 2802 5106 nostrum
2818 5092 2834 5117 ,
2864 5066 2964 5108 nos
2990 5054 3121 5108 nihil
3145 5054 3267 5111 inde
3293 5055 3510 5114 subsidii
3536 5071 3854 5130 accepturos

2261 5141 2674 5212 adsupplicium
2703 5143 3086 5214 eﬂugiendum.
3122 5145 3304 5216 Itaque
3346 5145 3482 5202 nihil
3504 5149 3610 5206 illis
3632 5153 3851 5221 prolicit

2259 5232 2491 5287 studium
2516 5247 2529 5295 ;
2554 5234 2672 5301 quia
2692 5247 2797 5288 non
2823 5233 2907 5290 hic
2927 5235 3136 5291 iverunt
3158 5237 3226 5292 ad
3246 5238 3562 5307 vendentes,
3589 5244 3686 5297 sed
3707 5243 3814 5298 illic
3833 5261 3847 5310 ;

2259 5339 2432 5394 neque
2458 5322 2607 5377 diviti
2658 5324 2878 5396 proluit,
2907 5327 3121 5397 quando
3149 5329 3220 5384 ita
3249 5330 3513 5388 humanus
3551 5336 3726 5390 evasit
3745 5377 3759 5398 ,
3794 5347 3850 5392 ut

2259 5415 2420 5469 etiam
2445 5412 2513 5468 de
2539 5413 2786 5470 amnibus
2811 5416 2922 5471 suis
2951 5417 3206 5475 sollicitus
3234 5431 3402 5477 esset.
3427 5423 3562 5478 Nam
3594 5425 3642 5480 is
3667 5428 3757 5498 qui
3782 5428 3846 5482 ad

2261 5503 2456 5557 ostium
2473 5503 2742 5573 jacentem
2771 5507 3095 5576 pratteribat,
3126 5524 3220 5565 eos
3240 5552 3255 5577 ,
3284 5527 3420 5581 quos
3449 5529 3737 5586 numquam
3769 5519 3850 5571 vi-

2261 5595 2433 5661 derat,
2465 5611 2530 5650 ex
2574 5598 2826 5666 periculis
2855 5608 2910 5654 et
2934 5614 3000 5655 ex
3030 5601 3270 5669 gehenna
3297 5605 3504 5676 eripere
3527 5607 3765 5674 festinat,
3801 5620 3850 5666 et

2262 5696 2416 5758 rogat
2442 5687 2578 5743 mitti
2602 5690 2882 5760 quosdam,
2905 5691 2994 5763 qui
3024 5693 3076 5748 id
3103 5694 3205 5750 illis
3229 5699 3545 5755 annuntient
3575 5699 3731 5770 (Luc.
3767 5701 3848 5758 l6.

2327 5915 2342 5945 ³
2375 5913 2512 5960 Unus
2545 5912 2698 5961 habet
2723 5912 2968 5974 tttttitaqttc
2993 5912 3350 5964 tttt'sert't'ot'dia.
