4074 6420
274 385 382 442 713

271 500 392 563 28).
438 497 684 550 Attamen
731 487 863 542 nihil
910 485 1000 539 ille
1027 483 1150 536 hinc
1196 481 1329 535 lueri
1359 475 1542 533 retulit
1569 491 1584 538 ;
1615 481 1672 527 ut
1697 486 1904 540 neque-

273 589 530 661 virgines.
552 584 837 650 Postquam
859 577 1000 632 enim
1027 575 1110 628 his
1135 572 1331 627 auditis
1357 569 1626 629 abierunt,
1651 564 1737 621 l0.
1776 563 1878 618 γαί

272 685 348 736 nit
375 693 592 751 sponsus
617 692 636 740 ;
665 685 710 729 et
733 687 844 744 quae
871 677 1064 739 parata:
1105 674 1268 731 erant,
1299 665 1609 717 intraverant
1639 674 1754 712 cum
1780 673 1897 723 eo,»

271 779 357 833 lue
380 790 509 832 vero
525 773 760 831 exclusa:
785 779 930 824 sunt.
954 767 1082 822 Post
1111 763 1310 820 multos
1337 762 1572 823 labores.
1603 767 1724 828 post
1745 757 1870 812 infi-

169 864 176 869 ’
269 873 414 926 uites
456 865 703 926 sudores.
755 871 877 934 post
924 868 1198 915 certamen
1255 854 1385 910 illud
1430 851 1783 914 intolerabile,
1818 857 1874 904 et

269 976 472 1034 tropica
497 975 619 1034 qua:
637 967 826 1012 eontra
856 954 1118 1010 furentem
1153 962 1400 1007 naturam
1427 956 1736 1012 erexerant,
1769 961 1869 1016 pa.

265 1057 405 1110 dare
427 1051 644 1108 sull'usm
665 1063 786 1103 cum
806 1046 1056 1102 extinctis
1080 1041 1415 1112 lampadibus
1431 1039 1668 1095 demisso
1695 1037 1872 1106 capite

271 1145 617 1203 recedebant.
646 1141 786 1198 Nihil
805 1139 948 1205 enim
971 1135 1254 1192 obscurius
1273 1143 1540 1203 estquam
1565 1130 1869 1201 virginitas,

269 1240 617 1308 eleemosyna
643 1245 839 1289 carens
863 1231 878 1264 '
905 1247 921 1262 ο
951 1229 1032 1291 sio
1043 1227 1196 1283 multi
1221 1225 1396 1281 solent
1417 1220 1870 1278 immisericordes

269 1342 471 1384 vocare
513 1324 850 1382 tenebrosus.
895 1320 998 1378 Ubi
1055 1332 1185 1387 ergo
1230 1313 1550 1385 virginitatis
1577 1309 1788 1368 utilitas
1821 1313 1868 1378 ',

270 1418 489 1487 quando
514 1431 616 1472 nec
645 1427 900 1486 sponsum
921 1409 1136 1481 quidem
1161 1407 1430 1470 viderunt,
1464 1417 1565 1458 nec
1594 1402 1870 1473 pulsantes

268 1510 470 1582 aliquid
502 1508 873 1577 impetrarunt,
904 1501 998 1556 sed
1023 1500 1164 1554 illam
1194 1496 1485 1554 terribilem
1516 1493 1738 1549 audiere
1770 1508 1866 1546 vo-

266 1619 412 1669 cem,
451 1601 533 1656 12.
559 1597 722 1659 Abite,
748 1595 914 1649 nescio
944 1590 1074 1645 vos?
1104 1588 1238 1645 Cum
1264 1595 1444 1641 autem
1477 1585 1565 1639 ille
1589 1585 1688 1637 hoc
1717 1583 1868 1638 dixe-

272 1694 359 1757 rit,
391 1690 527 1746 nihil
556 1686 700 1740 aliud
729 1699 890 1755 quam
913 1681 1156 1752 gehenna
1183 1677 1507 1748 relinquitur
1526 1685 1580 1729 et
1612 1675 1867 1728 intolera-

272 1786 382 1850 bile
403 1780 756 1852 supplicium;
788 1779 894 1831 imo
919 1774 1080 1829 etiam
1107 1771 1212 1825 hoc
1249 1770 1452 1824 dictum
1481 1767 1724 1837 gehenna
1756 1766 1869 1834 ipsa

269 1875 491 1949 gravius
513 1883 615 1928 est.
640 1871 753 1926 lloc
782 1869 943 1924 etiam
973 1865 1107 1921 dixit
1128 1862 1473 1934 operantibus
1499 1861 1865 1929 iniquitatem:

275 1948 362 2022 15.
405 1963 618 2036 Vigilate
645 1963 812 2032 itaque
839 1999 855 2023 ,
908 1957 1028 2027 quia
1069 1955 1270 2008 nescitis
1305 1953 1439 2006 diem
1480 1966 1640 2019 nequc
1667 1948 1866 2000 lteram.

273 2059 462 2113 Viden’
506 2068 664 2126 quam
696 2052 1002 2120 frequenter
1032 2047 1116 2102 his
1161 2046 1338 2101 verbis
1369 2043 1546 2105 finiat,
1579 2039 1870 2095 ostendens

271 2148 625 2221 ignorantiam
655 2145 830 2198 cx’tus
853 2157 917 2196 ex
958 2140 1058 2194 hac
1085 2139 1191 2192 vita
1221 2135 1408 2191 utilem
1441 2133 1607 2189 esse?
1638 2131 1868 2188 Ubinam

269 2250 398 2295 sunt
428 2237 502 2293 illi
525 2251 622 2308 per
648 2243 812 2289 totam
838 2233 1000 2286 vitam
1023 2228 1256 2290 desides,
1291 2227 1531 2297 quicum
1559 2225 1871 2285 incusantur

270 2350 303 2386 ιι
342 2331 497 2386 nobis
535 2327 758 2382 dicunt:
801 2322 987 2378 Mortis
1013 2329 1254 2388 tempore
1295 2318 1480 2388 egenis
1534 2311 1871 2383 relinquam?

272 2423 507 2479 Audiant
535 2419 651 2474 lucc
681 2417 861 2480 verba,
893 2425 945 2470 et
965 2411 1336 2470 emendentur.
1373 2409 1506 2464 Nam
1539 2411 1590 2464 in
1623 2408 1714 2464 illo
1737 2415 1872 2460 tem-

273 2531 404 2586 pore
429 2513 580 2569 multi
604 2511 652 2566 id
673 2526 776 2565 non
802 2517 1110 2578 potuerunt,
1135 2505 1311 2560 subito
1337 2503 1574 2573 abrepti,
1601 2517 1698 2557 nec
1715 2499 1872 2571 quid-

271 2622 431 2677 quam
461 2605 575 2659 suis
607 2601 674 2657 de
723 2613 971 2670 suprema
1020 2595 1293 2650 voluntate
1335 2593 1574 2648 indicare
1623 2600 1866 2662 potuere.

273 2698 399 2752 llmc
430 2697 608 2765 itaque
630 2692 878 2764 parabola
915 2691 1056 2746 circa
1103 2689 1500 2758 eleemosynam
1533 2685 1676 2740 illam
1708 2699 1869 2753 pecu—

273 2789 497 2842 niariatn
524 2786 667 2841 dicta
712 2793 831 2840 est:
863 2797 982 2854 qua:
1008 2790 1186 2836 autem
1217 2782 1354 2833 hanc
1384 2778 1647 2848 sequitur,
1680 2785 1868 2831 contra

271 2897 369 2940 eos
389 2882 478 2953 qui
500 2896 606 2936 non
636 2879 893 2949 pecuniis,
916 2893 1020 2931 non
1048 2876 1234 2934 verbo,
1266 2890 1370 2929 non
1398 2871 1724 2943 patrocinio,
1758 2883 1865 2922 non

272 2975 380 3027 alio
407 2973 658 3043 quopiam
691 2970 966 3039 proximos
988 2968 1176 3037 juvare
1210 2965 1418 3029 volunt,
1450 2963 1542 3018 sed
1568 2962 1745 3016 omnia
1770 2961 1865 3015 ab-

272 3064 562 3119 scondunt.
602 3061 713 3116 Cur
750 3067 930 3114 autem
963 3059 1077 3112 htcc
1126 3055 1378 3126 parabola
1428 3069 1634 3123 regem,
1669 3065 1871 3121 prtece-

272 3155 409 3222 dos
475 3169 606 3210 vero
669 3165 923 3222 sponsum
975 3147 1226 3204 inducit?
1271 3146 1340 3202 U'.
1389 3147 1566 3201 discas
1615 3151 1870 3214 quantum

272 3245 522 3301 Christus
549 3243 747 3297 btereat
772 3240 1066 3312 virginibus
1093 3280 1107 3303 ,
1139 3253 1258 3308 quae
1288 3251 1406 3292 sese
1433 3236 1589 3289 bonis
1618 3235 1730 3288 suis
1751 3247 1874 3302 Spo-

275 3339 492 3392 liarunt.
552 3336 676 3390 Ilzec
715 3343 799 3389 est
846 3334 988 3387 enim
1032 3331 1325 3401 virginitas.
1377 3328 1714 3397 Quapropter
1740 3325 1876 3379 Pau-

275 3431 361 3485 lus
387 3430 523 3484 hanc
557 3428 707 3498 ponit
733 3427 810 3482 rei
845 3426 1211 3481 definitionem
1245 3442 1256 3476 :
1296 3421 1523 3487 lnnupta
1557 3419 1776 3474 sollicita
1801 3427 1875 3473 est

274 3526 338 3576 de
364 3523 429 3576 iis
453 3537 568 3591 qua
597 3519 788 3573 domini
817 3527 972 3580 sunt,
1001 3509 1060 3569 ut
1080 3516 1144 3569 sit
1177 3515 1438 3578 modesta,
1465 3525 1707 3582 quantum
1736 3511 1876 3564 deret

274 3613 443 3676 illam,
487 3625 600 3680 quia
653 3609 870 3662 Domino
898 3607 1086 3661 assidet
1115 3615 1355 3675 perpetuo
1400 3604 1476 3674 (l.
1523 3603 1642 3657 Cor.
1679 3603 1729 3656 'l.
1783 3602 1875 3656 54.

277 3705 348 3760 35
370 3705 411 3772 ).
462 3702 590 3759 Ilaec
618 3702 994 3764 admonemus,
1031 3699 1222 3769 inquit.
1253 3697 1404 3766 Quod
1433 3697 1476 3750 si
1505 3696 1644 3763 apud
1678 3695 1874 3748 Lucam

278 3796 307 3865 (-
331 3795 460 3862 Cap.
493 3793 582 3849 19.
620 3794 704 3846 12.
735 3807 872 3859 seqq.
911 3790 930 3861 )
957 3790 1276 3843 talentorum
1309 3787 1556 3857 parabola
1580 3788 1685 3840 alio
1717 3785 1877 3838 modo

279 3895 543 3950 narratur,
579 3882 706 3937 illud
732 3881 1036 3945 dicendum,
1056 3880 1187 3933 alias
1216 3887 1272 3932 et
1299 3878 1538 3932 diversas
1565 3891 1684 3931 esse
1715 3891 1872 3945 para-

279 3979 451 4033 bolas.
482 3977 540 4031 In
581 3976 668 4030 illa
715 3975 856 4029 enim
880 3990 946 4028 ex
973 3988 1075 4026 una
1117 3987 1323 4026 summa
1349 3971 1543 4025 diversi
1579 3971 1724 4023 fuere
1753 3984 1876 4038 pro-

274 4079 473 4124 ventus
505 4085 518 4120 :
550 4082 669 4122 nam
702 4082 766 4120 ex
799 4083 901 4120 una
935 4079 1060 4120 mna
1081 4065 1216 4119 alius
1245 4063 1499 4134 quinque,
1529 4064 1665 4116 alius
1688 4062 1876 4116 decem

280 4179 438 4220 lunas
487 4162 812 4222 obtulerunt.
867 4161 1090 4232 ideoque
1131 4173 1236 4214 non
1290 4156 1477 4213 eadem
1526 4155 1699 4209 sortiti
1754 4163 1880 4209 sunt

280 4258 422 4311 dona
458 4272 470 4308 :
501 4254 588 4308 hic
613 4268 743 4307 vero
773 4260 962 4306 contra
989 4293 1002 4312 ,
1029 4250 1259 4319 ideoque
1300 4263 1457 4318 pares
1486 4262 1702 4302 corona:
1731 4255 1876 4300 sunt.

279 4348 413 4404 Nam
442 4355 498 4400 ut
533 4346 576 4400 is
601 4345 691 4415 qui
723 4344 830 4399 duo
857 4341 1084 4412 accepit,
1111 4341 1212 4395 alia
1230 4341 1336 4396 duo
1357 4339 1608 4403 reddidit,
1635 4338 1880 4392 similiter

277 4440 444 4496 etiam
475 4437 563 4507 qui
603 4436 839 4506 quinque
865 4433 1072 4502 accepit
1100 4449 1114 4485 :
1146 4432 1218 4487 ibi
1261 4446 1390 4486 vero
1418 4446 1484 4485 ex
1511 4429 1699 4485 eadem
1731 4438 1878 4484 sorte

280 4535 419 4587 alius
447 4525 725 4600 majorem,
759 4529 892 4582 alius
927 4528 1186 4580 minorem
1218 4535 1531 4594 proventum
1556 4523 1740 4577 habttit
1778 4541 1790 4576 :
1821 4523 1873 4576 in

283 4623 518 4693 praemiis
537 4635 746 4691 quoque
762 4621 884 4688 jure
911 4633 1014 4671 non
1041 4632 1132 4685 par
1153 4616 1255 4669 erit
1283 4629 1512 4669 merces.
1545 4613 1678 4668 Vide
1700 4623 1876 4666 autem

287 4717 436 4769 illum
465 4714 660 4783 ubique
691 4728 795 4766 non
839 4711 1018 4766 statim
1047 4710 1282 4779 exigere.
1327 4707 1460 4763 Nam
1494 4710 1704 4763 vineam
1731 4707 1884 4762 dedit

283 4808 552 4879 agricolis,
601 4815 654 4861 et
695 4819 920 4875 peregre
954 4803 1226 4874 prolectus
1251 4810 1366 4866 est;
1411 4801 1491 4855 sic
1533 4810 1586 4853 et
1619 4800 1722 4853 hoc
1762 4800 1892 4853 loco,

285 4903 403 4956 haec
425 4898 716 4961 commisit,
745 4907 798 4952 et
825 4896 1189 4967 peregrinatus
1206 4905 1284 4948 est
1308 4936 1321 4956 ,
1351 4904 1408 4947 ut
1435 4893 1610 4946 discas
1632 4907 1876 4962 magnam

287 4992 407 5062 ejus
435 4989 766 5060 patientiam.
815 4985 941 5040 Mihi
992 4984 1408 5040 autcm~videtnr
1454 4983 1568 5037 luce
1598 4983 1795 5044 dicere.
1824 4993 1882 5036 ut

286 5078 736 5140 resurrectionem
766 5079 1086 5133 subindicet.
1126 5078 1318 5131 Verum
1365 5078 1450 5132 hic.
1482 5092 1585 5129 non
1632 5076 1881 5145 agi-ieiilae

284 5186 340 5232 et
365 5175 539 5235 vinea,
583 5171 675 5226 sed
705 5186 894 5225 omnes
921 5170 1150 5239 operarii
1183 5180 1328 5223 sunt.
1361 5170 1472 5222 Non
1503 5168 1645 5222 cnim
1677 5167 1878 5236 princi-

286 5281 380 5335 pes
410 5273 633 5329 tantam,
670 5277 769 5318 nec
788 5261 1002 5316 JlldtBOS
1023 5302 1036 5324 ,
1069 5259 1162 5314 sed
1190 5275 1376 5313 onmes
1404 5259 1706 5328 alloquitur.
1740 5257 1882 5310 Offe-

286 5369 468 5411 rentes
518 5367 695 5410 autem
727 5357 955 5424 ingenue
1014 5352 1246 5406 fatentur
1285 5361 1339 5405 et
1385 5366 1502 5423 quae
1545 5365 1638 5403 sua
1681 5358 1735 5402 et
1765 5364 1882 5417 quae

288 5448 501 5502 Domini
529 5457 671 5500 sunt.
702 5446 954 5514 Aliusque
975 5443 1127 5508 dicit,
1159 5442 1248 5495 20.
1283 5441 1516 5505 Domine,
1549 5441 1767 5511 quinque
1795 5448 1875 5491 ta-

288 5539 426 5591 lenta
465 5537 720 5591 tradidisti
751 5535 915 5600 mihi;
946 5536 1080 5589 alius
1113 5579 1126 5600 ,
1156 5537 1267 5588 Duo
1297 5553 1308 5584 :
1343 5541 1704 5588 monstrantes
1730 5547 1788 5586 se
1817 5531 1884 5586 ab

288 5630 383 5684 illo
439 5630 764 5698 operationis
813 5629 1150 5682 occasionem
1208 5628 1498 5697 accepisse,
1550 5627 1884 5696 multamque

354 5765 376 5798 ι
402 5763 510 5821 Abi,
533 5764 636 5813 oleo
660 5775 849 5813 carens.

357 5827 386 5860 ⁵
402 5827 502 5877 Atil
527 5825 727 5882 habent,
753 5828 932 5894 gloria,
961 5840 1067 5888 pro,
1089 5828 1306 5879 utilitas...

1166 365 1230 422 IN
1272 357 1678 420 MXTTIIAEU.“
1705 354 1950 410 1101111..
1994 349 2273 406 LXXVIII.
2316 351 2386 404 al.
2429 348 2666 406 LXXIX.

3478 345 3509 400 7
3523 347 3584 400 li

1977 468 2077 538 ipsi
2101 469 2326 538 gratiam
2353 465 2572 531 habere,
2596 475 2652 522 et
2676 474 2843 519 totum
2871 465 2970 533 ipsi
3019 473 3288 534 reputare.
3318 459 3456 528 Quid
3478 460 3592 528 igi-

1980 571 2065 614 tur
2099 558 2388 614 dominns?
2411 557 2503 613 21.
2531 556 2694 626 Euge,
2723 572 2863 611 serve
2881 557 3030 621 bone,
3063 556 3234 626 ittqttit
3257 553 3411 626 (illud
3444 553 3591 608 enim

1977 650 2103 706 boni
2129 650 2231 704 viri
2260 657 2371 714 est,-
2407 663 2469 702 ea
2496 663 2617 718 qum
2649 645 3032 716 proximisunt
3060 647 3328 715 respicere
3354 646 3373 717 )
3401 685 3418 712 ,
3450 655 3502 698 et
3521 645 3589 709 [i-

1980 743 2110 796 dolis
2138 757 2158 796 :
2185 758 2340 812 super
2369 756 2533 811 pauca
2553 739 2696 808 [nisti
2714 737 2913 808 ﬁdelis,
2946 752 3104 808 super
3125 737 3286 790 multa
3317 745 3363 790 te
3390 734 3591 790 consti-

1976 843 2113 887 tuam
2135 851 2149 898 ;
2171 834 2316 905 intra
2343 833 2395 885 in
2415 831 2662 903 gaudium
2689 830 2886 884 domini
2906 829 3000 885 tui.
3031 826 3261 884 Omnem
3298 825 3590 881 beatitudi-

1976 942 2100 981 nem
2124 941 2221 996 per
2249 926 2350 980 hoc
2375 923 2577 980 dietutn
2592 922 2848 978 ostendit.
2866 924 2936 977 At
2965 921 3175 977 nonille
3195 920 3293 986 sic,
3314 920 3408 976 sed
3445 935 3584 992 quo-

1975 1017 2174 1072 modo?
2198 1015 2292 1072 25.
2321 1016 2555 1072 Sciebant
2575 1016 2700 1088 quia
2724 1015 2875 1068 homo
2901 1024 3135 1069 austerus
3166 1029 3240 1078 es,
3286 1021 3475 1067 metens
3500 1012 3585 1065 ubi

1974 1126 2082 1165 non
2105 1110 2387 1173 scmiuasti,
2423 1118 2468 1164 ct
2500 1124 2816 1180 congregans
2841 1107 2928 1162 ubi
2974 1123 3078 1160 non
3107 1105 3343 1176 sparsisti
3365 1121 3386 1160 .'
3405 1104 3497 1161 25.
3532 1114 3585 1158 et

1975 1203 2156 1257 timens
2179 1200 2421 1255 abscondi
2452 1200 2697 1254 talentum
2727 1209 2888 1252 tuum.
2925 1196 3058 1252 Ecce
3087 1195 3241 1250 habes
3267 1195 3406 1267 quod
3442 1205 3584 1249 tun-nt

1973 1305 2068 1352 est.
2088 1296 2226 1364 Quid
2256 1309 2386 1365 ergo
2412 1293 2705 1349 dominus?
2729 1291 2822 1347 26.
2872 1290 3030 1347 Serve
3053 1305 3293 1360 nequam,
3321 1289 3585 1360 oportebat

1973 1398 2021 1442 te
2066 1389 2318 1457 deponere
2369 1392 2636 1456 argentum
2685 1400 2853 1438 meum
2896 1381 3254 1436 nummulariis
3307 1395 3324 1435 :
3368 1379 3423 1435 id
3477 1391 3580 1444 est,

1972 1477 2222 1548 Oportnit
2248 1486 2302 1534 te
2345 1477 2643 1540 monuisse,
2679 1474 3039 1529 consuluisse.
3089 1471 3195 1529 Sed
3240 1488 3345 1527 non
3374 1470 3592 1526 obtem-.

1973 1570 2203 1641 perant?
2233 1568 2374 1623 Nihil
2399 1567 2501 1621 hoc
2525 1566 2590 1620 ad
2615 1577 2684 1620 te.
2711 1565 2850 1634 Quid
2879 1565 2971 1619 illo
2999 1562 3372 1619 mansuetius?

2045 1662 2100 1716 5.
2134 1661 2392 1714 lloniines
2419 1668 2566 1713 certe
2595 1656 2698 1712 hoc
2727 1673 2833 1711 non
2864 1655 3099 1721 faciunt,
3131 1654 3225 1710 sed
3255 1655 3324 1710 ab
3353 1655 3471 1724 ipse
3498 1657 3586 1724 qui

1975 1751 2164 1808 faenori
2196 1750 2376 1813 dedit,
2411 1749 2661 1819 exigendi
2704 1748 2940 1803 officium
2982 1755 3259 1818 expetunt.
3299 1745 3423 1817 Ipse
3459 1759 3588 1799 vero

1973 1859 2079 1897 non
2111 1843 2190 1897 sic
2238 1859 2251 1900 :
2299 1840 2429 1904 sed,
2480 1840 2559 1894 Te
2601 1840 2886 1909 oportebat
2934 1837 3239 1908 deponere,
3286 1837 3491 1905 inquit,
3536 1847 3589 1890 et

1971 1937 2306 1992 exactionem
2349 1933 2476 1987 mihi
2523 1932 2850 2002 relinquere.
2900 1929 2970 1984 Et
3006 1945 3108 2001 ego
3144 1944 3266 1985 cum
3300 1945 3459 1984 usura
3492 1945 3588 1984 ex-

1974 2026 2240 2096 egissem;
2271 2038 2486 2078 usuram
2515 2022 2792 2078 concionis
2822 2023 2940 2076 sive
2964 2020 3178 2076 auditus
3200 2036 3400 2076 vocans
3424 2037 3588 2091 opera

1979 2117 2094 2187 ipsa
2126 2115 2384 2171 exhibita.
2414 2115 2491 2170 Te
2517 2114 2753 2184 oportuit
2781 2113 2832 2168 id
2859 2112 3001 2183 quod
3033 2111 3242 2168 facilius
3268 2121 3384 2168 erat
3404 2127 3586 2182 agere,

1975 2211 2214 2280 mihique
2243 2208 2385 2279 quod
2417 2217 2531 2263 erat
2573 2207 2841 2262 difficilius
2885 2205 3384 2275 relinquere.,Quia
3430 2205 3604 2276 igitur

1975 2301 2078 2358 hoc
2105 2318 2212 2356 non
2243 2301 2402 2367 fecit,
2435 2301 2536 2365 ait,
2567 2300 2658 2355 28.
2690 2301 2916 2370 Accipite
2941 2300 3003 2353 ab
3028 2315 3087 2353 eo
3115 2300 3377 2365 talentum,
3406 2310 3451 2353 et
3473 2299 3591 2352 date

1974 2395 2020 2448 ei
2045 2396 2133 2464 qui
2160 2394 2335 2448 decem
2365 2393 2552 2447 talenta
2580 2393 2746 2446 habet.
2788 2393 2881 2447 29.
2917 2389 3060 2445 Nam
3090 2393 3229 2445 omni
3260 2391 3466 2446 habenti
3492 2392 3590 2444 da-

1974 2486 2126 2551 bitur,
2155 2493 2200 2538 et
2230 2483 2538 2546 abundabit;
2569 2484 2631 2537 ab
2661 2500 2718 2537 eo
2745 2493 2912 2536 autem
2937 2484 3022 2553 qui
3055 2498 3155 2536 non
3183 2482 3351 2546 habet,
3378 2491 3426 2536 et
3453 2483 3612 2552 quod»

1975 2576 2154 2630 habet'
2183 2579 2448 2646 auferetur
2464 2573 2526 2627 ab
2553 2590 2632 2627 eo.
2661 2571 2798 2640 Quid
2829 2583 3008 2628 autem
3043 2573 3142 2628 hoc
3173 2572 3470 2644 significat?
3493 2572 3591 2640 Qui

1975 2671 2197 2741 gratiam
2223 2667 2373 2722 verbi
2402 2675 2456 2721 et
2485 2666 2746 2720 doctrina:
2773 2665 2838 2719 ad
2869 2664 3152 2718 utilitatem
3178 2664 3406 2718 alierum
3438 2679 3594 2719 acce-

1977 2765 2087 2831 pit,
2137 2776 2235 2815 nec
2276 2760 2362 2814 illa
2404 2775 2532 2814 usus
2564 2767 2679 2823 cst,
2725 2758 2950 2828 gratiam
2995 2756 3164 2826 ipsam
3213 2755 3401 2825 perdet
3448 2773 3460 2808 :
3504 2755 3595 2826 qui

1975 2862 2154 2908 autem
2199 2851 2434 2906 studium
2475 2865 2630 2904 suum
2671 2849 2950 2914 adhibuit,
2999 2848 3172 2915 majus
3216 2849 3317 2903 sibi
3357 2849 3594 2902 attrahet

1974 2945 2206 3011 donum;
2238 2959 2360 2999 cura
2401 2955 2587 2999 contra
2632 2943 2722 2996 ille
2762 2941 2902 3012 (mod
2948 2952 3230 3010 acceperat
3280 2942 3592 3011 perdiderit.

1979 3037 2176 3093 Verum
2205 3036 2380 3090 otioso
2414 3050 2518 3090 non
2552 3034 2603 3088 id
2629 3035 2803 3089 solum
2838 3033 3022 3087 damni
3051 3018 3175 3093 fuit,
3210 3034 3302 3086 sed
3337 3034 3595 3087 intolera-

1978 3130 2083 3183 bile
2115 3128 2474 3197 supplicium,
2508 3137 2561 3180 et
2590 3141 2712 3180 cum
2746 3126 3008 3194 supplicio
3035 3127 3299 3179 sententia
3331 3125 3590 3178 crimina-

1979 3223 2141 3276 tionis
2173 3222 2346 3290 plena.
2384 3219 2472 3274 30.
2511 3217 2756 3272 lnutilcm
2785 3233 3010 3282 servum,
3046 3219 3248 3287 inquit,
3279 3218 3513 3288 projicitc
3541 3218 3594 3269 in

1980 3312 2207 3366 tenebras
2245 3311 2554 3373 exteriores;
2595 3308 2666 3363 ibi
2709 3309 2802 3362 erit
2843 3309 2992 3378 ﬂetus
3030 3317 3078 3362 et
3119 3309 3307 3362 stridor
3348 3309 3594 3367 dentium.

1983 3404 2168 3458 Viden‘
2197 3402 2466 3473 quomodo
2497 3415 2602 3456 non
2633 3381 2807 3455 solum
2847 3410 3029 3471 raptor
3067 3409 3118 3455 et
3161 3403 3252 3471 qui
3294 3403 3434 3456 mala
3469 3419 3595 3470 per-

1983 3505 2190 3567 petrat,
2224 3496 2318 3551 sed
2358 3497 2521 3550 etiam
2562 3495 2606 3548 is
2642 3495 2733 3564 qui
2765 3495 2901 3549 bona
2951 3511 3054 3548 non
3098 3506 3374 3564 operatur,
3415 3507 3600 3551 extre-

1981 3606 2126 3644 mum
2158 3589 2476 3658 supplicium
2515 3587 2659 3641 luat?
2691 3586 2989 3642 Audiamus
3026 3588 3188 3658 igitur
3233 3587 3346 3643 hate
3389 3591 3550 3644 verba
3581 3606 3596 3651 ;

1981 3681 2107 3735 dum
2139 3690 2350 3749 tempus
2376 3689 2491 3740 est,
2526 3687 2767 3733 nostram
2798 3694 3109 3734 asseramus
3152 3679 3378 3734 salutem
3402 3723 3418 3746 ,
3459 3681 3601 3735 accio

1985 3776 2193 3843 piaiuus
2222 3773 2401 3829 oleum
2431 3773 2483 3826 in
2512 3772 2848 3841 lampadibus
2867 3814 2882 3838 ,
2912 3772 3176 3826 talcntum
3207 3772 3273 3828 ad
3305 3772 3483 3829 fmuus
3506 3773 3602 3829 de-

1984 3883 2102 3921 ntus
2136 3885 2150 3920 :
2182 3867 2226 3920 si
2257 3866 2399 3922 enim
2432 3865 2519 3919 hic
2545 3865 2702 3919 otiosi
2730 3874 2785 3920 et
2814 3865 2945 3934 pigri
2978 3863 3271 3930 fuerimus,
3305 3845 3477 3921 nemo.
3501 3880 3598 3920 no-

1983 3960 2077 4012 stri
2110 3959 2219 4012 illic
2252 3957 2616 4017 miserebitur,
2645 3956 2854 4009 etiamsi
2885 3955 3079 4009 millies
3108 3955 3375 4027 lacrymas
3407 3955 3595 4010 funda.

1983 4066 2124 4103 mus.
2170 4047 2420 4117 Scipsutn
2467 4047 2744 4100 damnavit
2791 4048 2954 4102 etiam
2997 4048 3042 4100 is
3085 4047 3175 4116 qui
3220 4047 3433 4102 sordida
3480 4056 3598 4104 erat

1985 4154 2148 4205 veste,
2182 4149 2236 4195 et
2260 4140 2393 4194 nihil
2425 4141 2629 4210 accepit
2655 4139 2920 4193 utilitatis.
2956 4138 3211 4193 Reddidit
3238 4139 3325 4194 hic
3345 4142 3600 4196 commis-

1986 4250 2104 4288 sum
2135 4233 2234 4288 sibi
2267 4231 2528 4285 talentum
2550 4274 2564 4295 ,
2601 4241 2656 4284 ct
2696 4231 2772 4284 sic
2801 4230 3087 4285 damnatus
3120 4241 3221 4286 est.
3250 4230 3603 4302 Rogavernnt

1987 4326 2113 4380 item
2155 4325 2423 4394 virgines,
2473 4333 2851 4386 accesserunt,
2904 4323 3219 4391 pulsarunt;
3261 4323 3356 4378 sed
3403 4323 3600 4379 frustra

1986 4426 2040 4470 ct
2069 4418 2336 4469 incassum
2367 4415 2570 4467 omnia.
2597 4413 2720 4467 lla-c
2737 4429 2866 4483 ergo
2887 4429 3006 4468 cum
3033 4415 3287 4482 sciamus,
3319 4415 3596 4482 pecunias,

1986 4509 2253 4574 stmlium,
2285 4498 2636 4577 patrocinium
2665 4517 2719 4562 et
2742 4509 2921 4561 omnia
2952 4506 3246 4562 oﬂ‘eramus
3272 4507 3336 4560 ad
3363 4509 3594 4576 proximi

1990 4602 2290 4655 utilitatem.
2343 4599 2568 4654 Talenta
2613 4599 2757 4654 enim
2805 4598 2893 4653 hic
2931 4606 3210 4663 vocantur,
3243 4614 3362 4668 quae
3407 4600 3465 4655 in
3507 4615 3600 4655 cu-

1981 4695 2177 4763 jusque
2216 4701 2479 4760 potestate
2510 4701 2662 4751 sunt.
2706 4691 2820 4745 sive
2857 4690 3208 4759 patrocinium
3231 4732 3246 4754 ,
3276 4690 3389 4745 sive
3427 4705 3597 4761 pecu-

1992 4787 2091 4839 nire
2113 4828 2127 4850 ,
2169 4787 2282 4838 sive
2310 4785 2554 4838 doctrina
2575 4824 2592 4848 ,
2625 4783 2739 4837 sive
2765 4781 2912 4836 aliud
2940 4781 3227 4852 quidquam
3263 4781 3599 4853 hujusmoili.

1988 4877 2158 4932 Nemo
2189 4877 2366 4944 itaque
2393 4875 2568 4938 dicat,
2599 4873 2774 4930 Unum
2807 4873 2980 4928 habeo
3019 4875 3310 4942 talentum,
3357 4875 3600 4945 nihilque

1990 4984 2208 5038 possunt
2246 4968 2438 5022 facere.
2473 4967 2633 5020 Putes
2663 4966 2805 5019 enim
2845 4981 2965 5020 cum
2997 4983 3105 5020 uno
3139 4983 3254 5023 rem
3298 4968 3463 5035 [robe
3502 4986 3601 5037 ge-

1992 5078 2130 5116 rere.
2170 5061 2350 5127 Neqne
2395 5061 2537 5116 enim
2571 5075 2629 5114 es
2657 5059 2811 5112 vidua
2845 5059 2930 5113 illa
2962 5061 3263 5128 pauperior,
3299 5078 3404 5116 non
3439 5063 3601 5118 Petro

1990 5163 2042 5206 et
2073 5152 2280 5205 Joanne
2319 5151 2525 5214 rudior,
2567 5151 2656 5219 qui
2695 5151 2872 5203 idiom
2899 5162 2952 5204 et
2985 5150 3215 5203 illiterati
3245 5161 3418 5205 erant.
3455 5153 3608 5207 Atta-

1992 5261 2112 5298 men
2143 5244 2268 5312 quia
2305 5243 2539 5295 studimn
2573 5257 2726 5294 suum
2769 5241 3164 5304 cxhibuerunt,
3210 5243 3498 5312 omniaque
3537 5245 3602 5297 ad

1991 5350 2332 5390 eomnmncm
2386 5334 2628 5390 fecerunt
2666 5331 2988 5398 utilitatem,
3033 5333 3166 5385 czclo
3207 5332 3408 5401 dignati
3457 5343 3606 5388 sunt.

1991 5430 2128 5483 Nihil
2152 5429 2297 5482 enim
2333 5429 2400 5479 ita
2438 5427 2548 5480 Deo
2569 5437 2774 5495 gratum
2799 5434 2900 5485 est,
2936 5437 2993 5478 ut
3016 5426 3059 5479 si
3083 5427 3245 5478 vitam
3269 5427 3334 5479 ad
3359 5443 3606 5482 commn—

1992 5538 2110 5575 nem
2135 5520 2418 5573 utilitatem
2443 5518 2663 5572 dueas’.
2691 5518 2815 5570 Ideo
2837 5517 3089 5586 loquendi
3123 5519 3429 5573 facultatem
3455 5521 3608 5575 nobis

2057 5697 2071 5726 ί
2104 5694 2155 5742 lu
2192 5692 2353 5741 Morel.
2382 5700 2434 5740 et
2469 5691 2636 5754 paucis
2677 5697 2782 5738 Mss.
2811 5689 3010 5750 legitur,
3046 5695 3092 5739 et
3130 5692 3259 5752 quod
3305 5691 3487 5743 habere.
3527 5689 3595 5742 ri-

2043 5772 2053 5786 ’
2096 5772 2153 5802 11’.

1994 5758 2216 5877 mitam,
2244 5825 2291 5866 ut
2319 5820 2356 5866 si
2383 5812 2644 5866 communis
2670 5821 2917 5876 qutt'ratm'
2946 5813 3145 5867 utilittw
