4074 6426
539 330 648 387 715

537 440 687 497 dedit
715 440 873 500 Deus.
903 452 1121 504 manus,
1149 438 1330 513 pedes,
1366 438 1531 493 robur
1553 434 1813 507 corporis,
1845 442 2079 490 mentem
2100 471 2118 498 ,

541 531 940 601 intelligentiam
957 569 974 598 ,
1003 538 1061 585 ut
1081 529 1165 585 bis
1187 531 1436 585 omnibus
1456 540 1510 584 et
1534 528 1600 583 ad
1630 528 1856 583 salutem
1882 533 2119 581 nostram

537 632 592 677 et
616 620 683 676 ad
708 621 935 676 aliorum
966 620 1250 676 utilitatem
1278 610 1510 676 utamur.
1539 620 1773 690 Loquela
1799 618 1939 672 enim
1967 616 2121 671 nobis

535 728 640 768 non
666 712 733 766 ad
762 711 989 784 hymnos
1023 711 1370 767 celebrandos
1405 723 1456 766 et
1483 712 1680 782 gratias
1709 706 2007 763 reddendas
2036 721 2125 761 so.

535 805 643 860 lutu
673 804 796 860 data
825 816 939 871 est,
966 803 1062 860 sed
1091 805 1251 860 etiam
1282 805 1351 859 ad
1376 804 1672 858 doctrinam
1702 800 1846 855 utilis
1871 810 1952 854 est
1975 808 2029 854 et
2053 797 2121 853 ad

534 898 969 951 admonitionem.
1009 895 1075 951 Et
1110 896 1156 950 si
1190 894 1259 951 ad
1298 896 1401 949 hoc
1441 895 1527 948 illa
1563 902 1793 960 utamur,
1839 889 2121 945 Dominum

536 992 841 1054 imitamur;
872 990 917 1044 si
951 1002 1083 1044 vero
1108 988 1178 1043 ad
1213 987 1507 1052 contraria,
1547 986 1837 1041 diabolum.
1866 981 2122 1052 Quando-

535 1081 750 1152 quidem
777 1091 830 1137 et
857 1081 1050 1136 Petrus
1074 1095 1195 1138 cum
1217 1079 1487 1133 Christum
1509 1079 1779 1132 confessus
1805 1084 1907 1140 est,
1936 1075 2123 1128 beatus

534 1175 851 1243 praedicatus
891 1172 1023 1238 fuit,
1072 1181 1133 1226 ut
1167 1172 1255 1241 qui
1294 1186 1324 1225 a
1365 1171 1518 1225 Patre
1546 1169 1733 1224 doctus
1768 1167 2073 1237 loqueretur
2104 1181 2118 1217 :

532 1280 652 1319 cam
684 1279 811 1319 vero
838 1277 1051 1318 crucem
1081 1261 1335 1318 horrebat
1370 1269 1425 1317 et
1452 1260 1773 1330 repellebat,
1820 1260 2122 1329 iucrepatus

535 1367 619 1410 est
644 1356 1014 1421 vehementer,
1046 1356 1215 1425 utqui
1243 1370 1303 1409 ea
1331 1369 1449 1424 qua:
1478 1352 1671 1407 diaboli
1707 1360 1859 1407 erant
1885 1359 2117 1420 saperet.

535 1447 591 1502 Si
635 1462 763 1517 ergo
803 1446 888 1501 ubi
928 1461 993 1502 ex
1034 1446 1327 1516 ignorantia
1369 1444 1697 1513 loquebatur,
1744 1452 1846 1496 tam
1885 1442 2121 1512 graviter

476 1574 477 1577 η
534 1540 893 1610 reprehensus
918 1548 1000 1594 est
1033 1556 1046 1592 :
1079 1539 1291 1609 quando
1335 1537 1561 1593 libenter
1601 1536 1764 1590 multa
1807 1547 2114 1606 peccamus,

530 1646 687 1701 quam
708 1629 1020 1685 habebimus
1086 1630 1296 1686 veniam
1332 1628 1349 1660 ¹
1378 1628 1404 1681 ‘t
1463 1627 1612 1685 Talia
1663 1626 1819 1699 igitur
1839 1624 2118 1695 loquamur

530 1733 589 1775 ut
632 1722 759 1778 hinc
784 1721 980 1777 Christi
1020 1736 1138 1776 esse
1178 1723 1336 1775 verba
1377 1718 1545 1789 palam
1590 1717 1678 1773 sit.
1728 1715 1843 1771 Non
1887 1716 2026 1771 enim
2070 1712 2116 1767 si

530 1813 738 1881 dixero,
764 1814 930 1885 Surge
944 1824 988 1868 et
1010 1813 1214 1866 ambula
1234 1811 1440 1883 (Matth.
1460 1809 1516 1866 9.
1538 1810 1618 1881 5),
1643 1824 1817 1878 neque
1843 1807 1886 1863 si
1907 1808 2109 1870 dixero,

528 1900 780 1957 Thabitha
798 1944 812 1970 ,
842 1919 991 1973 surge
1015 1902 1163 1978 (Aq.
1185 1901 1238 1957 9.
1260 1900 1371 1972 60),
1396 1909 1519 1955 tunc
1540 1899 1712 1953 solum
1733 1896 1928 1952 Christi
1956 1896 2114 1951 verba

527 1998 751 2068 loquor;
783 1996 876 2051 sed
907 1996 1075 2049 tuulto
1104 1995 1270 2065 magis
1299 1994 1343 2047 si
1374 1980 1628 2048 conviciis
1653 1991 1921 2059 impetitus
1953 1988 2113 2042 bene.

528 2089 700 2144 dicam
723 2132 738 2157 ,
778 2088 859 2144 vel
885 2089 927 2143 si
954 2088 1135 2151 ltesus,
1169 2102 1356 2157 precer
1385 2100 1479 2155 pro
1500 2084 1739 2139 laadente.
1765 2081 1945 2152 Nuper
1968 2091 2117 2136 certe

528 2180 769 2236 dicebam
791 2222 810 2247 ,
841 2181 1071 2251 linguam
1104 2190 1340 2234 nostram
1370 2192 1490 2232 esse
1519 2192 1759 2241 manum,
1793 2190 1913 2245 qua:
1953 2172 2113 2243 pedes

530 2272 627 2327 Dei
663 2274 881 2343 attingat
918 2290 930 2325 :
959 2286 1098 2325 nunc
1128 2284 1253 2325 vero
1280 2270 1395 2340 plus
1422 2268 1573 2334 dico,
1611 2268 1841 2337 linguam
1878 2276 2112 2320 nostram

526 2362 721 2418 Christi
753 2363 982 2433 linguam
1013 2360 1242 2428 imitari,
1274 2361 1317 2415 si
1345 2361 1625 2429 diligenter
1644 2360 1854 2431 studeat
1878 2374 1969 2422 ea,
1997 2373 2115 2427 qua:

526 2458 640 2528 ipse
665 2472 761 2512 nos
788 2456 935 2524 vult,
966 2456 1132 2527 loqui.
1172 2456 1301 2524 Quae
1332 2469 1459 2509 vero
1487 2465 1610 2510 sunt
1639 2453 1767 2508 illa?
1796 2452 1966 2507 Verba
1996 2468 2113 2507 mo-

528 2548 714 2603 destia:
755 2548 1283 2616 mansuetudittisque
1313 2546 1507 2616 plena,
1533 2555 1591 2599 ut
1630 2546 1741 2615 ipse
1781 2544 2112 2614 loquebatur,

529 2639 711 2694 dicens
744 2640 807 2693 iis
831 2640 923 2709 qui
949 2637 1267 2694 contumelia
1300 2638 1471 2705 ipsqu
1503 2636 1838 2699 al'liciebant,
1866 2633 1979 2706 Ego
2004 2636 2112 2689 dae-

526 2730 749 2782 monium
773 2745 871 2782 non
895 2728 1052 2783 habeo
1074 2726 1250 2798 (Joun.
1267 2727 1318 2781 8.
1344 2726 1457 2797 49);
1482 2736 1535 2780 et
1558 2741 1761 2791 rursus,
1786 2726 1848 2779 Si
1870 2725 2001 2778 male
2030 2726 2111 2780 lo-

524 2832 710 2891 quutus
725 2835 857 2883 sum,
886 2819 1220 2873 testimonium
1236 2818 1434 2885 perhibe
1452 2818 1515 2871 de
1540 2818 1674 2872 malo
1699 2816 1861 2886 (Ibid.
1886 2818 1972 2873 18.
1990 2818 2107 2890 23);

524 2910 655 2966 disci
664 2911 893 2979 puloque
913 2923 972 2965 se
995 2910 1241 2975 tra‘dcnti,
1264 2909 1457 2973 Amice,
1477 2911 1541 2962 ad
1560 2909 1685 2979 quid
1704 2909 1877 2963 venisti
1895 2899 2106 2979 (Matth.

524 3002 618 3057 26.
648 3001 735 3072 50)
755 3002 778 3053 ?
797 3002 850 3056 Si
875 3013 929 3054 tu
949 3001 1027 3055 sic
1049 3000 1300 3070 loquaris,
1322 3000 1367 3054 si
1388 3001 1454 3054 ad
1474 3001 1897 3056 emendationem
1925 3000 2113 3070 proxi-

525 3092 633 3158 mi,
668 3093 897 3162 linguam
928 3091 1096 3147 babes
1122 3091 1194 3145 illi
1224 3090 1471 3145 similem.
1503 3090 1626 3145 lianc
1652 3093 1765 3160 ipse
1788 3092 1923 3146 Deus
1944 3091 2107 3146 dicit:

528 3185 630 3248 Qui
658 3184 821 3236 educit
856 3182 1128 3251 pretiosum
1156 3198 1187 3233 a
1218 3182 1331 3247 viti,
1373 3170 1502 3234 sicut
1541 3196 1596 3233 os
1638 3197 1802 3233 meum
1839 3182 1929 3233 erit
1959 3180 2107 3249 (Jer.

526 3275 614 3330 i5.
644 3272 767 3344 l9).
800 3273 933 3327 Cutn
963 3286 1091 3343 ergo
1134 3272 1310 3342 lingua
1344 3280 1433 3325 tua
1469 3272 1661 3341 lingua:
1690 3269 1885 3325 Christi
1921 3272 2118 3328 similis

528 3365 713 3430 luerit,
744 3372 798 3418 et
824 3378 887 3417 os
918 3372 1063 3418 tuum
1095 3361 1229 3418 sicut
1252 3376 1313 3416 os
1352 3360 1541 3426 Patris,
1581 3371 1636 3415 et
1674 3360 1901 3429 Spiritus
1940 3363 2110 3417 sancti

529 3456 781 3525 templum
811 3455 1002 3521 fueris,
1026 3455 1145 3526 quis
1168 3454 1334 3509 [ωηολ-
1364 3455 1483 3509 ltuic
1510 3438 1603 3524 par
1624 3470 1742 3509 esse
1770 3455 1972 3524 possit?
1994 3455 2110 3510 Non

526 3550 572 3605 si
608 3564 675 3602 ex
708 3563 841 3603 auro
871 3548 1066 3603 factum
1106 3561 1168 3602 os
1198 3547 1454 3611 haberes,
1503 3561 1609 3599 nou
1652 3546 1696 3600 si
1741 3562 1807 3601 ex
1847 3546 2111 3617 lapidibus

526 3642 795 3712 pretiosis,
829 3643 897 3695 ita
928 3638 1168 3709 fulgeret,
1199 3649 1255 3693 ut
1286 3654 1407 3692 cum
1446 3638 1716 3694 modestia:
1748 3649 1937 3693 ornatu
1975 3654 2107 3694 cott-

526 3736 767 3803 spicuum
790 3744 889 3789 est.
907 3732 1042 3800 Quid
1058 3733 1197 3788 enim
1217 3731 1495 3801 uptabilius
1518 3748 1613 3787 ore
1631 3731 1771 3800 quod
1795 3734 1962 3787 nescit
1983 3748 2109 3787 eon-

530 3825 774 3879 tumelias
801 3822 1060 3892 proferre,
1083 3823 1175 3877 sed
1198 3815 1511 3878 Βωιθυλοειηθ
1525 3824 1695 3878 solum
1716 3823 1930 3879 studet?
1957 3825 2112 3892 Quod

526 3919 570 3972 si
607 3933 711 3971 non
758 3926 909 3985 putes
939 3914 1253 3984 benedicere
1294 3915 1654 3980 utaledicenti,
1686 3924 1800 3970 tace
1846 3935 1857 3969 :
1902 3915 2109 3986 hocque

527 4009 739 4063 interim
774 4007 952 4073 facito,
984 4007 1311 4075 ulteriusque
1338 4021 1667 4076 progressus,
1696 4008 1741 4063 si
1763 4016 1819 4060 ut
1836 4006 1987 4061 decet
2013 4022 2107 4061 co-

531 4100 693 4156 neris.
714 4099 777 4151 ad
798 4098 920 4151 illud
943 4099 1238 4167 pervenies,
1268 4107 1320 4151 et
1348 4114 1407 4151 os
1437 4098 1653 4152 habebis
1677 4099 1831 4167 quale
1851 4098 2107 4153 diximus.

599 4195 653 4246 4.
685 4191 952 4245 Deminica
968 4208 1086 4245 caro
1105 4193 1157 4246 in
1180 4190 1518 4245 Eucharistia.
1544 4190 1728 4245 Christi
1748 4192 1978 4256 imitatio,
2003 4209 2112 4245 mo-

527 4285 816 4353 deratioque
836 4293 881 4337 et
900 4284 1141 4336 modestia
1156 4281 1740 4337 conuuendantur.—-—Ne
1758 4291 1907 4351 putes
1938 4284 2111 4337 audax

527 4390 645 4429 esse
671 4374 899 4429 dictum:
920 4373 1380 4443 benignusquippe
1400 4374 1650 4427 Dominus
1670 4382 1769 4437 est,
1786 4382 1839 4429 et
1858 4374 2111 4428 bonitatis

531 4469 647 4535 ejus
674 4477 755 4522 est
784 4468 979 4521 donum
1026 4466 1345 4535 hujusmudi.
1384 4466 1629 4521 Audacim
1650 4474 1811 4527 esset,
1835 4482 1894 4521 os
1914 4467 2111 4521 habere

529 4560 722 4612 diaboli
756 4559 832 4612 ori
864 4558 1072 4621 simile,
1116 4558 1306 4626 lingua:
1334 4557 1593 4611 datmouis
1621 4558 1833 4627 maligni
1878 4559 2107 4629 linguam
2152 4556 2155 4561 “

533 4649 729 4703 habere
756 4649 1019 4713 similem,
1052 4663 1171 4702 eum
1215 4647 1449 4703 maxime
1485 4649 1573 4717 qui
1604 4649 1782 4703 talium
1824 4654 2109 4720 mysterio-

530 4756 646 4793 rum
679 4754 900 4793 consors
931 4740 1029 4804 sit,
1056 4747 1109 4793 et
1138 4740 1301 4807 ipsius
1326 4738 1605 4793 dominica:
1626 4740 1799 4795 carnis
1826 4724 2116 4810 particeps.

529 4831 655 4885 Haec
689 4840 861 4884 tecum
896 4839 1180 4899 reputans,
1212 4831 1380 4899 ipsum
1410 4845 1508 4899 pro
1545 4830 1742 4884 viribus
1782 4831 2011 4885 imitare.
2055 4832 2109 4885 Si

529 4924 651 4978 talis
695 4922 964 4989 efliciaris,
1007 4938 1074 4977 ne
1116 4932 1165 4977 te
1207 4924 1471 4991 respicere
1499 4924 1711 4994 quidem
1744 4925 1879 4979 ultra
1921 4928 2111 4993 poterit

527 5016 789 5070 diabolus.
823 5014 982 5068 Novit
1006 5014 1202 5083 quippe
1237 5016 1434 5083 regiam
1473 5024 1687 5081 notam;
1735 5018 1881 5069 novit
1915 5015 2110 5071 Christi

532 5122 681 5161 arma
701 5146 715 5170 ,
746 5106 936 5175 quibus
964 5106 1133 5159 victus
1159 5114 1257 5159 est.
1289 5104 1538 5171 Quaenam
1560 5106 1648 5160 illa
1672 5108 1833 5162 sunt?
1856 5107 2107 5162 Modestis

518 5202 584 5253 et
614 5196 984 5252 mansuetudo.
1018 5196 1147 5251 Nam
1178 5211 1296 5250 cum
1326 5196 1471 5250 illum
1511 5198 1563 5251 in
1603 5211 1781 5252 monte
1822 5213 1880 5253 se
1925 5214 2108 5269 aggre.

531 5289 763 5342 dientem
792 5290 1060 5358 superavit
1083 5298 1242 5357 atque
1268 5290 1570 5359 prostravit,
1594 5291 1833 5346 Christus
1860 5306 1977 5346 esse
2007 5308 2110 5347 non

530 5380 986 5457 cognoscebatur?
1016 5381 1118 5435 Sed
1149 5382 1325 5437 verbis
1350 5383 1519 5453 ipsum
1546 5384 1693 5453 quasi
1732 5398 1923 5453 sageua
1950 5394 2109 5453 cepit,

532 5472 793 5529 modestia
826 5474 997 5540 cepit,
1033 5473 1434 5529 mansuetudine
1464 5472 1682 5545 fugavit.
1715 5475 1827 5531 Hoc
1856 5488 1911 5532 et
1956 5488 2007 5529 tu
2039 5477 2114 5531 fac

528 5565 674 5629 cito,
716 5564 761 5619 si
803 5562 996 5617 videris
1040 5565 1305 5620 hominem
1347 5566 1616 5621 diabolum
1644 5566 1923 5633 enectum,
1958 5576 2112 5637 teque

588 5728 604 5757 ι
630 5724 778 5787 Editi,
805 5740 947 5791 qutun
971 5726 1246 5778 habebimus
1266 5728 1657 5783 excusationem?

1208 366 1215 372 -
1274 326 1332 385 S.
1371 322 1647 383 JOANNIS
1680 314 2158 379 (ΖΗΚῖὃῶΤοΜῖ
2196 316 2517 377 ARCHIEP.
2556 316 3090 379 CONSTANTINOP.

3720 322 3837 380 πει

2230 432 2536 500 adeuntem,
2567 449 2643 490 Sic
2671 446 2719 491 et
2755 446 2810 491 tu
2842 438 3055 494 vincito.
3090 437 3242 493 Dedit
3271 437 3362 491 tibi
3396 435 3638 495 Christus
3668 451 3833 509 puteo

2231 533 2420 580 statem
2450 534 2506 579 ut
2533 542 2628 597 pro
2655 528 2854 584 viribus
2883 529 2983 599 ipsi
3013 531 3201 586 similis
3225 529 3494 588 ciliciaris.
3521 530 3600 587 Ne
3633 533 3839 588 timeas

2232 615 2335 673 hoc
2359 618 2599 674 audiens.
2632 620 2947 677 Timeudum
2990 624 3195 692 potius,
3239 639 3306 681 ne
3349 636 3454 678 non
3499 624 3691 678 similis
3724 624 3837 693 ipsi

2232 709 2347 765 llas.
2394 711 2635 781 Loquere
2680 728 2809 784 ergo
2856 723 2915 770 ut
2962 716 3071 774 ille.
3123 725 3176 769 ct
3245 712 3301 766 in
3342 711 3446 764 hoc
3477 714 3587 767 eris
3616 711 3822 768 similis

2232 801 2327 867 illi,
2356 812 2415 858 ut
2441 817 2561 859 esse
2588 815 2760 874 potest
2806 806 2984 862 homo.
3020 805 3145 861 Ideo
3169 808 3338 876 major
3375 818 3459 863 est
3486 822 3575 877 qut
3614 806 3697 862 sic
3740 808 3833 862 lo-

2231 893 2429 962 quitur,
2461 910 2617 963 quatu
2646 897 2734 966 qui
2768 898 3070 967 pmphetat.
3101 898 3233 953 lllud
3263 901 3405 952 enim
3434 914 3504 954 es
3530 898 3702 969 gratia
3736 909 3828 953 to-

2232 992 2340 1038 tum
2370 997 2454 1040 est
2485 1004 2496 1040 :
2531 986 2617 1042 hic
2645 1004 2784 1044 vero
2812 991 2971 1044 etiam
3016 990 3165 1045 labor
3197 990 3467 1062 sudorque
3495 1000 3639 1047 lous.
3678 992 3829 1047 Doce

2229 1075 2459 1131 animam
2493 1089 2668 1146 tuam,
2699 1090 2756 1135 ut
2780 1096 2840 1135 os
2872 1090 3018 1136 tuum
3051 1080 3130 1137 sic
3161 1081 3433 1149 eﬂ'ortnet,
3463 1094 3520 1137 ut
3552 1082 3623 1137 sit
3657 1083 3819 1137 Chri-

2228 1168 2293 1223 Sti
2321 1169 2401 1224 ori
2428 1171 2623 1226 simile.
2665 1171 2847 1227 Potest
2876 1174 3016 1228 enim
3046 1174 3146 1229 hoc
3174 1174 3417 1241 ellicere,
3444 1175 3492 1229 si
3528 1176 3676 1230 velit.
3704 1174 3822 1228 No-

2227 1262 2303 1315 vit
2331 1261 2466 1317 hanc
2496 1274 2664 1317 artem
2684 1305 2699 1330 ,
2734 1265 2835 1319 nisi
2868 1275 3089 1334 torpeat.
3120 1266 3184 1319 Et
3212 1265 3478 1334 quomodo
3502 1266 3830 1321 eli'ormatur

2226 1370 2287 1409 os
2314 1355 2485 1409 illud?
2512 1356 2753 1426 inquies;
2787 1358 2980 1427 quibus
3000 1358 3307 1413 coloribus?
3333 1374 3397 1413 ex
3424 1374 3527 1428 qua
3554 1358 3820 1414 materia?

2227 1443 2508 1501 Coloribus
2542 1447 2755 1516 quidem
2795 1457 2849 1501 et
2888 1449 3109 1503 materia
3143 1448 3313 1514 nulla,
3342 1450 3435 1503 sed
3470 1450 3668 1503 virtute
3695 1460 3819 1503 tan-

2227 1546 2334 1591 tum
2356 1579 2369 1602 ,
2400 1538 2681 1605 modestia,
2705 1538 3022 1594 humilitate.
3050 1539 3335 1595 Videamus
3356 1541 3515 1595 etiam
3543 1541 3825 1612 quomodo

2223 1643 2284 1684 os
2299 1629 2490 1685 diaboli
2512 1630 2842 1698 eil‘ormetur,
2860 1646 2929 1686 ne
2949 1631 3075 1686 illud
3096 1632 3254 1685 etiam
3274 1632 3429 1686 nobis
3453 1646 3820 1688 assumamus.

2221 1720 2502 1788 Quomodo
2530 1737 2659 1793 ergo
2700 1722 3043 1777 etiormatur?
3078 1722 3402 1790 Maledictis,
3434 1724 3823 1793 contumeliis,

2223 1813 2477 1885 perjurio,
2507 1814 2721 1870 invidia.
2753 1814 2885 1871 Cum
2913 1817 3055 1871 enim
3085 1815 3224 1871 illius
3253 1814 3394 1871 dicta
3420 1816 3541 1887 quis
3571 1833 3818 1886 pronun-

2222 1907 2340 1972 tiat,
2374 1905 2536 1975 ipsius
2562 1906 2791 1978 linguam
2812 1907 3051 1963 assumit.
3068 1907 3236 1975 Quam
3259 1923 3387 1978 ergo
3405 1910 3614 1963 veniam
3639 1910 3819 1979 impe‘

2222 1997 2519 2053 trahimus?
2545 1998 2654 2054 imo
2683 1999 2824 2069 quod
2856 2014 2961 2054 nou
2987 1999 3306 2070 supplicium
3333 1999 3565 2065 luemus,
3596 1999 3825 2069 quando

2220 2086 2453 2158 linguam
2475 2128 2490 2154 ,
2520 2104 2625 2159 qua
2652 2089 2935 2161 dignamur
2958 2090 3279 2156 dominicam
3309 2104 3525 2146 cat-nem
3555 2099 3779 2162 gustare
3797 2132 3818 2159 ,

2218 2179 2414 2236 diaboli
2446 2183 2606 2238 verba
2634 2184 2776 2254 loqui
2802 2184 3070 2239 sinimus?
3090 2183 3169 2239 Ne
3192 2185 3449 2248 sinamus,
3478 2199 3682 2255 (ιυειιεο,
3716 2186 3816 2242 sed

2218 2286 2378 2327 omne
2419 2274 2648 2329 studium
2686 2273 3062 2337 adhibeamus,
3104 2284 3161 2329 ut
3197 2276 3484 2331 doceamus
3524 2275 3667 2330 illam
3707 2290 3817 2347 quo

2218 2377 2374 2435 pacto
2403 2366 2681 2435 Domtnum
2711 2383 2867 2424 suum
2899 2369 3154 2424 imitetur.
3186 2369 3242 2424 Si
3270 2372 3410 2424 enim
3440 2369 3586 2424 illam
3611 2370 3679 2425 ad
3712 2371 3817 2426 hoc

2221 2458 2558 2516 instituamus
2577 2504 2593 2528 ,
2624 2476 2746 2515 eum
2778 2476 2966 2533 magna
2996 2461 3188 2516 liducia
3216 2478 3313 2517 nos
3340 2463 3494 2518 sistet
3526 2463 3599 2517 ad
3636 2464 3816 2518 tribu-

2221 2550 2307 2605 nal
2337 2550 2557 2608 Christi.
2585 2551 2693 2606 Nisi
2723 2553 2842 2621 quis
2868 2553 2937 2606 ita
2966 2552 3107 2622 loqui
3137 2554 3299 2617 sciat,
3322 2552 3485 2622 judex
3516 2569 3623 2607 non
3656 2555 3818 2610 illum

2217 2640 2414 2697 audiet.
2445 2640 2593 2697 Sicut
2618 2642 2759 2696 enim
2787 2651 2986 2711 quanto
3016 2641 3291 2697 Romanus
3316 2651 3397 2697 est
3434 2642 3598 2712 judex
3618 2686 3633 2710 ,
3677 2660 3815 2699 οιιιι-

2216 2751 2331 2790 sam
2357 2735 2620 2790 dieentem
2653 2750 2757 2790 nou
2792 2734 3066 2805 intelliget,
3100 2735 3201 2789 nisi
3233 2736 3277 2790 is
3305 2735 3492 2791 Latine
3530 2738 3812 2807 loquatur;

2218 2828 2288 2882 ita
2315 2836 2367 2882 et
2394 2827 2665 2890 Christus,
2690 2828 2733 2880 si
2762 2842 2868 2881 non
2896 2826 2961 2880 ad
2988 2826 3130 2882 illius
3157 2826 3371 2881 modum
3398 2828 3630 2898 loquaris
3650 2870 3667 2896 ,
3697 2846 3810 2886 non

2218 2916 2473 2987 intelliget
2504 2928 2589 2983 te,
2622 2931 2792 2987 neque
2819 2918 3057 2971 attendet
3096 2916 3209 2970 tibi.
3246 2916 3519 2972 DiSCantus
3560 2934 3694 2989 ergo
3731 2921 3808 2997 ita

2218 3006 2398 3077 loqui,
2441 3017 2497 3061 ut
2540 3008 2677 3061 solet
2711 3006 2898 3061 audire
2940 3007 3047 3061 lies
3090 3016 3305 3072 noster;
3349 3007 3659 3063 studeamus
3686 3009 3810 3080 ejus

2215 3098 2446 3168 linguam
2476 3098 2690 3153 imitari.
2724 3096 2779 3152 Si
2810 3098 2861 3151 in
2892 3098 3090 3152 luctum
3119 3097 3387 3165 incideris,
3419 3113 3548 3154 cave
3572 3116 3639 3154 ne
3671 3114 3820 3157 mar

2216 3190 2359 3261 roris,
2395 3189 2474 3244 vis
2518 3199 2661 3244 tuam
2700 3192 2971 3245 subve‘rtat
3011 3191 3250 3261 linguam
3292 3208 3307 3244 :
3346 3191 3445 3246 sed
3489 3193 3710 3263 loquere
3748 3205 3813 3250 ut

2214 3272 2458 3336 Christus
2488 3281 2737 3351 loquutus
2762 3291 2865 3337 est.
2891 3280 3050 3337 Luxit
3077 3284 3217 3336 enim
3248 3293 3302 3337 et
3329 3282 3421 3338 ille
3447 3284 3707 3339 Lazarum
3752 3297 3809 3340 ct

2215 3374 2427 3430 Judatn.
2457 3375 2512 3429 Si
2546 3377 2604 3428 in
2630 3383 2827 3429 metum
2859 3374 3062 3431 incidas
3081 3420 3096 3445 ,
3130 3374 3202 3430 ita
3230 3375 3375 3446 loqui
3410 3378 3564 3431 stude
3595 3387 3651 3429 ut
3678 3378 3768 3433 ille
3788 3381 3809 3409 "

2216 3468 2466 3538 loquitur.
2496 3466 2551 3522 In
2583 3477 2784 3522 metum
2810 3469 2951 3523 enim
2978 3478 3031 3523 et
3058 3469 3172 3538 ipse
3191 3469 3374 3524 incidit
3401 3479 3616 3539 prOpter
3646 3480 3695 3525 te
3721 3487 3812 3525 se-

2215 3561 2447 3616 cundum
2475 3562 2885 3630 disltensati’onis
2914 3563 3196 3617 rationem.
3239 3562 3332 3617 Dic
3357 3573 3409 3617 et
3437 3571 3491 3617 tu
3528 3581 3542 3616 :
3586 3561 3811 3616 Verum-

2216 3663 2380 3707 tamen
2410 3670 2510 3706 non
2540 3654 2668 3707 sicut
2695 3670 2784 3723 ego
2812 3653 2942 3715 volo,
2972 3652 3061 3707 sed
3084 3654 3213 3706 sicut
3242 3663 3293 3705 tu
3324 3653 3543 3723 (Matth.
3568 3653 3659 3708 26.
3688 3655 3809 3727 59).

2213 3746 2268 3801 Si
2299 3745 2507 3799 ﬂeveris
2528 3784 2543 3809 ,
2577 3744 2851 3800 moderate
2878 3744 3173 3814 lacrymare
3206 3754 3261 3798 ut
3293 3745 3424 3813 ipse.
3458 3744 3666 3799 lusidiis
3696 3748 3808 3801 cir-

2214 3846 2528 3890 cumventus
2552 3850 2645 3902 es,
2675 3836 2758 3890 vel
2788 3837 2838 3889 in
2867 3835 3105 3890 dolorem
3134 3836 3403 3891 incidisti?
3429 3836 3554 3891 llaec
3574 3848 3631 3892 ut
3653 3838 3811 3894 Chri-

2215 3938 2326 3983 stus
2355 3928 2556 3996 accipe.
2588 3926 2719 3981 Nam
2744 3936 2799 3982 et
2820 3928 2930 3997 ipse
2957 3927 3163 3981 insidiis
3190 3928 3458 3997 impetitus
3491 3928 3619 3989 fuit,
3654 3930 3807 3985 dolo.

2215 4036 2379 4089 reque
2406 4021 2648 4084 alTecms,
2680 4021 2857 4089 aitque
2890 4039 2903 4073 :
2931 4020 3114 4073 Tristis
3142 4031 3211 4074 est
3238 4023 3409 4074 anima
3437 4038 3719 4093 meamque
3740 4028 3813 4081 ad

2218 4123 2427 4166 mortem
2474 4111 2643 4181 (Ibid.
2688 4129 2734 4165 υ.
2785 4112 2907 4181 58).
2946 4113 3239 4183 Omniaque
3290 4116 3378 4171 ille
3419 4117 3510 4171 tibi
3558 4121 3806 4187 exempla

2217 4205 2460 4274 praebuit,
2495 4216 2549 4258 ut
2578 4204 2821 4260 eumdem
2853 4220 3036 4259 serves
3066 4207 3300 4273 modum,
3332 4217 3385 4261 et
3412 4208 3564 4262 datas
3595 4212 3685 4264 tibi
3717 4229 3808 4265 re-

2217 4300 2363 4369 gulas
2388 4314 2493 4353 non
2521 4300 2705 4354 violes.
2735 4300 2824 4354 Sic
2854 4300 3054 4367 poteris
3091 4315 3152 4354 os
3191 4301 3385 4354 habere
3425 4303 3566 4356 illius
3605 4307 3683 4357 ori
3732 4310 3806 4358 5'-

2218 4392 2340 4446 tuile
2371 4410 2382 4444 :
2414 4392 2490 4447 sic
2518 4392 2568 4445 iu
2606 4402 2744 4446 terra
2773 4392 3041 4461 gradiens,
3085 4406 3293 4446 sursum
3340 4396 3573 4449 sedentis
3608 4397 3807 4469 liuguze

2217 4486 2370 4539 nobis
2395 4486 2623 4539 similem
2654 4486 2886 4555 linguam
2918 4486 3199 4547 ostendes,
3245 4489 3456 4541 modum
3489 4506 3709 4545 servans
3754 4495 3808 4547 iu

2216 4591 2479 4642 mcerore,
2512 4577 2563 4630 in
2592 4578 2690 4643 ira,
2723 4578 2772 4631 in
2804 4579 2966 4640 luctu,
2990 4579 3041 4632 in
3065 4580 3324 4648 angustia.
3351 4581 3491 4646 Quot
3522 4594 3761 4639 \‘tSll'lllll
3785 4588 3811 4618 '

2217 4670 2332 4738 ejus
2361 4670 2581 4723 t'ormam
2613 4671 2792 4725 videre
2814 4670 3153 4725 desiderant?
3181 4672 3317 4727 Ecce
3344 4689 3447 4727 non
3480 4676 3658 4730 videre
3685 4695 3805 4732 mo.

2216 4762 2305 4827 do,
2334 4763 2425 4817 sed
2454 4771 2509 4816 et
2533 4764 2734 4817 similes
2771 4762 2869 4829 ipsi
2904 4762 3043 4817 efﬁci
3076 4763 3233 4829 licet,
3280 4764 3323 4819 si
3362 4765 3696 4823 Studeamus.
3726 4770 3809 4826 Ne

2216 4854 2521 4909 differamus
2551 4870 2696 4925 ergo.
2738 4855 2851 4909 Non
2900 4856 2966 4909 ita
3018 4856 3240 4911 libenter
3284 4858 3663 4928 prephetarum
3709 4879 3808 4920 ora

2216 4948 2503 5014 osculatur,
2529 4959 2584 5001 ttt
2604 4948 2964 5002 modestorum
2982 4959 3484 5021 ntansuetorumque
3503 4952 3805 5008 hominum.

2218 5041 2369 5094 ΜυΠὶ
2415 5042 2545 5095 enim
2576 5041 2739 5095 diceat
2765 5042 2921 5105 mihi,
2955 5042 3152 5110 inquit,
3189 5042 3372 5097 Nonne
3399 5045 3451 5096 in
3479 5046 3681 5099 nomine
3720 5057 3809 5101 tuo

2218 5154 2343 5205 prop
2388 5136 2662 5189 etauimus?
2696 5135 2758 5188 Et
2788 5136 3095 5203 respondebo
3130 5137 3221 5202 eis,
3266 5134 3450 5191 Nescio
3492 5154 3579 5193 vos
3624 5139 3806 5207 (Ibid.

2220 5227 2271 5281 7.
2302 5226 2389 5280 9‘2.
2417 5225 2542 5295 25).
2572 5226 2643 5282 Os
2666 5241 2796 5280 sero
2822 5224 3046 5297 Muysis,
3087 5228 3207 5295 quia
3237 5225 3326 5280 ille
3359 5227 3642 5282 admodum
3681 5247 3805 5285 Ino—

2218 5320 2401 5372 desturs
2427 5327 2541 5373 erat
2570 5326 2623 5371 et
2651 5330 2959 5371 mansuetus
2987 5316 3223 5386 (Moyses
3264 5320 3428 5385 enim,
3480 5319 3670 5389 inquit.
3699 5333 3808 5376 erat

2219 5411 2509 5466 mitissimus
2550 5412 2776 5465 omnium
2824 5412 3083 5464 hominum
3127 5412 3213 5481 qui
3258 5421 3373 5466 sunt
3418 5430 3570 5481 super
3613 5424 3814 5467 terram

2219 5503 2424 5578 (Nam.
2452 5502 2537 5558 12.
2571 5502 2639 5576 2'3}
2664 5508 2711 5574 ),
2747 5504 2817 5557 ita
2844 5502 3095 5573 diligebat
3122 5512 3175 5558 et
3200 5505 3557 5573 osculabatur,
3586 5514 3645 5559 ut
3665 5523 3805 5577 pne-

2308 5682 2321 5711 ί
2352 5680 2481 5725 sum
2539 5677 2678 5736 legit.
2710 5677 2947 5732 Christus,
2976 5694 3081 5741 pro,
3110 5678 3209 5730 iiic.

2307 5744 2327 5773 ²
2346 5742 2493 5790 Alunt.
2544 5750 2691 5791 cite:
2708 5741 2759 5789 il.
2783 5752 3017 5791 nostrum.
