4074 6422
259 391 365 446 τΠ

259 518 471 568 sentem
524 517 588 559 os
631 498 697 555 ad
745 511 807 553 os
850 495 1230 564 alloqncretur,
1289 486 1438 558 quasi
1486 481 1691 537 amicus
1735 495 1858 534 cum

259 604 455 660 amico.
486 596 636 654 Nunc
660 588 995 648 dazmooibus
1022 601 1126 640 non
1160 583 1414 652 imperas,
1447 575 1539 632 sed
1572 571 1862 642 imperabis

262 707 390 750 tunc
416 691 679 763 gehennae
706 683 844 756 igni,
889 680 934 736 si
974 692 1036 733 os
1079 674 1277 730 habeas
1307 666 1634 763 oriCbristi
1664 663 1859 719 simile.

259 757 555 855 Imperabis
597 779 792 851 abysso
839 773 1007 844 ignis,
1054 777 1108 826 et
1147 767 1331 832 dices,
1376 762 1537 825 Tace,
1567 757 1865 855 ‘obtumesce

258 881 278 953 (
300 851 469 933 Παῖς.
501 875 554 930 4.
585 870 726 944 59);
755 876 809 922 et
834 880 957 922 cum
988 861 1153 918 multa
1187 856 1376 912 ﬁducia
1405 855 1457 908 in
1485 851 1646 906 cmlos
1666 861 1858 902 ascen-

663 977 1914 1016 ___________________...

1154 371 1218 426 IN
1269 365 1678 425 MATTILEUM
1719 361 1950 418 llOMIL.
1993 359 2232 416 LXXIX.
2273 361 2344 418 al.
2387 360 2604 418 LXXX.

3479 362 3580 418 718

1965 475 2063 531 des
2083 516 2098 541 ,
2131 490 2405 546 regnoque
2437 474 2631 529 frueris
2664 490 2677 526 :
2706 471 2852 544 quod
2881 473 3083 528 utinam
3110 487 3300 528 omnes
3325 487 3582 543 assequa-

1967 584 2107 632 mur,
2140 569 2305 639 gratia
2337 578 2391 623 et
2419 568 2746 638 benignitate
2775 566 2986 622 Domini
3012 568 3178 623 nostri
3207 566 3335 624 Jcsu
3358 565 3579 631 Christi,

1967 660 2051 716 cui
2077 675 2198 714 eum
2230 659 2374 714 Patri
2415 675 2517 713 una
2549 674 2671 715 cum
2703 667 2891 715 sancto
2921 659 3123 727 Spiritu
3166 658 3336 729 gloria
3356 701 3372 726 ,
3406 658 3582 728 impe-

1968 751 2143 817 rium,
2178 751 2373 816 honor,
2408 767 2552 809 nunc
2576 761 2631 808 et
2660 767 2900 825 semper,
2929 761 2983 808 et
3019 752 3070 807 in
3112 752 3313 808 szecula
3351 752 3582 809 saeculo-

1969 860 2110 899 rum.
2142 847 2337 900 Amen.

1342 1058 1691 1126 HOMILIA
1734 1041 2034 1115 LXXIX.
2080 1053 2166 1114 al.
2212 1053 2480 1118 LXXX.

250 1228 388 1285 Car.
422 1226 514 1280 25.
542 1238 594 1277 ν.
619 1224 708 1276 51.
755 1221 888 1277 Cum
917 1229 1096 1272 autem
1119 1214 1310 1268 venerit
1340 1207 1516 1264 Filius
1539 1206 1765 1260 hominis
1797 1204 1852 1257 in

324 1320 500 1392 giaria
519 1317 703 1370 Patris
721 1315 849 1375 sui',
863 1322 908 1365 et
926 1325 1102 1363 omnes
1126 1305 1298 1360 sancti
1314 1303 1619 1374 angelicum
1632 1315 1712 1366 eo,
1731 1309 1856 1352 tunc

324 1389 516 1465 sedebit
541 1422 694 1476 super
726 1403 910 1458 saliunt
945 1399 1122 1469 gloria:
1157 1410 1296 1457 suat;
1327 1403 1383 1447 et
1420 1389 1694 1459 separabit
1727 1400 1857 1441 oves

326 1501 395 1556 ab
420 1498 589 1554 htedis
613 1515 625 1550 :
658 1504 714 1551 et
739 1495 837 1549 hos
863 1490 1076 1561 quidem
1105 1484 1427 1554 acceptabit,
1461 1481 1582 1552 quia
1608 1481 1856 1535 esurien-

329 1604 437 1648 tem
470 1590 642 1660 ipsum
670 1587 1000 1646 cibaverunt,
1031 1590 1086 1635 et
1120 1577 1320 1634 sitienti
1350 1583 1532 1646 potum
1565 1571 1854 1632 dederunt,

326 1694 382 1740 et
429 1682 693 1751 hospitem
744 1677 1096 1745 collegerunt,
1141 1680 1194 1726 et
1224 1668 1424 1723 nudum
1456 1667 1771 1728 vestierunt,
1803 1671 1858 1716 et

327 1777 686 1830 inlirmantem
735 1769 1104 1825 visitaverunt.
1154 1771 1208 1817 et
1255 1762 1305 1815 in
1351 1773 1572 1816 carcere
1620 1757 1853 1827 positum

327 1869 660 1928 Inviserunt;
690 1871 744 1918 et
785 1859 932 1915 dabit
977 1870 1196 1928 regnum
1230 1853 1378 1922 ipsis.
1424 1850 1572 1906 Alios
1596 1863 1726 1902 vero
1757 1862 1856 1917 pro

325 1958 610 2016 contrariis
639 1953 852 2010 delictis
893 1950 1068 2006 mittet
1109 1948 1161 2002 in
1215 1947 1392 2015 ignem
1437 1951 1722 2005 aeternum,
1763 1939 1856 2008 qui

325 2063 542 2124 paratus
562 2058 645 2106 est
667 2046 882 2102 diabolo
911 2053 964 2100 et
998 2041 1199 2113 angelis
1227 2039 1364 2110 ejus.

327 2149 381 2202 l.
411 2144 738 2202 Suavissima
779 2139 894 2194 htec
936 2137 1122 2202 verba,
1162 2148 1281 2205 quae
1321 2133 1373 2188 in
1413 2146 1507 2188 ore
1553 2143 1852 2193 versamus,

253 2253 399 2294 nunc
425 2251 548 2292 cum
577 2233 756 2288 studio
801 2239 856 2286 et
893 2226 1308 2298 eompunctione
1354 2223 1503 2279 omni
1552 2221 1852 2285 audiamus,

254 2341 416 2402 atque
434 2337 716 2400 postrema
748 2323 908 2379 verba
943 2323 994 2376 in
1026 2335 1146 2393 qua!
1172 2331 1352 2374 sermo
1376 2318 1498 2386 jure
1525 2314 1704 2370 desiit.
1747 2312 1857 2366 Ma-

254 2437 357 2492 gna
385 2422 526 2476 enim
560 2418 635 2473 illi
686 2414 1034 2470 humanitatis
1074 2421 1127 2467 et
1170 2407 1553 2465 misericordia:
1581 2419 1708 2461 cura
1751 2414 1854 2460 est.

231 2513 460 2570 --ldcirco
503 2511 668 2565 multa
709 2507 954 2578 superius
987 2506 1055 2560 de
1084 2504 1183 2557 hac
1219 2502 1432 2557 diverse
1476 2501 1726 2569 loquutus
1751 2506 1854 2561 est,

256 2606 451 2675 hicque
496 2603 710 2658 demum
766 2600 966 2655 clarius
1013 2611 1075 2652 ac
1120 2594 1514 2653 vehementius,
1567 2607 1672 2645 non
1723 2589 1858 2644 duas

254 2710 517 2767 personas
541 2693 622 2749 vel
650 2701 758 2747 tres
782 2690 866 2744 vel
894 2687 1131 2758 quinque
1168 2683 1448 2744 inducens.
1495 2682 1589 2738 sed
1635 2680 1854 2735 univer-

255 2803 374 2842 sum
405 2785 612 2840 orbem.
641 2782 755 2838 Etsi
799 2781 851 2835 in
889 2778 1258 2848 superioribus
1299 2773 1518 2845 quando
1555 2774 1686 2827 duas
1729 2787 1856 2842 per-

254 2893 418 2933 sonas
473 2874 786 2938 iuduecbat,
845 2886 952 2925 non
1008 2868 1140 2924 duas
1197 2880 1452 2937 personas
1507 2864 1851 2932 signiﬁcaret,

255 2969 351 3028 sed
395 2967 528 3024 duas
575 2974 784 3036 partes;
832 2963 1056 3017 alteram
1107 2975 1212 3016 non
1267 2957 1670 3021 obedientium,
1723 2955 1858 3010 alte-

255 3076 370 3118 ram
413 3058 776 3115 obedientium
815 3075 827 3111 :
875 3069 1061 3110 verum
1095 3053 1182 3108 hic
1223 3050 1533 3108 horribilius
1591 3051 1706 3105 hrrc
1758 3060 1858 3103 tra-

255 3164 401 3220 ctat,
446 3163 500 3208 et
551 3151 766 3206 clarius.
813 3148 1149 3218 Quapropter
1189 3161 1291 3199 non
1338 3144 1467 3200 dicit
1517 3143 1653 3197 ultra
1683 3185 1696 3205 ,
1760 3141 1852 3198 Si-

254 3247 375 3301 mile
403 3254 474 3299 est
526 3259 734 3315 regnum
768 3241 1026 3305 caelorum,
1077 3238 1172 3294 sed
1224 3239 1462 3306 seipsum
1510 3235 1746 3291 ostendit
1795 3249 1857 3289 ac

255 3339 481 3402 revelat,
510 3337 695 3392 dicens
721 3351 733 3389 :
759 3335 886 3389 Cum
921 3344 1090 3387 autem
1126 3332 1314 3386 uenerit
1352 3329 1523 3384 Filius
1551 3329 1769 3383 hominis
1803 3327 1857 3382 in

255 3432 422 3505 gloria
464 3445 577 3485 sua.
607 3427 759 3483 Nunc
785 3427 927 3482 enim
957 3425 1102 3481 venit
1142 3425 1195 3478 in
1238 3423 1552 3494 ignominia,
1585 3421 1636 3475 in
1668 3429 1857 3477 contu-

255 3523 452 3585 meliis,
489 3522 540 3576 in
569 3519 872 3591 opprobriis
897 3536 910 3572 :
935 3526 1060 3572 tunc
1089 3525 1266 3572 autem
1301 3515 1510 3571 sedebit
1535 3529 1697 3582 super
1713 3513 1860 3567 thro-

255 3630 382 3670 num
416 3612 602 3685 gloria:
651 3625 782 3665 sum.
825 3611 899 3664 Ac
931 3608 1238 3677 frequenter
1281 3606 1512 3677 gloriam
1567 3613 1853 3660 memorat.

254 3709 389 3776 Quia
419 3706 560 3762 enim
590 3719 720 3760 crux
745 3716 912 3774 prope
946 3711 1084 3767 erat,
1114 3715 1232 3770 qure
1270 3713 1357 3753 res
1390 3697 1621 3752 maxime
1649 3697 1858 3765 vitupe-

255 3799 442 3855 rabilis
468 3795 776 3859 videbatur;
805 3793 926 3848 ideo
955 3793 1113 3861 erigit
1144 3789 1467 3850 auditorem,
1494 3797 1548 3842 et
1574 3796 1698 3841 ante
1731 3802 1860 3842 ocu-

257 3876 342 3948 lo‘s
367 3889 466 3960 ipsi
488 3887 744 3958 judicium
773 3885 940 3955 ponit,
973 3883 1264 3952 orbemque
1289 3889 1458 3936 totum
1488 3879 1648 3934 sistit.
1676 3878 1859 3948 Neque

260 3982 363 4036 hoc
411 3975 784 4034 tantummodo
832 3975 1127 4030 terribilem
1171 3973 1348 4029 reddit
1391 3986 1720 4035 sermonem,
1765 3970 1858 4025 sed

259 4073 402 4146 quod
449 4086 644 4127 vacuos
690 4070 854 4125 caelos
903 4066 1170 4123 ostendat.
1199 4065 1399 4122 Omnes
1440 4065 1638 4134 quippe
1683 4062 1858 4133 angeli

261 4181 380 4222 cum
411 4165 527 4234 ipso
552 4172 730 4227 erunt,
774 4169 831 4216 et
859 4160 958 4230 ipsi
1002 4159 1372 4220 testiﬁcantes,
1403 4167 1659 4224 quantum
1691 4155 1862 4210 admi-

259 4255 608 4314 nistraverint
631 4252 778 4308 missi
801 4266 830 4305 a
861 4251 1090 4306 Domino
1119 4249 1183 4303 ad
1215 4248 1491 4302 hominum
1520 4249 1768 4302 salutem.
1797 4247 1862 4301 Et

267 4348 501 4416 undique
522 4345 760 4417 horroris
793 4343 985 4414 plenus
1015 4341 1104 4397 ille
1129 4342 1246 4396 dies
1281 4341 1489 4395 futurus
1522 4349 1623 4395 est.
1660 4338 1862 4394 Deinde

263 4441 353 4499 32.
401 4420 870 4510 Congregabuntur,
913 4435 1104 4504 inquit,
1146 4449 1316 4487 onmcs
1363 4444 1569 4503 gentes;
1615 4431 1716 4485 hoc
1759 4439 1860 4494 est,

263 4536 517 4592 universa
547 4531 820 4585 hominum
850 4539 1058 4582 natura.
1104 4525 1166 4580 Et
1205 4526 1484 4597 segregabit
1522 4542 1604 4579 cos
1632 4525 1699 4576 ad
1730 4524 1862 4577 invi-

263 4644 391 4692 cem,
425 4624 554 4680 sicut
580 4633 753 4694 pastor
777 4629 979 4689 separat
1016 4635 1150 4674 oves.
1196 4618 1346 4672 Nunc
1367 4618 1510 4673 enim
1550 4632 1654 4670 non
1685 4631 1866 4687 segre-

264 4718 393 4791 gati,
433 4715 528 4772 sed
572 4713 722 4768 mixti
773 4720 898 4767 sunt
938 4725 1171 4766 omnes:
1205 4710 1473 4779 separatio
1519 4718 1698 4763 autem
1740 4717 1866 4762 tunc

264 4807 667 4868 accuratissime
701 4806 826 4870 (iet;
869 4806 1186 4874 interimque
1213 4819 1277 4858 ex
1310 4805 1421 4873 ipsa
1453 4803 1680 4857 statione
1721 4802 1865 4870 ipsos

267 4903 545 4975 distinguit
571 4910 625 4957 et
651 4901 967 4969 conspicuos
993 4898 1169 4953 reddit
1199 4914 1213 4951 :
1244 4896 1438 4952 deinde
1467 4913 1529 4951 ex
1565 4896 1868 4950 nominibus

267 4997 598 5068 singulorum
631 5008 807 5050 mores
837 4992 1073 5056 exhibet,
1108 4992 1227 5045 illos
1259 4991 1460 5056 hzedos,
1495 4990 1592 5044 hos
1620 5005 1748 5044 oves
1769 5005 1868 5058 ap—

270 5090 496 5160 pellans.
527 5098 583 5141 ut
623 5086 832 5140 illorum
874 5084 1207 5140 sterilitatem
1245 5080 1686 5138 indicetz'nullus
1723 5082 1866 5136 enim

269 5199 334 5238 ex
365 5181 534 5237 haedis
563 5181 761 5234 fruetus
786 5177 1138 5249 proﬁciscitur
1164 5195 1177 5242 ;
1212 5177 1400 5233 horum
1431 5193 1558 5232 vero
1580 5187 1871 5246 proventus

272 5276 472 5329 multus
500 5275 588 5346 qui
620 5290 686 5327 ex
730 5273 916 5326 ovibus
958 5272 1180 5340 paritur,
1222 5281 1276 5323 ut
1319 5272 1464 5337 lana,
1505 5272 1584 5325 lac
1629 5279 1682 5324 et
1713 5272 1868 5334 fetus,

273 5371 466 5438 quibus
493 5367 742 5422 omnibus
774 5380 972 5419 vacuus
1002 5375 1082 5418 est
1111 5365 1315 5418 hredus.
1353 5365 1546 5419 Verum
1582 5366 1731 5418 bruta
1761 5365 1876 5418 ani.

276 5462 472 5514 mantia
505 5478 568 5513 Ut
609 5471 794 5513 natura
839 5475 930 5512 sna
973 5461 1053 5513 vel
1099 5459 1322 5512 fructum
1367 5461 1614 5522 afferunt,
1664 5461 1742 5514 vel
1790 5477 1878 5514 se-

277 5567 399 5612 cus;
436 5552 507 5606 illi
539 5566 664 5606 vero
703 5567 769 5606 ex
812 5551 1121 5614 voluntate;
1165 5551 1390 5620 ideoque
1437 5553 1508 5605 illi
1553 5554 1874 5621 plectuntur,

279 5647 332 5702 hi
364 5656 711 5701 coronantur.

363 5837 376 5866 ⁸
409 5834 530 5882 Vide
555 5837 894 5889 Adnotaltones
920 5839 1161 5889 Friderici
1189 5841 1352 5903 Field,
1377 5843 1437 5892 ad
1457 5859 1568 5906 pag.
1599 5845 1709 5894 757.

2042 1200 2410 1260 Misericordia:
2443 1222 2598 1275 opera
2639 1207 2942 1274 necessaria,
2991 1206 3188 1276 facilia,
3239 1215 3287 1260 et
3335 1222 3398 1261 ea:
3443 1205 3577 1260 mul-

1968 1295 2031 1349 tis
2079 1297 2330 1366 capitibus
2379 1297 2701 1368 obligatoria.
2734 1297 3020 1368 —Neque
3073 1299 3219 1368 prius
3275 1297 3394 1352 illos
3445 1313 3576 1367 sup-

1967 1388 2125 1456 plicio
2148 1388 2332 1457 allicit,
2359 1405 2517 1461 quam
2546 1405 2666 1446 cum
2710 1390 2814 1445 illis
2839 1390 2890 1445 in
2913 1390 3120 1459 judicio
3149 1391 3526 1460 disceptaverit
3560 1407 3574 1443 :

1965 1479 2089 1535 ideo
2115 1489 2395 1551 postquam
2445 1482 2565 1537 illos
2596 1483 2648 1536 in
2696 1482 2816 1538 loco
2862 1496 2961 1537 suo
3007 1482 3305 1546 constituit,
3345 1481 3574 1535 erimina

1965 1573 2187 1642 profert.
2219 1572 2297 1630 Illi
2327 1589 2456 1630 vero
2483 1575 2726 1630 modeste
2760 1573 3121 1644 respondent;
3152 1573 3244 1628 sed
3279 1571 3422 1626 nulla
3453 1570 3578 1625 hinc

1965 1665 2097 1734 ipsis
2139 1664 2375 1721 utilitas:
2409 1675 2462 1722 et
2492 1667 2616 1737 jure
2641 1665 2876 1738 quidem,
2924 1666 3046 1735 quia
3095 1680 3232 1732 rem,
3274 1677 3436 1732 quam
3485 1661 3577 1716 ille

1962 1757 2250 1813 admodum
2304 1760 2543 1824 curabat,
2599 1759 2970 1830 neglexerunt.
3026 1757 3157 1830 Nam
3202 1767 3254 1813 et
3299 1754 3577 1826 propheta:

1965 1849 2067 1906 hoc
2095 1866 2310 1921 semper
2343 1860 2399 1907 et
2440 1853 2636 1922 ubique
2669 1828 2941 1913 dicebant,
2983 1828 3394 1904 tlf'isericordiam
3436 1849 3572 1912 volo,

1963 1961 2063 1998 non
2089 1945 2397 2012 sacriﬁcium
2430 1945 2585 2016 (Osee
2637 1945 2690 2000 6.
2722 1944 2777 2014 6)
2804 1963 2817 2010 ;
2858 1953 2914 1998 et
2953 1943 3225 2013 legislator
3251 1951 3359 1996 tam
3388 1940 3574 1996 verbis

1963 2052 2122 2107 quam
2153 2036 2314 2092 rebus
2340 2037 2407 2092 ad
2453 2036 2556 2092 hoc
2585 2037 2780 2107 ubique.
2812 2035 3080 2102 hortatur,
3125 2034 3346 2106 ipsaque
3387 2041 3575 2089 natura

1964 2127 2014 2182 id
2044 2128 2220 2184 docet.
2252 2128 2634 2184 Animadverte
2662 2139 2838 2184 autem
2867 2129 2985 2183 illos
3010 2143 3116 2182 non
3143 2143 3310 2183 unum
3336 2127 3419 2183 vel
3442 2127 3573 2194 duo,

1962 2220 2055 2276 sed
2082 2221 2263 2276 omnia
2285 2223 2713 2291 praetermisisse.
2743 2221 2857 2276 Non
2895 2221 3057 2276 nitido
3084 2222 3224 2277 enim
3247 2221 3574 2277 esurientem

1962 2330 2069 2369 non
2113 2315 2378 2379 cibarunt,
2413 2315 2616 2370 nudum
2650 2330 2754 2370 non
2799 2323 3085 2379 texerunt;
3121 2315 3215 2370 sed
3264 2329 3381 2380 nec,
3428 2315 3574 2386 quod

1965 2413 2142 2462 tamen
2171 2405 2342 2461 levius
2367 2415 2422 2460 et
2462 2405 2668 2461 facilius
2694 2416 2829 2473 erat,
2874 2405 3143 2461 inﬁrmum
3175 2407 3478 2462 visitarunt.
3511 2406 3578 2460 Et

1963 2499 2237 2568 perpende
2265 2514 2424 2569 quam
2459 2498 2594 2555 levia
2619 2500 2918 2570 prmcipiat.
2945 2499 3065 2555 Non
3089 2500 3242 2566 dixit,
3277 2499 3333 2555 ln
3357 2515 3576 2557 carcere

1963 2606 2133 2655 eram,
2161 2601 2216 2647 et
2237 2592 2508 2648 liberastis
2538 2609 2645 2660 me,
2676 2594 2941 2660 inﬁrmus,
2971 2603 3024 2650 et
3053 2594 3303 2649 erexistis
3331 2609 3450 2662 me;
3481 2594 3575 2650 sed

1971 2686 2226 2742 Visitastis
2261 2705 2360 2754 me,
2395 2697 2468 2751 et,
2531 2687 2750 2743 Vcnistis
2794 2689 2863 2742 ad
2905 2705 3002 2743 me.
3047 2689 3155 2744 Sed
3203 2704 3379 2760 neque
3430 2690 3574 2745 circa

1963 2780 2288 2835 esurientem
2319 2780 2604 2835 molestum
2631 2780 2903 2850 quidpiam
2935 2781 3174 2851 jubetur.
3205 2781 3390 2853 Neque
3429 2783 3574 2838 enim

1963 2871 2162 2926 lautam
2185 2873 2410 2942 requirit
2437 2888 2700 2936 mensam,
2727 2873 2818 2928 sed
2842 2875 3207 2930 necessarium
3231 2875 3576 2931 solummodo

1962 2966 2163 3031 cibum,
2195 2965 2356 3036 idque
2398 2967 2559 3021 modo
2596 2967 2661 3022 ad
2703 2968 3128 3024 misericordiam
3165 2979 3434 3025 movente.
3467 2967 3576 3024 lta-

1961 3073 2067 3128 que
2097 3058 2276 3114 omnia
2308 3059 2518 3112 illorum
2550 3058 2870 3129 supplicium
2916 3069 3174 3128 expetunt
3208 3077 3222 3114 :
3263 3061 3338 3116 rei
3384 3069 3574 3131 postu-

1963 3149 2084 3203 latze
2130 3147 2373 3208 facilitas.
2421 3165 2542 3202 nam
2592 3149 2744 3218 panis
2793 3157 2997 3203 tantum
3051 3160 3200 3217 erat;
3249 3150 3576 3206 miserabilis

1964 3241 2195 3312 petentis
2220 3240 2478 3306 conditio,
2509 3239 2786 3295 mendicus
2812 3241 2957 3296 enim
2990 3251 3136 3302 erat;
3176 3242 3578 3297 commiseratio

1967 3341 2195 3398 natum,
2220 3346 2340 3386 nam
2366 3331 2528 3386 homo
2558 3341 2639 3386 est
2664 3333 2752 3402 qni
2783 3334 2942 3402 petit;
2968 3334 3342 3402 promissionis
3367 3334 3578 3404 magni-

1966 3424 2115 3487 tudo,
2159 3438 2281 3477 nam
2311 3437 2531 3493 regnum
2577 3422 2900 3492 pollicetur;
2950 3423 3200 3494 supplicii
3249 3433 3443 3490 terror,
3484 3441 3579 3496 ge-

1966 3515 2198 3569 hennam
2229 3515 2370 3570 enim
2398 3514 2791 3580 comminatur;
2820 3513 3053 3585 dignitas
3077 3516 3409 3586 accipientis,
3436 3517 3579 3572 Deus

1965 3609 2107 3664 cnim
2137 3615 2253 3663 erat
2282 3606 2369 3676 qui
2399 3621 2494 3675 per
2531 3606 2810 3660 mendicos
2853 3606 3184 3676 accipiebat;
3221 3606 3443 3664 honoris
3473 3625 3580 3665 cu-

1966 3699 2162 3762 mulus,
2199 3696 2342 3767 quod
2376 3704 2580 3750 tantum
2607 3695 2938 3752 descendere
2966 3697 3217 3768 dignatus
3245 3698 3344 3766 sit;
3371 3700 3577 3771 justitia

1964 3788 2313 3860 crogationis,
2345 3802 2466 3840 nam
2491 3802 2556 3842 ex
2577 3787 2734 3842 bonis
2763 3787 2876 3842 suis
2904 3788 3118 3858 accipit.
3144 3788 3341 3844 Verum
3370 3790 3436 3845 ad
3462 3791 3578 3846 hate

1965 3882 2145 3937 omnia
2177 3895 2330 3935 amor
2361 3879 2600 3949 pecuniae
2632 3880 2751 3934 illos
2777 3881 3085 3945 excmcavit,
3109 3891 3159 3936 et
3183 3881 3298 3937 btec
3319 3892 3437 3952 post
3471 3891 3578 3937 tan-

1968 3985 2075 4030 tam
2105 3977 2599 4032 comminationem.
2633 3976 2766 4032 Nam
2790 3992 2949 4048 supra
2977 3978 3127 4042 dicit,
3155 3979 3295 4044 illos,
3319 3979 3406 4049 qui
3445 3995 3576 4049 pau-

1969 4083 2124 4137 pcres
2171 4083 2276 4122 non
2317 4069 2612 4138 excipiunt,
2657 4069 2902 4140 graviora
2947 4083 3200 4139 passuros
3241 4083 3381 4133 esse,
3417 4085 3576 4140 quam

1966 4153 2305 4225 Sodomitas;
2354 4169 2409 4216 et
2458 4159 2544 4214 hic
2571 4161 2646 4214 ait
2681 4180 2693 4214 :
2723 4159 2789 4213 In
2833 4170 3077 4229 quantum
3113 4177 3216 4214 non
3256 4161 3443 4230 fecistis
3489 4163 3581 4214 uni

1968 4253 2150 4306 horum
2193 4251 2518 4305 minimarum
2545 4254 2765 4322 fratrum
2807 4267 3056 4314 meorum,
3107 4269 3196 4306 nec
3223 4252 3346 4305 milii
3392 4252 3582 4324 fecistis

1969 4345 2186 4418 (Matth.
2216 4345 2306 4401 25.
2336 4346 2451 4416 45).
2479 4345 2614 4412 Quid
2644 4344 2758 4399 ais?
2786 4343 2978 4399 fratres
3006 4344 3079 4398 tui
3111 4353 3270 4406 sunt;
3310 4343 3582 4412 quomodo

1969 4439 2220 4493 minimos
2250 4437 2526 4508 appellas?
2556 4435 2678 4491 ideo
2723 4446 2870 4491 certe
2899 4435 3110 4500 fratres,
3143 4438 3263 4506 quia
3311 4436 3541 4491 humiles
3563 4479 3578 4500 ,

1968 4546 2254 4603 pauperes,
2285 4530 2498 4600 objecti.
2528 4528 2636 4584 llos
2672 4529 2814 4586 enim
2837 4529 3069 4585 maxime
3089 4529 3154 4584 ad
3191 4528 3581 4586 fraternitatem

1970 4634 2126 4682 vocat
2176 4643 2189 4678 :
2243 4624 2487 4694 ignotos,
2534 4631 2910 4691 contemptos;
2961 4636 3061 4677 nec
3115 4622 3408 4680 monachos
3454 4622 3586 4677 dicit

1973 4729 2199 4783 tantum.
2224 4717 2448 4786 illosque
2472 4715 2562 4785 qui
2593 4714 2646 4768 in
2679 4714 2949 4769 montibus
2979 4712 3242 4780 habitant,
3275 4712 3372 4768 sed
3398 4712 3584 4768 ﬁdeles

1973 4811 2236 4881 singulos,
2279 4808 2489 4864 etiamsi
2525 4806 2810 4861 smculares
2865 4806 2993 4869 sint,
3032 4806 3076 4859 si
3106 4807 3210 4859 sint
3246 4806 3546 4861 esurientes
3569 4849 3583 4870 ,

1974 4903 2227 4968 famelici,
2257 4901 2405 4966 nudi,
2431 4899 2690 4968 hospites,
2719 4897 2864 4952 nulla
2884 4911 2990 4952 non
3022 4898 3167 4966 ipsos
3197 4911 3322 4951 cura
3347 4898 3461 4952 vult
3493 4914 3577 4952 ex.

1975 4997 2099 5067 cipi.
2137 4997 2373 5051 Fratrem
2404 4993 2545 5048 enim
2576 5000 2632 5046 et
2656 4991 2952 5062 baptismus
2982 4989 3166 5051 efﬁcit.
3193 4999 3248 5045 et
3280 4991 3587 5046 divinorum

1978 5090 2352 5162 mysteriorum
2385 5087 2735 5143 consortium.

2049 5187 2106 5240 2.
2137 5186 2326 5240 Postea
2354 5192 2412 5237 ut
2451 5181 2666 5236 aliunde
2708 5180 2868 5234 etiam
2907 5179 3188 5234 sententia:
3214 5178 3473 5248 justitiam
3505 5178 3586 5232 vi-

1981 5281 2127 5342 deas,
2161 5279 2334 5348 primo
2357 5277 2477 5330 illos
2508 5274 2594 5344 qui
2623 5274 2761 5328 bene
2785 5287 2897 5326 rem
2922 5287 3138 5341 gessere
3168 5269 3367 5336 laudat,
3396 5278 3451 5326 et
3475 5270 3546 5325 ait
3579 5287 3594 5322 :

1981 5379 2072 5432 34.
2114 5375 2308 5433 Venite,
2353 5371 2592 5426 benedicti
2645 5368 2816 5422 Patris
2871 5368 3002 5432 mei,
3053 5367 3328 5419 hereditate
3380 5366 3590 5432 accipite

1986 5479 2221 5540 paratum
2246 5467 2381 5521 vobis
2408 5479 2620 5534 regnum
2648 5479 2678 5513 a
2716 5460 3074 5514 constitutione
3101 5459 3298 5510 mundi.
3324 5457 3413 5511 ὃὸ.
3450 5456 3588 5510 Eax.

1985 5563 2080 5616 rivi
2110 5561 2265 5625 enim,
2294 5568 2339 5612 et
2366 5556 2576 5610 dedistis
2602 5554 2728 5606 mihi
2757 5553 3084 5612 manducare,
3117 5558 3173 5604 et
3198 5565 3316 5620 qua:
3354 5563 3591 5616 sequun-

1989 5663 2074 5706 tur
2101 5653 2300 5706 omnia.
2333 5648 2410 5702 Ne
2454 5647 2698 5701 dicerent
2733 5645 2898 5704 enim,
2945 5657 3003 5697 se
3050 5657 3152 5696 non
3208 5641 3475 5695 habuisse.
3526 5651 3592 5696 ea

1988 5757 2372 5798 conservorum
2400 5737 2552 5793 factis
2579 5738 2798 5790 damnat
2823 5750 2954 5798 eos;
2989 5745 3044 5788 ut
3074 5734 3304 5802 virgines
3337 5746 3402 5785 cx
3434 5729 3593 5797 virgi-

1991 5837 2170 5899 nibus,
2230 5847 2443 5926 serfum
2488 5831 2694 5886 ebrium
2739 5842 2802 5883 ac
2854 5827 3022 5883 ventri
3080 5825 3337 5890 deditum,
3381 5837 3410 5874 a
3452 5822 3601 5876 ﬁdem
