4074 6428
532 340 636 400 τις

446 463 456 471 ’
532 467 713 517 servo,
741 460 795 508 ct
820 466 942 509 eum
970 448 1058 520 qui
1093 447 1345 517 talentum
1375 442 1687 509 suﬂoderat,
1713 442 1781 497 ab
1800 456 1866 496 eo
1888 439 1979 509 qui
2007 438 2115 494 duo

530 548 730 601 talenta
768 544 1037 608 ancient,
1066 531 1120 619 qi
1156 547 1464 610 peccatores
1509 532 1745 607 singulos
1767 549 1797 589 a
1827 532 2115 603 proborum

531 637 795 707 exemplo.
827 636 894 691 Et
913 635 1026 689 haec
1050 631 1378 701 comparatio
1406 642 1801 699 nonnumquam
1831 641 1898 682 ex
1924 624 2113 696 :eqnali

529 728 761 793 ducitur,
793 736 851 782 ut
883 729 940 782 et
966 725 1053 781 hic
1075 732 1132 779 et
1168 724 1221 779 in
1253 721 1501 786 parabole
1526 721 1595 777 de
1629 718 1949 789 virginibus;
1981 730 2115 771 uan-

534 835 818 889 nnmquam
845 834 875 873 a
902 817 1112 885 majori,
1140 829 1200 872 ut
1239 831 1359 873 cum
1398 814 1525 871 dicit
1555 830 1569 866 :
1605 811 1710 867 Viri
1738 810 1980 865 Ninivita
2002 826 2117 865 sur-

529 920 667 981 gent,
699 922 747 965 et
775 910 1178 964 condemnabam
1213 907 1585 980 generationem
1622 905 1773 970 hanc,
1804 904 1921 973 quia
1948 901 2114 958 credi-

531 999 711 1054 derunt
740 1001 792 1053 in
814 1000 1174 1071 praedicatione
1196 998 1346 1052 Jona:
1375 1011 1393 1051 :
1419 1005 1465 1050 et
1484 1012 1605 1051 ecce
1631 995 1745 1064 plus
1773 1010 1922 1065 quam
1947 991 2113 1047 Jonas

531 1093 632 1146 hic.
668 1090 735 1145 Et
766 1093 938 1161 regina
973 1089 1146 1143 Austri
1173 1088 1522 1142 condemnabit
1549 1087 1917 1158 generationem
1956 1085 2109 1150 hanc,

528 1184 650 1252 quia
691 1184 821 1238 venit
860 1183 1037 1237 audire
1080 1180 1378 1252 sapientiam
1419 1178 1755 1234 Salomonis:
1792 1190 1840 1232 et
1864 1192 1975 1230 ecce
1999 1174 2114 1245 plus

532 1290 685 1345 quam
707 1274 949 1330 Salomon
980 1273 1060 1326 hic
1089 1270 1302 1340 (Matth.
1341 1269 1425 1325 12.
1466 1270 1554 1324 Η.
1588 1268 1697 1336 i9).
1731 1267 1797 1320 Et
1820 1266 1889 1321 ab
1922 1266 2111 1335 aequali

534 1379 752 1427 rursus;
798 1364 930 1431 Quia
966 1363 1064 1431 ipsi
1098 1353 1299 1433 iudices
1342 1360 1489 1414 vestri
1511 1367 1655 1413 erant
1686 1357 1847 1429 (Ibid.
1889 1372 1936 1410 υ.
1980 1356 2107 1426 2⁸ης

532 1465 585 1510 et
608 1469 640 1508 a
670 1454 853 1522 majori
885 1454 1096 1519 iterum,
1123 1452 1341 1507 Nescitis
1368 1451 1487 1522 quia
1512 1450 1715 1520 angelos
1732 1447 2114 1518 iudicabimus?

531 1555 717 1615 quanto
744 1547 904 1615 magis
926 1545 1193 1599 mularia
1226 1545 1300 1615 (l.
1324 1540 1439 1598 Cor.
1476 1542 1530 1598 6.
1562 1541 1656 1610 5)?
1681 1542 1747 1596 Et
1775 1540 1863 1595 bic
1900 1555 2113 1610 quoque

531 1637 600 1691 ab
624 1635 814 1705 mqusli
839 1635 1028 1690 divites
1056 1633 1326 1700 divitibus,
1350 1645 1608 1702 pauperes
1638 1630 1957 1701 pauperibus
1978 1645 2109 1684 con-

534 1727 654 1784 fert.
683 1727 864 1797 Neque
898 1727 1000 1782 hoc
1032 1725 1395 1782 tantummodo
1434 1724 1620 1795 probat
1646 1724 1789 1792 jus-te
1813 1722 1939 1777 ferri
1982 1738 2107 1777 sen-

534 1820 772 1883 tentiam,
794 1817 932 1888 quod
959 1818 1201 1873 conservi
1245 1818 1481 1887 ipsorum
1525 1816 1577 1869 in
1615 1815 1729 1883 pari
1759 1828 1935 1869 rerum
1967 1823 2108 1868 statu

531 1911 698 1982 probe
719 1925 776 1966 se
799 1910 1079 1981 gesserint,
1113 1908 1206 1964 sed
1242 1908 1383 1978 quod
1420 1923 1591 1977 neque
1616 1906 1668 1960 in
1699 1906 1805 1960 illis
1834 1905 2110 1975 obtempe-

531 2001 719 2067 rarint,
766 2002 853 2056 ubi
885 2010 1171 2070 paupertas
1221 2000 1365 2054 nullo
1405 2007 1524 2054 erat
1579 1997 1960 2067 impedimento
2001 2016 2014 2049 :
2052 2005 2111 2052 ut

531 2100 713 2160 potum
742 2091 870 2147 dare
898 2091 1117 2156 sitienti,
1145 2090 1377 2145 vinctum
1405 2090 1641 2154 visitare,
1672 2088 1942 2143 infirmum
1975 2089 2109 2143 invi-

527 2198 666 2238 sere.
716 2182 1000 2253 Postquam
1051 2194 1229 2237 autem
1292 2180 1487 2250 probos
1546 2180 1821 2246 laudavit,
1877 2180 2110 2235 ostendit

528 2283 723 2345 quanta
746 2275 855 2344 jam
883 2276 1008 2330 olim
1036 2274 1180 2344 ipsos
1212 2275 1434 2329 caritate
1473 2273 1917 2340 complecteretur
1943 2289 1956 2325 :
1987 2287 2109 2326 nam

528 2367 603 2421 ait
633 2382 649 2421 :
689 2363 879 2431 Venite,
927 2366 1173 2422 benedicti
1201 2364 1377 2419 Patris
1404 2364 1520 2427 mei,
1564 2364 1838 2417 hereditate
1865 2364 2113 2433 possidete

530 2466 763 2527 paratum
789 2456 924 2510 nobis
946 2471 1159 2527 regnum
1196 2466 1314 2509 ante
1332 2454 1736 2508 constitutionem
1766 2455 1959 2507 mundi.
2000 2453 2112 2509 [loc

529 2564 723 2604 nomen
751 2554 879 2618 quot
905 2547 1220 2617 quantisque
1245 2545 1400 2600 bonis
1420 2545 1731 2614 :equiparari
1756 2552 1948 2615 potest,
1970 2544 2112 2614 quod

530 2640 790 2697 benedicti
832 2639 959 2703 sint.
1004 2647 1058 2693 et
1101 2652 1130 2690 a
1173 2637 1330 2692 Patre
1372 2636 1678 2692 benedicti?
1733 2636 1796 2689 Et
1845 2634 2109 2690 undenam

530 2742 678 2787 tanto
699 2731 900 2786 honore
927 2727 1124 2800 dignati
1151 2727 1313 2782 sunt?
1346 2742 1585 2797 quamam
1612 2740 1773 2780 causa
1802 2725 1939 2780 fuit?
1971 2724 2106 2779 Esu-

529 2826 624 2879 riui
644 2826 795 2885 enim,
828 2833 873 2877 et
902 2821 1109 2875 dedistis
1137 2820 1261 2873 milii
1286 2820 1631 2882 manducare;
1660 2817 1813 2893 silici,
1845 2828 1892 2872 et
1933 2826 2109 2886 potum

528 2915 734 2969 dedistis
758 2913 901 2979 mihi,
946 2921 1050 2967 etc.
1081 2910 1274 2977 Quanti
1318 2910 1552 2972 honoris,
1584 2918 1796 2980 quantm
1826 2910 2107 2964 beatitudi-

526 3004 612 3058 ius
641 3003 843 3059 verba?
867 3001 981 3057 Νοη
1008 3000 1156 3066 dicit,
1190 2998 1449 3070 Accipite,
1478 2995 1913 3065 sedfliereditate
1950 3000 2111 3070 possi-

528 3096 658 3160 dete,
701 3093 849 3164 quasi
896 3092 1189 3162 proprium,
1240 3089 1390 3161 quasi
1438 3098 1713 3160 paternum
1754 3096 1810 3144 et
1844 3100 2103 3155 vestrum,

526 3186 636 3254 jam
663 3184 787 3239 olim
820 3183 970 3237 vobis
995 3181 1255 3237 debitum.
1284 3180 1583 3249 Antequam
1606 3178 1746 3233 enim
1775 3180 1987 3244 essetis,
2018 3180 2103 3233 in-

529 3276 665 3346 quit,
699 3275 811 3329 haec
833 3274 982 3327 vobis
1013 3280 1191 3342 parata
1232 3279 1403 3335 erant,
1437 3270 1559 3340 quia
1598 3268 1831 3324 sciebam
1861 3283 1954 3323 vos
1977 3271 2110 3327 tales

529 3378 647 3419 esse
674 3362 895 3417 futuros.
926 3359 990 3417 Et
1020 3375 1117 3431 pro
1139 3360 1332 3431 quibus
1358 3359 1473 3414 lucc
1494 3358 1761 3428 accipiunt
1780 3358 1805 3411 ἲ
1826 3358 1927 3413 Pro
1948 3367 2109 3425 tecto,

530 3468 628 3526 pro
648 3453 897 3517 vestibus,
934 3466 1030 3521 pro
1059 3465 1215 3521 pane,
1249 3464 1345 3521 pro
1369 3465 1504 3521 aqua
1547 3438 1757 3519 frigida,
1806 3463 1902 3517 pro
1930 3450 2111 3505 visita—

532 3547 692 3610 tione,
728 3558 825 3615 pro
848 3545 1086 3615 ingressu
1120 3543 1171 3598 in
1202 3558 1490 3598 carcerem.
1526 3541 1734 3611 [ibique
1759 3542 1898 3596 enim
1928 3551 2123 3623 utne;

528 3636 775 3691 cessariis
821 3634 1163 3705 provideatur
1200 3634 1441 3702 requirit,
1487 3632 1593 3687 imo
1639 3633 1957 3702 quandoque
2004 3649 2109 3688 non

532 3723 868 3779 necessariis.
898 3722 1078 3793 Neque
1107 3724 1272 3787 enim,
1304 3732 1362 3777 ut
1375 3722 1485 3792 jam
1512 3722 1889 3793 dixi,:egrotus
1918 3733 1971 3778 et
1996 3724 2110 3778 vin-

530 3824 647 3870 ctus
677 3814 876 3869 visitari
923 3814 1094 3868 solum
1123 3812 1329 3877 volunt,
1358 3811 1452 3867 sed
1478 3812 1613 3867 alius
1642 3813 1865 3879 exsolvi,
1894 3820 1947 3867 et
1976 3813 2111 3869 alius

529 3924 560 3961 τι
587 3906 775 3963 morbo
800 3906 975 3961 sanari
1015 3914 1249 3975 exoptat.
1282 3904 1475 3959 Verum
1517 3904 1622 3965 ille.
1654 3914 1959 3959 mansuetus
1986 3920 2109 3960 cum

529 3998 618 4063 sit,
649 3998 735 4052 illa
758 4006 960 4052 tantum
988 3996 1210 4065 requirit
1246 4009 1363 4065 qua:
1414 3993 1678 4049 facultatis
1716 4005 1913 4049 nostra:
1943 4005 2106 4058 sunt;

530 4091 639 4146 imo
666 4091 837 4144 minus
870 4103 1030 4159 quam
1073 4087 1298 4142 facultas
1328 4095 1507 4141 nostra
1557 4084 1695 4140 ferre
1724 4086 1913 4154 possit,
1954 4085 2109 4141 nobis

532 4181 837 4250 relinquens
880 4189 938 4235 ut
965 4178 1030 4233 ad
1069 4179 1271 4246 majora
1316 4190 1616 4246 pergamus.
1660 4176 1767 4230 lllis
1795 4191 1921 4231 vero
1958 4176 2107 4244 dicit,

529 4271 787 4327 Discedite
806 4288 839 4325 a
866 4288 963 4337 me,
992 4270 1246 4325 maledicti
1270 4287 1288 4324 :
1310 4284 1413 4323 non
1442 4283 1470 4321 a
1504 4267 1687 4331 Patre;
1720 4282 1825 4321 non
1850 4268 1991 4321 enim
2022 4268 2111 4323 ille

530 4362 660 4429 ipsis
681 4361 971 4426 maledixit,
996 4361 1089 4415 sed
1113 4375 1273 4430 opera
1300 4360 1531 4427 ipsorum
1562 4359 1804 4427 propria;
1848 4356 1911 4410 In
1945 4359 2111 4428 ignem

530 4461 790 4517 uernum,
818 4461 1073 4522 paratum,
1100 4465 1209 4505 non
1233 4449 1407 4513 vobis,
1447 4446 1543 4503 sed
1569 4446 1799 4511 Diubolo,
1848 4458 1891 4499 et
1918 4450 2109 4518 angelis

530 4555 658 4611 ejus.
703 4540 833 4595 Nam
877 4556 997 4596 cum
1030 4541 1097 4595 de
1125 4555 1290 4610 regno
1334 4539 1559 4605 diceret,
1622 4536 1795 4592 Venite
1843 4538 2106 4606 benedicti,

531 4636 798 4691 hereditate
825 4635 1076 4701 possidete
1102 4648 1330 4703 regnum,
1382 4630 1645 4699 adjunxit,
1684 4627 1927 4683 Paratum
1968 4631 2110 4685 tabis

529 4737 648 4780 ante
694 4727 1095 4780 constitutionem
1133 4721 1351 4776 mundi:
1377 4721 1443 4775 de
1485 4721 1605 4791 igne
1632 4734 1761 4774 vero
1806 4736 1911 4775 non
1958 4724 2109 4788 item,

529 4817 647 4883 sed,
691 4802 939 4871 Paratum
983 4814 1206 4881 diabolo,
1236 4824 1283 4868 et
1325 4810 1520 4883 angelis
1563 4812 1693 4882 ejus.
1743 4812 1851 4881 Ego
1881 4828 2111 4884 namque

530 4925 749 4981 regnum
781 4908 932 4963 vobis
960 4909 1155 4977 paravi,
1212 4907 1385 4977 ignem
1431 4920 1581 4971 vero,
1629 4919 1736 4959 non
1793 4904 1965 4970 vobis,
2014 4905 2110 4960 sol

530 5002 741 5057 diabolo
761 5010 815 5057 et
852 4999 1054 5071 angelis
1082 4999 1197 5069 ejus
1228 5014 1241 5050 :
1270 4999 1393 5067 quia
1420 5011 1552 5052 vero
1577 5012 1674 5051 vos
1705 4996 1755 5049 in
1789 4996 1959 5067 ipsum
1988 5012 2111 5052 con-

532 5094 750 5167 jecistis,
788 5091 839 5147 id
868 5091 1149 5161 vobisipsis
1189 5096 1452 5159 reputate.
1482 5088 1594 5141 Non
1644 5087 1727 5143 bis
1758 5097 1982 5152 tantum,
2015 5090 2108 5143 sed

534 5190 688 5240 etiam
721 5186 773 5240 in
802 5184 1163 5253 sequoi-‘tébus,
1197 5180 1345 5249 quasi
1376 5194 1495 5235 sese
1537 5195 1765 5245 nurgans
1792 5178 1925 5248 apud
1970 5179 2107 5247 illos,

531 5292 742 5334 causam
770 5280 895 5344 ipsis
936 5277 1187 5331 adscnltit
1220 5294 1232 5327 :
1266 5276 1356 5329 liti.
1388 5271 1588 5325 Esurivi
1616 5275 1764 5339 enim,
1815 5283 1859 5327 el
1889 5292 1986 5327 non
2019 5275 2108 5329 de-

534 5369 679 5422 distis
706 5370 826 5419 mihi
857 5368 1177 5421 manducare.
1220 5365 1438 5420 Etiamsi
1494 5366 1632 5417 cnim
1680 5366 1922 5419 iniiiiicus
1968 5376 2111 5421 esset

536 5462 583 5514 is
637 5459 723 5528 qui
754 5458 1062 5522 armisitat,
1096 5473 1271 5513 annon
1304 5457 1433 5511 satis
1471 5466 1626 5510 erant
1677 5472 1928 5510 toreuma:
1984 5459 2107 5523 illis,

536 5559 594 5603 ut
623 5550 704 5602 vel
746 5549 1217 5603 immisiricordcm
1261 5548 1538 5601 ﬂecterent
1588 5556 1641 5599 et
1680 5546 2005 5616 frangerent,
2033 5548 2111 5603 fac

540 5657 671 5706 mea,
712 5636 890 5710 irigus.
932 5641 1158 5703 vincula,
1191 5639 1423 5699 auditas,
1454 5636 1755 5701 inﬁrmitas,
1788 5639 1965 5707 vagari
1997 5640 2111 5695 sine

533 5736 706 5794 necto}
736 5734 854 5789 lim:
886 5732 1205 5789 inimicitiam
1233 5733 1438 5791 solvere
1466 5740 1727 5802 poterant.
1761 5738 1829 5789 At
1866 5748 1959 5788 vos
1996 5733 2108 5789 llllIC

1246 330 1309 391 5.
1343 326 1624 391 )OLNNJS
1659 320 2135 386 CBRYSOSTOMI
2169 323 2497 385 ARCHIEP‘.
2524 325 3035 388 CONSTANTINOP

2223 454 2328 496 non
2351 442 2683 507 praestabatis
2709 444 2904 509 amico,
2929 459 3033 499 non
3065 443 3419 514 benefactori,
3440 462 3547 503 non
3579 448 3815 506 Domino

2219 542 2418 589 vestro.
2452 534 2509 590 Si
2534 549 2721 590 canent
2751 534 3026 591 videamus
3049 536 3396 604 esurientem,
3417 550 3564 607 sirpe
3604 532 3814 611 frangi;

2218 641 2374 692 mur;
2407 627 2513 682 imo
2550 618 2596 683 isi
2634 627 2775 684 feras
2817 628 3090 684 videamus
3121 632 3436 695 esurientes,
3491 630 3765 687 necltmltr
3795 668 3813 689 .

2216 728 2271 776 et
2293 735 2415 775 eum
2458 721 2739 777 Dominum
2767 731 2913 777 tuum
2944 722 3113 785 vides,
3144 738 3250 779 non
3294 722 3560 780 ﬂecteris?
3586 740 3691 795 qua
3720 741 3818 781 rae

2218 812 2361 869 tione
2386 813 2501 869 haec
2530 822 2777 884 poterunt
2801 814 3091 871 excusari?
3114 813 3247 871 Nam
3287 817 3332 870 si
3360 816 3411 870 id
3434 815 3610 871 solum
3635 827 3817 882 esset,

2216 918 2395 960 nonne
2414 905 2680 963 sufficeret
2709 904 2776 961 ad
2824 904 3168 961 mercedem?
3208 920 3313 959 non
3352 906 3492 983 dico,
3540 915 3601 960 ut
3641 908 3831 961 talenr

2215 1008 2400 1050 vocem
2421 994 2551 1052 orbe
2576 1004 2841 1065 praesente
2869 995 2938 1050 ab
2956 1010 3023 1051 eo
3046 996 3137 1066 qui
3162 995 3313 1051 sedet
3339 994 3392 1049 in
3414 996 3552 1051 solio
3577 1007 3813 1077 paterno

2214 1086 2419 1153 audias,
2446 1097 2499 1143 et
2541 1102 2765 1159 regnum
2795 1089 3159 1158 consequaris,
3192 1089 3286 1145 sed
3313 1088 3415 1144 hoc
3450 1092 3625 1158 ipsum
3655 1091 3810 1160 quod

2216 1179 2405 1236 feceris
2430 1196 2605 1237 nonne
2632 1181 2764 1236 satis
2789 1194 2933 1236 esset
2970 1180 3038 1237 ad
3082 1181 3384 1238 mercedem
3400 1182 3425 1237 τ
3441 1181 3595 1238 Nunc
3618 1192 3827 1239 autem

2213 1270 2346 1327 orbe
2388 1279 2673 1342 prasente,
2722 1281 2775 1327 et
2820 1271 3073 1327 ineﬂabili
3128 1272 3215 1327 illa
3267 1283 3557 1343 apparente
3607 1274 3806 1345 gloria,

2214 1363 2467 1432 praedicat
2489 1372 2544 1419 et
2584 1373 2807 1419 coronat
2845 1372 2918 1429 te,
2969 1365 3373 1435 promulgatque
3410 1365 3699 1421 nutricium
3745 1374 3806 1422 et

2214 1453 2473 1524 hospitem
2506 1472 2520 1509 :
2551 1470 2724 1525 neque
2752 1456 3019 1511 caubescit
3038 1454 3154 1511 haec
3180 1455 3385 1520 dicens,
3418 1465 3475 1511 ut
3504 1456 3598 1511 tibi
3619 1456 3809 1525 splen-

2213 1543 2474 1621 didiorem
2496 1560 2755 1601 coronam
2788 1545 2999 1601 reddat.
3032 1546 3111 1601 Ex
3139 1547 3325 1615 gratia:
3359 1545 3681 1602 liberalitate
3707 1562 3805 1603 co-

2209 1652 2340 1690 rona
2371 1636 2548 1692 datur.
2577 1638 2702 1694 Ideo
2741 1638 2815 1692 illi
2839 1638 2981 1708 juste
3025 1638 3336 1709 puniuntur,
3385 1637 3438 1691 hi
3469 1624 3806 1695 coronantur

2213 1741 2307 1796 per
2333 1727 2577 1798 gratiam.
2606 1727 2724 1783 Etsi
2752 1726 2894 1783 enim
2934 1728 3097 1782 millia
3130 1727 3267 1782 bona
3316 1744 3478 1798 opera
3517 1728 3798 1795 fecissent,

2210 1819 2394 1889 gratia:
2422 1818 2712 1875 liberalitas
2745 1828 2849 1884 est,
2877 1817 3018 1889 quod
3056 1819 3126 1872 ita
3161 1833 3259 1889 pro
3283 1818 3518 1873 minimis
3544 1820 3804 1889 cperibus

2214 1919 2416 1964 tantum
2444 1910 2655 1978 czelum,
2689 1919 2891 1964 tantum
2935 1924 3159 1980 regnum
3204 1909 3362 1966 detur
3401 1910 3453 1964 in
3486 1912 3793 1980 prmtnium.

2216 2001 2364 2074 (Cap.
2386 2001 2578 2072 XXVI)
2606 2003 2660 2057 1.
2689 2000 2758 2055 Et
2783 2004 2972 2072 factum
2996 2013 3070 2056 est
3089 2018 3202 2055 cum
3232 2012 3627 2056 consummasset
3647 2001 3805 2058 Jesus

2210 2096 2301 2150 hos
2328 2104 2602 2159 se‘ntwnes,
2634 2094 2765 2151 dicit
2795 2094 3057 2163 discipulis
3082 2096 3187 2149 suis
3216 2110 3233 2147 :
3257 2093 3311 2148 2.
3343 2093 3498 2149 Scitis
3534 2094 3656 2165 quia
3691 2106 3802 2162 post

2181 2188 2420 2267 .biduum
2448 2188 2637 2259 pascha
2669 2188 2770 2255 ﬁet,
2804 2198 2851 2243 et
2878 2186 3045 2242 Filius
3074 2187 3288 2241 hominis
3332 2187 3559 2241 trudetur
3599 2196 3654 2239 ut
3684 2203 3820 2239 cru»-

2211 2280 2466 2351 ciﬁgatnr.
2522 2280 2725 2335 Rursus
2779 2288 3080 2350 Opportune
3124 2278 3193 2334 de
3238 2279 3487 2348 passione
3537 2279 3819 2348 loquitur}.

2212 2371 2424 2442 quando
2452 2372 2521 2426 dc
2545 2364 2730 2441 regno,
2754 2371 2822 2425 de
2848 2370 3199 2426 retributione
3228 2368 3421 2437 futura,
3444 2378 3505 2423 et
3529 2367 3599 2423 de
3636 2378 3803 2423 aeter-

2214 2466 2298 2519 nis
2316 2465 2633 2520 cruciatibus
2656 2462 2813 2518 verba
2840 2462 3037 2517 fecerat
3054 2477 3159 2530 ;.ac
3178 2463 3223 2516 si
3238 2462 3479 2517 diceret:
3502 2459 3609 2517 Cur
3642 2462 3825 2516 time».

2216 2557 2285 2611 tis
2298 2555 2365 2611 de
2384 2554 2743 2625 temporaueis
2764 2553 2941 2620 malis,
2958 2568 3079 2608 cum
3108 2553 3229 2607 talia
3248 2567 3342 2608 vos
3363 2538 3611 2608 maneant
3625 2552 3807 2608 bona?

2284 2650 2337 2704 5.
2372 2646 2448 2703 Tu
2474 2662 2602 2703 vero
2623 2646 2751 2701 mihi
2777 2644 3085 2701 consideres
3108 2644 3560 2715 velimquomodo
3583 2643 3634 2698 id
3659 2644 3805 2713 quod

2213 2739 2333 2793 illos
2361 2740 2593 2793 maxime
2616 2738 2867 2808 angebat,
2898 2735 3169 2791 cumarté
3198 2750 3330 2788 nova
3358 2733 3594 2803 quadam
3621 2735 3674 2787 in
3707 2749 3806 2789 su-

2213 2830 2509 2901 perioribus
2538 2829 2954 2886 adumbraverit.
2981 2827 3095 2883 Non
3125 2828 3267 2882 enim
3295 2827 3446 2886 dixit.
3476 2826 3645 2882 Scitis
3677 2826 3805 2895 quia

2215 2932 2333 2991 post
2353 2921 2489 2975 duos
2514 2920 2632 2976 dies
2662 2920 2875 2984 tradar;
2922 2920 3015 2974 sed
3042 2917 3205 2989 quid?
3252 2918 3405 2973 Scitis
3440 2920 3559 2987 quia
3590 2926 3701 2986 post
3728 2903 3828 2972 bi;

2212 3014 2369 3066 duum
2400 3013 2588 3082 pascha
2614 3012 2721 3080 fiet,
2752 3022 2813 3065 et-
2832 3010 2879 3064 Ρ
2880 3010 3000 3064 ilius
3041 3011 3258 3063 hominis
3294 3008 3562 3071 tradetur;
3594 3018 3647 3062 et
3675 3018 3819 3063 tunc

2210 3104 2411 3175 adjicit,
2446 3103 2515 3161 Ut
2541 3104 2865 3175 cruciﬁgatur
2886 3120 2905 3168 ;
2929 3101 3222 3158 ostendens
3254 3100 3568 3173 mysterium
3595 3114 3719 3155 esse
3746 3099 3821 3157 id

2211 3198 2353 3269 quod
2384 3197 2562 3264 ﬁebat,
2596 3195 2788 3252 festum
2815 3204 2869 3251 et
2896 3194 3260 3250 celebritatem
3285 3191 3361 3247 ad-
3381 3191 3609 3247 salutem
3652 3192 3817 3248 orbis»

2211 3292 2425 3357 tactam,
2449 3300 2505 3347 et
2531 3305 2590 3345 se
2633 3304 2909 3361 passurum
2939 3302 3101 3353 esse,
3127 3301 3249 3342 eum
3277 3285 3455 3342 omnia
3495 3284 3811 3355 prmsciviso

2212 3391 2314 3439 set.
2340 3382 2465 3438 Ideo
2488 3382 2640 3453 quasi
2664 3381 2766 3436 hoc
2800 3381 2933 3437 satis
2964 3390 3106 3437 esset
3134 3379 3201 3434 ad
3225 3378 3649 3434 consolationem
3678 3378 3818 3433 illo-

2212 3490 2351 3535 rum,
2387 3473 2519 3529 nihil
2556 3471 2663 3528 illis
2700 3487 2841 3527 nunc
2869 3472 2997 3527 dicit
3024 3471 3091 3527 de
3126 3462 3535 3526 resurrectione
3566 3486 3580 3523 :
3610 3485 3806 3541 super-

2212 3564 2375 3619 ﬂuum
2398 3564 2541 3621 enim
2561 3560 2771 3626 ﬁnisset,
2792 3570 3068 3632 postquam
3088 3569 3161 3615 tot
3182 3568 3431 3630 tantaque
3448 3559 3797 3626 disseruerat,

2213 3656 2281 3711 de
2327 3655 2414 3710 illa
2467 3654 2661 3711 iterum
2690 3652 2889 3709 dicere.
2930 3652 3178 3722 Alioquin
3236 3665 3389 3718 vero,
3422 3660 3477 3705 ut
3504 3650 3614 3720 jam
3664 3652 3821 3719 dish.

2212 3746 2449 3802 ostendit
2473 3748 2641 3815 ipsam
2664 3745 2965 3816 passionem
2996 3759 3025 3797 a
3053 3743 3195 3797 mille
3222 3742 3375 3797 malis
3404 3743 3651 3797 homines
3669 3742 3803 3797 libe-

2212 3854 2353 3899 rare.
2405 3838 2535 3894 dum
2567 3849 2689 3907 per’
2706 3834 2898 3906 pascha
2928 3844 3110 3891 vetera
3152 3833 3410 3890 beneﬁcia
3461 3834 3512 3887 in
3566 3832 3825 3905 Egyptor

2213 3933 2446 4001 praestita
2476 3937 2876 3986 commemorat.
2908 3929 2961 3983 5.
2997 3926 3135 3981 Tunc
3182 3926 3467 3997 congregati
3513 3937 3628 3979 sunt
3665 3928 3809 3995 prin-

2213 4026 2349 4095 cipes
2389 4023 2719 4087 sacerdotum,
2748 4021 2944 4086 scribta,
2987 4029 3033 4073 et
3082 4017 3523 4091 seniores,populi
3570 4018 3625 4072 in
3669 4019 3817 4073 atrio.

2212 4115 2395 4169 summi
2420 4112 2708 4178 sacerdotis,
2755 4112 2841 4181 qui
2869 4111 3137 4166 vocabatur
3177 4110 3419 4180 Caiphae,
3457 4111 3515 4166 4.
3559 4120 3604 4163 et
3633 4111 3807 4165 consi-

2215 4206 2338 4259 lium
2370 4206 2587 4258 inierunt
2624 4213 2676 4259 ut
2708 4203 2884 4257 Iesum
2923 4202 3040 4256 dolo
3066 4212 3308 4267 tenerent,
3336 4212 3384 4255 et
3409 4201 3711 4255 occiderent.
3742 4202 3811 4257 ὅν

2213 4296 2455 4350 Dicebant
2485 4305 2668 4362 autent,
2703 4294 2824 4349 Non
2851 4295 2905 4348 in
2934 4294 3017 4348 die
3041 4298 3185 4365 festo,
3221 4310 3283 4347 ne
3315 4294 3555 4348 tumultus
3582 4295 3720 4363 ﬁeret
3746 4296 3807 4350 in

2214 4388 2423 4457 populo.
2468 4387 2657 4443 Vidisti
2686 4390 2973 4442 maximam
3019 4386 3360 4463 Judaicarunt
3405 4403 3582 4443 rerum
3613 4405 3809 4443 corru-

2216 4479 2489 4548 ptionem?
2520 4479 2625 4534 Res
2653 4481 2860 4549 iniquas
2886 4478 3276 4549 aggredientes,
3316 4478 3382 4532 ad
3409 4494 3679 4542 smnmum
3707 4497 3802 4537 sa—

2215 4569 2485 4625 cerdotem
2515 4570 2750 4637 veniunt,
2779 4569 2902 4624 dum
2934 4569 3057 4624 inde
3080 4569 3265 4622 volunt
3309 4578 3624 4637 potestatem
3652 4573 3803 4628 acci-

2216 4677 2343 4732 pere
2371 4661 2510 4716 unde
2542 4660 2784 4730 impediri
2820 4660 3120 4731 Oportebat.
3159 4658 3227 4713 Et
3255 4669 3384 4727 quot
3423 4669 3576 4714 erant
3603 4664 3809 4719 summi

2214 4752 2555 4808 sacerdotes?
2581 4752 2692 4806 Lex
2719 4753 2863 4807 enim
2882 4767 3044 4806 unum
3068 4766 3187 4806 esse
3212 4752 3320 4805 vult
3346 4769 3359 4805 :
3382 4750 3477 4806 sed
3501 4762 3625 4808 tunc
3647 4755 3805 4811 multi

2215 4856 2385 4901 erant.
2414 4845 2565 4902 Unde
2594 4846 2766 4915 palam
2784 4854 2884 4909 εει,
2916 4844 3133 4899 Judaica
3158 4844 3266 4913 jam
3298 4843 3517 4900 dissolvi
3542 4850 3804 4917 coepisse.

2215 4936 2421 5009 Moyses
2450 4938 2614 5001 enim,
2647 4945 2706 4991 ut
2732 4935 2861 5001 dixi,
2888 4950 3051 4990 unum
3078 4950 3197 4990 esse
3221 4935 3379 5004 jussit
3408 4954 3421 4989 :
3454 4953 3561 5007 quo
3588 4949 3807 4995 mortuo

2214 5029 2375 5083 alium
2427 5028 2609 5099 deligi,
2653 5028 2705 5081 in
2755 5028 3017 5097 hujusque
3056 5027 3163 5081 vita
3205 5028 3448 5083 exsilium
3492 5032 3806 5089 terminavit

2214 5136 2396 5177 eorum
2445 5122 2535 5191 qui
2601 5120 2951 5176 involuntarie
3015 5134 3203 5174 necem
3260 5120 3419 5174 alicui
3473 5122 3803 5179 intulissent.

2214 5213 2493 5279 Quomodo
2539 5213 2696 5281 igitur
2744 5224 2869 5267 tunc
2922 5212 3068 5266 multi
3117 5211 3420 5266 sacerdotes
3460 5212 3583 5281 {tt}?
3626 5217 3804 5272 Animi

2215 5306 2466 5375 deinceps
2490 5306 2613 5361 facti
2640 5316 2784 5359 sunt.
2820 5305 2930 5359 Hoc
2954 5303 3271 5374 signiﬁcavit
3294 5307 3642 5375 evangelista,
3676 5325 3800 5364 cum

2215 5400 2282 5455 de
2310 5399 2562 5455 Zacharia
2609 5399 2935 5470 loqueretur,
2966 5399 3149 5455 dicens
3182 5398 3331 5453 illum
3377 5397 3541 5453 fuisse
3588 5398 3662 5454 De
3702 5402 3806 5453 nire

2280 5554 2351 5615 (at)
2377 5554 2431 5603 In
2455 5563 2617 5605 Grzeco
2640 5555 2823 5617 legitur
2843 5566 3037 5616 ἀτιιιιριῖς,
3074 5555 3121 5603 id
3164 5560 3258 5617 est,
3294 5552 3468 5605 summ
3504 5555 3798 5607 latuitlatuit.

2216 5591 2655 5685 «ί
2680 5591 2814 5687 an.

2216 5682 2335 5726 riam
2358 5682 2547 5727 Joannis
2570 5681 2789 5739 Baptistae
2810 5686 2999 5740 patrem
3030 5677 3180 5729 fuisse
3202 5690 3440 5729 summum
3466 5678 3800 5732 Sicanium

2212 5746 2311 5795 Atii
2337 5758 2481 5795 secus
2517 5744 2822 5796 existimant.
2867 5746 2920 5799 V.
2949 5745 3128 5799 Adnot.
3152 5746 3314 5807 Fietd,
3335 5748 3463 5812 adp.
3491 5750 3595 5798 τω.
