  <div class='ocr_page' id='page_1' title='image "/cluster/home/n/w/nwhite01/storage/ocr_20150623/58/ien.35556001660851/266.png"; bbox 0 0 4074 6448; ppageno 0'>
   <div class='ocr_carea' id='block_1_1' title="bbox 255 414 383 470">
    <p class='ocr_par' dir='ltr' id='par_1_1' title="bbox 255 414 383 470">
     <span class='ocr_line' id='line_1_1' title="bbox 255 414 383 470; baseline 0.023 -3"><span class='ocrx_word' id='word_1_1' title='bbox 255 414 383 470; x_wconf 60' lang='grc' dir='ltr'><strong>γει</strong></span> 
     </span>
    </p>
   </div>
   <div class='ocr_carea' id='block_1_2' title="bbox 256 516 1884 602">
    <p class='ocr_par' dir='ltr' id='par_1_2' title="bbox 256 516 1884 602">
     <span class='ocr_line' id='line_1_2' title="bbox 256 516 1884 602; baseline -0.008 -20"><span class='ocrx_word' id='word_1_2' title='bbox 256 529 414 583; x_wconf 76' lang='lat' dir='ltr'><strong>Abin</strong></span> <span class='ocrx_word' id='word_1_3' title='bbox 436 527 596 602; x_wconf 71' lang='lat' dir='ltr'><strong>(Luc.</strong></span> <span class='ocrx_word' id='word_1_4' title='bbox 628 530 679 585; x_wconf 81' lang='lat' dir='ltr'><strong>l.</strong></span> <span class='ocrx_word' id='word_1_5' title='bbox 711 528 788 596; x_wconf 86' lang='lat'><strong>5).</strong></span> <span class='ocrx_word' id='word_1_6' title='bbox 833 523 1111 593; x_wconf 76' lang='lat' dir='ltr'><strong>Principes</strong></span> <span class='ocrx_word' id='word_1_7' title='bbox 1147 522 1309 592; x_wconf 92' lang='lat' dir='ltr'><strong>igitur</strong></span> <span class='ocrx_word' id='word_1_8' title='bbox 1351 518 1687 575; x_wconf 68' lang='lat' dir='ltr'><strong>sacerdotum</strong></span> <span class='ocrx_word' id='word_1_9' title='bbox 1721 516 1884 570; x_wconf 80' lang='lat' dir='ltr'><strong>fuisse</strong></span> 
     </span>
    </p>
   </div>
   <div class='ocr_carea' id='block_1_3' title="bbox 257 609 1882 697">
    <p class='ocr_par' dir='ltr' id='par_1_3' title="bbox 257 609 1882 697">
     <span class='ocr_line' id='line_1_3' title="bbox 257 609 1882 697; baseline -0.007 -24"><span class='ocrx_word' id='word_1_10' title='bbox 257 620 419 676; x_wconf 82' lang='lat' dir='ltr'><strong>dicit</strong></span> <span class='ocrx_word' id='word_1_11' title='bbox 465 637 584 687; x_wconf 84' lang='lat' dir='ltr'><strong>eos,</strong></span> <span class='ocrx_word' id='word_1_12' title='bbox 633 620 722 692; x_wconf 74' lang='lat' dir='ltr'><strong>qui</strong></span> <span class='ocrx_word' id='word_1_13' title='bbox 767 618 837 674; x_wconf 90' lang='lat' dir='ltr'><strong>de</strong></span> <span class='ocrx_word' id='word_1_14' title='bbox 879 614 1211 685; x_wconf 82' lang='lat' dir='ltr'><strong>principibus</strong></span> <span class='ocrx_word' id='word_1_15' title='bbox 1258 611 1596 697; x_wconf 73' lang='lat' dir='ltr'><strong>sacerdotum</strong></span> <span class='ocrx_word' id='word_1_16' title='bbox 1651 609 1882 664; x_wconf 78' lang='lat' dir='ltr'><strong>inerant.</strong></span> 
     </span>
    </p>
   </div>
   <div class='ocr_carea' id='block_1_4' title="bbox 257 702 1887 779">
    <p class='ocr_par' dir='ltr' id='par_1_4' title="bbox 257 702 1887 779">
     <span class='ocr_line' id='line_1_4' title="bbox 257 702 1887 779; baseline -0.009 -11"><span class='ocrx_word' id='word_1_17' title='bbox 257 712 442 779; x_wconf 77' lang='lat' dir='ltr'><strong>Quod</strong></span> <span class='ocrx_word' id='word_1_18' title='bbox 474 722 652 768; x_wconf 85' lang='lat' dir='ltr'><strong>autem</strong></span> <span class='ocrx_word' id='word_1_19' title='bbox 681 709 962 770; x_wconf 84' lang='lat' dir='ltr'><strong>consilium</strong></span> <span class='ocrx_word' id='word_1_20' title='bbox 995 704 1264 762; x_wconf 81' lang='lat' dir='ltr'><strong>inierunt?</strong></span> <span class='ocrx_word' id='word_1_21' title='bbox 1295 713 1352 758; x_wconf 90' lang='lat' dir='ltr'><strong>ut</strong></span> <span class='ocrx_word' id='word_1_22' title='bbox 1393 718 1514 758; x_wconf 90' lang='lat' dir='ltr'><strong>eum</strong></span> <span class='ocrx_word' id='word_1_23' title='bbox 1551 702 1686 756; x_wconf 85' lang='lat' dir='ltr'><strong>clam</strong></span> <span class='ocrx_word' id='word_1_24' title='bbox 1728 715 1887 770; x_wconf 84' lang='lat' dir='ltr'><strong>cape-</strong></span> 
     </span>
    </p>
   </div>
   <div class='ocr_carea' id='block_1_5' title="bbox 258 791 1882 866">
    <p class='ocr_par' dir='ltr' id='par_1_5' title="bbox 258 791 1882 866">
     <span class='ocr_line' id='line_1_5' title="bbox 258 791 1882 866; baseline -0.006 -11"><span class='ocrx_word' id='word_1_25' title='bbox 258 806 445 859; x_wconf 81' lang='lat' dir='ltr'><strong>rent?</strong></span> <span class='ocrx_word' id='word_1_26' title='bbox 465 812 558 858; x_wconf 92' lang='lat' dir='ltr'><strong>aut</strong></span> <span class='ocrx_word' id='word_1_27' title='bbox 593 797 1330 866; x_wconf 68' lang='lat' dir='ltr'><strong>ntocciderenttUtrumque</strong></span> <span class='ocrx_word' id='word_1_28' title='bbox 1359 812 1373 847; x_wconf 90' lang='lat'><strong><em>:</em></strong></span> <span class='ocrx_word' id='word_1_29' title='bbox 1401 792 1662 849; x_wconf 89' lang='lat' dir='ltr'><strong>timebant</strong></span> <span class='ocrx_word' id='word_1_30' title='bbox 1689 791 1834 846; x_wconf 88' lang='lat' dir='ltr'><strong>enim</strong></span> <span class='ocrx_word' id='word_1_31' title='bbox 1864 791 1882 822; x_wconf 70' lang='grc' dir='ltr'>ί</span> 
     </span>
    </p>
   </div>
   <div class='ocr_carea' id='block_1_6' title="bbox 240 883 1887 964">
    <p class='ocr_par' dir='ltr' id='par_1_6' title="bbox 240 883 1887 964">
     <span class='ocr_line' id='line_1_6' title="bbox 240 883 1887 964; baseline -0.004 -19"><span class='ocrx_word' id='word_1_32' title='bbox 240 894 520 964; x_wconf 64' lang='lat' dir='ltr'><strong>plebem.</strong></span> <span class='ocrx_word' id='word_1_33' title='bbox 575 893 699 946; x_wconf 87' lang='lat' dir='ltr'><strong>Ideo</strong></span> <span class='ocrx_word' id='word_1_34' title='bbox 738 893 1011 963; x_wconf 70' lang='lat' dir='ltr'><strong>praeterire</strong></span> <span class='ocrx_word' id='word_1_35' title='bbox 1062 889 1252 944; x_wconf 76' lang='lat' dir='ltr'><strong>festum</strong></span> <span class='ocrx_word' id='word_1_36' title='bbox 1307 887 1586 950; x_wconf 85' lang='lat' dir='ltr'><strong>volebant;</strong></span> <span class='ocrx_word' id='word_1_37' title='bbox 1637 883 1887 940; x_wconf 73' lang='lat' dir='ltr'><strong>dicebant</strong></span> 
     </span>
    </p>
   </div>
   <div class='ocr_carea' id='block_1_7' title="bbox 261 976 1883 1054">
    <p class='ocr_par' dir='ltr' id='par_1_7' title="bbox 261 976 1883 1054">
     <span class='ocr_line' id='line_1_7' title="bbox 261 976 1883 1054; baseline -0.006 -15"><span class='ocrx_word' id='word_1_38' title='bbox 261 988 450 1050; x_wconf 83' lang='lat' dir='ltr'><strong>enim,</strong></span> <span class='ocrx_word' id='word_1_39' title='bbox 495 983 618 1039; x_wconf 76' lang='lat' dir='ltr'><strong>Non</strong></span> <span class='ocrx_word' id='word_1_40' title='bbox 643 986 697 1038; x_wconf 87' lang='lat' dir='ltr'><strong>in</strong></span> <span class='ocrx_word' id='word_1_41' title='bbox 731 984 814 1038; x_wconf 85' lang='lat' dir='ltr'><strong>die</strong></span> <span class='ocrx_word' id='word_1_42' title='bbox 839 987 987 1054; x_wconf 80' lang='lat' dir='ltr'><strong>festo.</strong></span> <span class='ocrx_word' id='word_1_43' title='bbox 1029 981 1163 1036; x_wconf 84' lang='lat' dir='ltr'><strong>Nam</strong></span> <span class='ocrx_word' id='word_1_44' title='bbox 1201 980 1465 1042; x_wconf 87' lang='lat' dir='ltr'><strong>diabolus,</strong></span> <span class='ocrx_word' id='word_1_45' title='bbox 1499 994 1568 1033; x_wconf 91' lang='lat' dir='ltr'><strong>ne</strong></span> <span class='ocrx_word' id='word_1_46' title='bbox 1599 976 1883 1032; x_wconf 81' lang='lat' dir='ltr'><strong>manifesta</strong></span> 
     </span>
    </p>
   </div>
   <div class='ocr_carea' id='block_1_8' title="bbox 265 1065 1889 1145">
    <p class='ocr_par' dir='ltr' id='par_1_8' title="bbox 265 1065 1889 1145">
     <span class='ocr_line' id='line_1_8' title="bbox 265 1065 1889 1145; baseline -0.002 -18"><span class='ocrx_word' id='word_1_47' title='bbox 265 1078 468 1145; x_wconf 79' lang='lat' dir='ltr'><strong>passio</strong></span> <span class='ocrx_word' id='word_1_48' title='bbox 495 1085 662 1137; x_wconf 89' lang='lat' dir='ltr'><strong>esset,</strong></span> <span class='ocrx_word' id='word_1_49' title='bbox 689 1074 903 1130; x_wconf 83' lang='lat' dir='ltr'><strong>nolebat</strong></span> <span class='ocrx_word' id='word_1_50' title='bbox 929 1073 1100 1128; x_wconf 88' lang='lat' dir='ltr'><strong>occidi</strong></span> <span class='ocrx_word' id='word_1_51' title='bbox 1123 1074 1176 1127; x_wconf 92' lang='lat' dir='ltr'><strong>in</strong></span> <span class='ocrx_word' id='word_1_52' title='bbox 1205 1071 1492 1142; x_wconf 82' lang='lat' dir='ltr'><strong>paschale;</strong></span> <span class='ocrx_word' id='word_1_53' title='bbox 1527 1069 1600 1124; x_wconf 87' lang='lat' dir='ltr'><strong>illi</strong></span> <span class='ocrx_word' id='word_1_54' title='bbox 1640 1084 1788 1134; x_wconf 88' lang='lat' dir='ltr'><strong>vero,</strong></span> <span class='ocrx_word' id='word_1_55' title='bbox 1819 1065 1889 1123; x_wconf 85' lang='lat' dir='ltr'><strong>ne</strong></span> 
     </span>
    </p>
   </div>
   <div class='ocr_carea' id='block_1_9' title="bbox 269 1161 1883 1223">
    <p class='ocr_par' dir='ltr' id='par_1_9' title="bbox 269 1161 1883 1223">
     <span class='ocr_line' id='line_1_9' title="bbox 269 1161 1883 1223; baseline -0.004 -3"><span class='ocrx_word' id='word_1_56' title='bbox 269 1168 549 1222; x_wconf 81' lang='lat' dir='ltr'><strong>tumultus</strong></span> <span class='ocrx_word' id='word_1_57' title='bbox 571 1177 733 1222; x_wconf 85' lang='lat' dir='ltr'><strong>esset.</strong></span> <span class='ocrx_word' id='word_1_58' title='bbox 775 1163 1156 1220; x_wconf 86' lang='lat' dir='ltr'><strong>Animadverte</strong></span> <span class='ocrx_word' id='word_1_59' title='bbox 1178 1171 1357 1217; x_wconf 91' lang='lat' dir='ltr'><strong>autem</strong></span> <span class='ocrx_word' id='word_1_60' title='bbox 1383 1161 1505 1217; x_wconf 89' lang='lat' dir='ltr'><strong>illos</strong></span> <span class='ocrx_word' id='word_1_61' title='bbox 1540 1161 1751 1223; x_wconf 88' lang='lat' dir='ltr'><strong>timere,</strong></span> <span class='ocrx_word' id='word_1_62' title='bbox 1778 1174 1883 1214; x_wconf 88' lang='lat' dir='ltr'><strong>non</strong></span> 
     </span>
    </p>
   </div>
   <div class='ocr_carea' id='block_1_10' title="bbox 270 1251 1883 1328">
    <p class='ocr_par' dir='ltr' id='par_1_10' title="bbox 270 1251 1883 1328">
     <span class='ocr_line' id='line_1_10' title="bbox 270 1251 1883 1328; baseline -0.004 -16"><span class='ocrx_word' id='word_1_63' title='bbox 270 1258 484 1320; x_wconf 83' lang='lat' dir='ltr'><strong>Deum,</strong></span> <span class='ocrx_word' id='word_1_64' title='bbox 531 1273 704 1328; x_wconf 86' lang='lat' dir='ltr'><strong>neque</strong></span> <span class='ocrx_word' id='word_1_65' title='bbox 732 1271 800 1311; x_wconf 88' lang='lat' dir='ltr'><strong>ne</strong></span> <span class='ocrx_word' id='word_1_66' title='bbox 830 1255 1004 1325; x_wconf 87' lang='lat' dir='ltr'><strong>majus</strong></span> <span class='ocrx_word' id='word_1_67' title='bbox 1033 1254 1209 1310; x_wconf 85' lang='lat' dir='ltr'><strong>scelus</strong></span> <span class='ocrx_word' id='word_1_68' title='bbox 1239 1263 1384 1310; x_wconf 84' lang='lat' dir='ltr'><strong>esset</strong></span> <span class='ocrx_word' id='word_1_69' title='bbox 1413 1269 1442 1307; x_wconf 92' lang='lat' dir='ltr'><strong>a</strong></span> <span class='ocrx_word' id='word_1_70' title='bbox 1473 1262 1753 1321; x_wconf 89' lang='lat' dir='ltr'><strong>tempore;</strong></span> <span class='ocrx_word' id='word_1_71' title='bbox 1787 1251 1883 1306; x_wconf 89' lang='lat' dir='ltr'><strong>sed</strong></span> 
     </span>
    </p>
   </div>
   <div class='ocr_carea' id='block_1_11' title="bbox 271 1346 1882 1420">
    <p class='ocr_par' dir='ltr' id='par_1_11' title="bbox 271 1346 1882 1420">
     <span class='ocr_line' id='line_1_11' title="bbox 271 1346 1882 1420; baseline -0.002 -19"><span class='ocrx_word' id='word_1_72' title='bbox 271 1351 486 1420; x_wconf 77' lang='lat' dir='ltr'><strong>ubique</strong></span> <span class='ocrx_word' id='word_1_73' title='bbox 513 1349 742 1404; x_wconf 90' lang='lat' dir='ltr'><strong>humana</strong></span> <span class='ocrx_word' id='word_1_74' title='bbox 767 1357 1026 1404; x_wconf 84' lang='lat' dir='ltr'><strong>metuere.</strong></span> <span class='ocrx_word' id='word_1_75' title='bbox 1061 1350 1309 1402; x_wconf 81' lang='lat' dir='ltr'><strong>Attamen</strong></span> <span class='ocrx_word' id='word_1_76' title='bbox 1358 1347 1541 1400; x_wconf 90' lang='lat' dir='ltr'><strong>animo</strong></span> <span class='ocrx_word' id='word_1_77' title='bbox 1586 1346 1882 1410; x_wconf 77' lang='lat' dir='ltr'><strong>ferventes,</strong></span> 
     </span>
    </p>
   </div>
   <div class='ocr_carea' id='block_1_12' title="bbox 240 1437 1883 1513">
    <p class='ocr_par' dir='ltr' id='par_1_12' title="bbox 240 1437 1883 1513">
     <span class='ocr_line' id='line_1_12' title="bbox 240 1437 1883 1513; baseline -0.006 -13"><span class='ocrx_word' id='word_1_78' title='bbox 240 1455 474 1513; x_wconf 65' lang='lat' dir='ltr'><strong>_p-:istea</strong></span> <span class='ocrx_word' id='word_1_79' title='bbox 526 1444 847 1498; x_wconf 88' lang='lat' dir='ltr'><strong>sententiam</strong></span> <span class='ocrx_word' id='word_1_80' title='bbox 900 1451 1191 1496; x_wconf 86' lang='lat' dir='ltr'><strong>mutarunt.</strong></span> <span class='ocrx_word' id='word_1_81' title='bbox 1237 1440 1367 1494; x_wconf 92' lang='lat' dir='ltr'><strong>Cum</strong></span> <span class='ocrx_word' id='word_1_82' title='bbox 1413 1439 1674 1494; x_wconf 83' lang='lat' dir='ltr'><strong>dixissent</strong></span> <span class='ocrx_word' id='word_1_83' title='bbox 1715 1437 1883 1502; x_wconf 91' lang='lat' dir='ltr'><strong>enim,</strong></span> 
     </span>
    </p>
   </div>
   <div class='ocr_carea' id='block_1_13' title="bbox 258 1532 1886 1606">
    <p class='ocr_par' dir='ltr' id='par_1_13' title="bbox 258 1532 1886 1606">
     <span class='ocr_line' id='line_1_13' title="bbox 258 1532 1886 1606; baseline 0.001 -19"><span class='ocrx_word' id='word_1_84' title='bbox 258 1535 413 1590; x_wconf 78' lang='lat' dir='ltr'><strong>.Non</strong></span> <span class='ocrx_word' id='word_1_85' title='bbox 450 1538 506 1590; x_wconf 87' lang='lat' dir='ltr'><strong>in</strong></span> <span class='ocrx_word' id='word_1_86' title='bbox 553 1536 637 1591; x_wconf 76' lang='lat' dir='ltr'><strong>die</strong></span> <span class='ocrx_word' id='word_1_87' title='bbox 685 1536 834 1606; x_wconf 82' lang='lat' dir='ltr'><strong>festo,</strong></span> <span class='ocrx_word' id='word_1_88' title='bbox 881 1551 1001 1590; x_wconf 90' lang='lat' dir='ltr'><strong>cum</strong></span> <span class='ocrx_word' id='word_1_89' title='bbox 1053 1533 1380 1605; x_wconf 83' lang='lat' dir='ltr'><strong>proditorem</strong></span> <span class='ocrx_word' id='word_1_90' title='bbox 1429 1533 1772 1597; x_wconf 80' lang='lat' dir='ltr'><strong>invenissent,</strong></span> <span class='ocrx_word' id='word_1_91' title='bbox 1819 1532 1886 1588; x_wconf 89' lang='lat' dir='ltr'><strong>de</strong></span> 
     </span>
    </p>
   </div>
   <div class='ocr_carea' id='block_1_14' title="bbox 278 1623 1883 1697">
    <p class='ocr_par' dir='ltr' id='par_1_14' title="bbox 278 1623 1883 1697">
     <span class='ocr_line' id='line_1_14' title="bbox 278 1623 1883 1697; baseline -0.003 -16"><span class='ocrx_word' id='word_1_92' title='bbox 278 1638 534 1697; x_wconf 88' lang='lat' dir='ltr'><strong>tempore</strong></span> <span class='ocrx_word' id='word_1_93' title='bbox 569 1643 675 1682; x_wconf 90' lang='lat' dir='ltr'><strong>non</strong></span> <span class='ocrx_word' id='word_1_94' title='bbox 702 1635 973 1691; x_wconf 90' lang='lat' dir='ltr'><strong>curarunt,</strong></span> <span class='ocrx_word' id='word_1_95' title='bbox 1004 1625 1096 1681; x_wconf 88' lang='lat' dir='ltr'><strong>sed</strong></span> <span class='ocrx_word' id='word_1_96' title='bbox 1141 1625 1192 1679; x_wconf 91' lang='lat' dir='ltr'><strong>in</strong></span> <span class='ocrx_word' id='word_1_97' title='bbox 1244 1624 1360 1694; x_wconf 88' lang='lat' dir='ltr'><strong>ipso</strong></span> <span class='ocrx_word' id='word_1_98' title='bbox 1391 1623 1528 1678; x_wconf 79' lang='lat' dir='ltr'><strong>festo</strong></span> <span class='ocrx_word' id='word_1_99' title='bbox 1552 1623 1883 1678; x_wconf 89' lang='lat' dir='ltr'><strong>occiderunt.</strong></span> 
     </span>
    </p>
   </div>
   <div class='ocr_carea' id='block_1_15' title="bbox 273 1713 1882 1786">
    <p class='ocr_par' dir='ltr' id='par_1_15' title="bbox 273 1713 1882 1786">
     <span class='ocr_line' id='line_1_15' title="bbox 273 1713 1882 1786; baseline -0.004 -12"><span class='ocrx_word' id='word_1_100' title='bbox 273 1718 396 1774; x_wconf 88' lang='lat' dir='ltr'><strong>Cur</strong></span> <span class='ocrx_word' id='word_1_101' title='bbox 421 1728 602 1775; x_wconf 88' lang='lat' dir='ltr'><strong>autem</strong></span> <span class='ocrx_word' id='word_1_102' title='bbox 635 1719 780 1774; x_wconf 90' lang='lat' dir='ltr'><strong>illum</strong></span> <span class='ocrx_word' id='word_1_103' title='bbox 813 1729 938 1774; x_wconf 85' lang='lat' dir='ltr'><strong>tunc</strong></span> <span class='ocrx_word' id='word_1_104' title='bbox 963 1719 1267 1786; x_wconf 74' lang='lat' dir='ltr'><strong>ceperunt?</strong></span> <span class='ocrx_word' id='word_1_105' title='bbox 1306 1717 1370 1769; x_wconf 80' lang='lat' dir='ltr'><strong>Et</strong></span> <span class='ocrx_word' id='word_1_106' title='bbox 1397 1714 1578 1770; x_wconf 82' lang='lat' dir='ltr'><strong>furore</strong></span> <span class='ocrx_word' id='word_1_107' title='bbox 1606 1713 1882 1780; x_wconf 86' lang='lat' dir='ltr'><strong>ardentes,</strong></span> 
     </span>
    </p>
   </div>
   <div class='ocr_carea' id='block_1_16' title="bbox 278 1808 1887 1881">
    <p class='ocr_par' dir='ltr' id='par_1_16' title="bbox 278 1808 1887 1881">
     <span class='ocr_line' id='line_1_16' title="bbox 278 1808 1887 1881; baseline -0.003 -18"><span class='ocrx_word' id='word_1_108' title='bbox 278 1820 344 1863; x_wconf 87' lang='lat' dir='ltr'><strong>ut</strong></span> <span class='ocrx_word' id='word_1_109' title='bbox 369 1809 503 1875; x_wconf 87' lang='lat' dir='ltr'><strong>dixi,</strong></span> <span class='ocrx_word' id='word_1_110' title='bbox 531 1819 587 1866; x_wconf 92' lang='lat' dir='ltr'><strong>et</strong></span> <span class='ocrx_word' id='word_1_111' title='bbox 615 1809 754 1881; x_wconf 91' lang='lat' dir='ltr'><strong>quod</strong></span> <span class='ocrx_word' id='word_1_112' title='bbox 784 1822 910 1864; x_wconf 90' lang='lat' dir='ltr'><strong>tunc</strong></span> <span class='ocrx_word' id='word_1_113' title='bbox 934 1825 992 1863; x_wconf 88' lang='lat' dir='ltr'><strong>se</strong></span> <span class='ocrx_word' id='word_1_114' title='bbox 1016 1809 1162 1862; x_wconf 89' lang='lat' dir='ltr'><strong>illum</strong></span> <span class='ocrx_word' id='word_1_115' title='bbox 1196 1808 1511 1862; x_wconf 79' lang='lat' dir='ltr'><strong>inventuros</strong></span> <span class='ocrx_word' id='word_1_116' title='bbox 1543 1819 1664 1861; x_wconf 89' lang='lat' dir='ltr'><strong>esse</strong></span> <span class='ocrx_word' id='word_1_117' title='bbox 1703 1819 1887 1874; x_wconf 84' lang='lat' dir='ltr'><strong>spera-</strong></span> 
     </span>
    </p>
   </div>
   <div class='ocr_carea' id='block_1_17' title="bbox 279 1896 1887 1972">
    <p class='ocr_par' dir='ltr' id='par_1_17' title="bbox 279 1896 1887 1972">
     <span class='ocr_line' id='line_1_17' title="bbox 279 1896 1887 1972; baseline -0.002 -17"><span class='ocrx_word' id='word_1_118' title='bbox 279 1911 429 1966; x_wconf 83' lang='lat' dir='ltr'><strong>rent,</strong></span> <span class='ocrx_word' id='word_1_119' title='bbox 465 1901 835 1972; x_wconf 83' lang='lat' dir='ltr'><strong>atqueomnia</strong></span> <span class='ocrx_word' id='word_1_120' title='bbox 866 1899 1165 1970; x_wconf 73' lang='lat' dir='ltr'><strong>Quasicacci</strong></span> <span class='ocrx_word' id='word_1_121' title='bbox 1206 1899 1461 1954; x_wconf 83' lang='lat' dir='ltr'><strong>lacerent.</strong></span> <span class='ocrx_word' id='word_1_122' title='bbox 1506 1896 1618 1951; x_wconf 87' lang='lat' dir='ltr'><strong>Etsi</strong></span> <span class='ocrx_word' id='word_1_123' title='bbox 1657 1896 1887 1951; x_wconf 81' lang='lat' dir='ltr'><strong>maxime</strong></span> 
     </span>
    </p>
   </div>
   <div class='ocr_carea' id='block_1_18' title="bbox 283 1988 1884 2062">
    <p class='ocr_par' dir='ltr' id='par_1_18' title="bbox 283 1988 1884 2062">
     <span class='ocr_line' id='line_1_18' title="bbox 283 1988 1884 2062; baseline -0.003 -17"><span class='ocrx_word' id='word_1_124' title='bbox 283 1992 381 2046; x_wconf 87' lang='lat' dir='ltr'><strong>ille</strong></span> <span class='ocrx_word' id='word_1_125' title='bbox 414 1993 651 2059; x_wconf 88' lang='lat' dir='ltr'><strong>ipsorum</strong></span> <span class='ocrx_word' id='word_1_126' title='bbox 676 1992 913 2062; x_wconf 83' lang='lat' dir='ltr'><strong>nequitia</strong></span> <span class='ocrx_word' id='word_1_127' title='bbox 939 1989 1004 2044; x_wconf 91' lang='lat' dir='ltr'><strong>ad</strong></span> <span class='ocrx_word' id='word_1_128' title='bbox 1037 1990 1304 2059; x_wconf 88' lang='lat' dir='ltr'><strong>pr0priam</strong></span> <span class='ocrx_word' id='word_1_129' title='bbox 1337 1997 1576 2044; x_wconf 84' lang='lat' dir='ltr'><strong>uteretur</strong></span> <span class='ocrx_word' id='word_1_130' title='bbox 1599 1988 1884 2057; x_wconf 84' lang='lat' dir='ltr'><strong>dispensa-</strong></span> 
     </span>
    </p>
   </div>
   <div class='ocr_carea' id='block_1_19' title="bbox 281 2077 1888 2151">
    <p class='ocr_par' dir='ltr' id='par_1_19' title="bbox 281 2077 1888 2151">
     <span class='ocr_line' id='line_1_19' title="bbox 281 2077 1888 2151; baseline -0.004 -13"><span class='ocrx_word' id='word_1_131' title='bbox 281 2089 526 2149; x_wconf 76' lang='lat' dir='ltr'><strong>tionem;</strong></span> <span class='ocrx_word' id='word_1_132' title='bbox 561 2099 667 2138; x_wconf 79' lang='lat' dir='ltr'><strong>non</strong></span> <span class='ocrx_word' id='word_1_133' title='bbox 699 2083 818 2138; x_wconf 81' lang='lat' dir='ltr'><strong>ideo</strong></span> <span class='ocrx_word' id='word_1_134' title='bbox 846 2083 964 2137; x_wconf 86' lang='lat' dir='ltr'><strong>sine</strong></span> <span class='ocrx_word' id='word_1_135' title='bbox 1007 2082 1161 2151; x_wconf 86' lang='lat' dir='ltr'><strong>culpa</strong></span> <span class='ocrx_word' id='word_1_136' title='bbox 1201 2091 1372 2146; x_wconf 88' lang='lat' dir='ltr'><strong>erant,</strong></span> <span class='ocrx_word' id='word_1_137' title='bbox 1417 2080 1510 2134; x_wconf 87' lang='lat' dir='ltr'><strong>sed</strong></span> <span class='ocrx_word' id='word_1_138' title='bbox 1555 2079 1700 2133; x_wconf 85' lang='lat' dir='ltr'><strong>mille</strong></span> <span class='ocrx_word' id='word_1_139' title='bbox 1739 2077 1888 2148; x_wconf 91' lang='lat' dir='ltr'><strong>digui</strong></span> 
     </span>
    </p>
   </div>
   <div class='ocr_carea' id='block_1_20' title="bbox 280 2171 1888 2242">
    <p class='ocr_par' dir='ltr' id='par_1_20' title="bbox 280 2171 1888 2242">
     <span class='ocr_line' id='line_1_20' title="bbox 280 2171 1888 2242; baseline -0.004 -13"><span class='ocrx_word' id='word_1_140' title='bbox 280 2174 617 2229; x_wconf 84' lang='lat' dir='ltr'><strong>cruciatibus</strong></span> <span class='ocrx_word' id='word_1_141' title='bbox 647 2175 716 2228; x_wconf 94' lang='lat' dir='ltr'><strong>ob</strong></span> <span class='ocrx_word' id='word_1_142' title='bbox 745 2173 848 2228; x_wconf 90' lang='lat' dir='ltr'><strong>tale</strong></span> <span class='ocrx_word' id='word_1_143' title='bbox 879 2173 1231 2242; x_wconf 84' lang='lat' dir='ltr'><strong>propositum.</strong></span> <span class='ocrx_word' id='word_1_144' title='bbox 1259 2171 1484 2238; x_wconf 83' lang='lat' dir='ltr'><strong>Quando</strong></span> <span class='ocrx_word' id='word_1_145' title='bbox 1511 2171 1669 2239; x_wconf 79' lang='lat' dir='ltr'><strong>igitur</strong></span> <span class='ocrx_word' id='word_1_146' title='bbox 1696 2184 1888 2224; x_wconf 87' lang='lat' dir='ltr'><strong>omnes</strong></span> 
     </span>
    </p>
   </div>
   <div class='ocr_carea' id='block_1_21' title="bbox 282 2260 1926 2336">
    <p class='ocr_par' dir='ltr' id='par_1_21' title="bbox 282 2260 1926 2336">
     <span class='ocr_line' id='line_1_21' title="bbox 282 2260 1926 2336; baseline -0.005 -14"><span class='ocrx_word' id='word_1_147' title='bbox 282 2267 559 2336; x_wconf 86' lang='lat' dir='ltr'><strong>etiamque</strong></span> <span class='ocrx_word' id='word_1_148' title='bbox 591 2266 780 2320; x_wconf 87' lang='lat' dir='ltr'><strong>noxios</strong></span> <span class='ocrx_word' id='word_1_149' title='bbox 802 2266 935 2319; x_wconf 88' lang='lat' dir='ltr'><strong>solvi</strong></span> <span class='ocrx_word' id='word_1_150' title='bbox 960 2263 1260 2332; x_wconf 82' lang='lat' dir='ltr'><strong>Oportebat,</strong></span> <span class='ocrx_word' id='word_1_151' title='bbox 1297 2273 1422 2316; x_wconf 92' lang='lat' dir='ltr'><strong>tunc</strong></span> <span class='ocrx_word' id='word_1_152' title='bbox 1443 2260 1519 2315; x_wconf 89' lang='lat' dir='ltr'><strong>illi</strong></span> <span class='ocrx_word' id='word_1_153' title='bbox 1547 2263 1926 2315; x_wconf 63' lang='lat' dir='ltr'><strong>innocentem~</strong></span> 
     </span>
    </p>
   </div>
   <div class='ocr_carea' id='block_1_22' title="bbox 283 2351 1888 2426">
    <p class='ocr_par' dir='ltr' id='par_1_22' title="bbox 283 2351 1888 2426">
     <span class='ocr_line' id='line_1_22' title="bbox 283 2351 1888 2426; baseline -0.002 -19"><span class='ocrx_word' id='word_1_154' title='bbox 283 2357 623 2422; x_wconf 71' lang='lat' dir='ltr'><strong>occiderunt,</strong></span> <span class='ocrx_word' id='word_1_155' title='bbox 655 2358 744 2426; x_wconf 89' lang='lat' dir='ltr'><strong>qui</strong></span> <span class='ocrx_word' id='word_1_156' title='bbox 779 2355 905 2424; x_wconf 88' lang='lat' dir='ltr'><strong>ipsis</strong></span> <span class='ocrx_word' id='word_1_157' title='bbox 946 2354 1094 2409; x_wconf 88' lang='lat' dir='ltr'><strong>mille</strong></span> <span class='ocrx_word' id='word_1_158' title='bbox 1123 2351 1380 2408; x_wconf 87' lang='lat' dir='ltr'><strong>beneﬁcia</strong></span> <span class='ocrx_word' id='word_1_159' title='bbox 1410 2351 1734 2418; x_wconf 90' lang='lat' dir='ltr'><strong>contulerat,</strong></span> <span class='ocrx_word' id='word_1_160' title='bbox 1762 2351 1888 2418; x_wconf 84' lang='lat' dir='ltr'><strong>qui-</strong></span> 
     </span>
    </p>
   </div>
   <div class='ocr_carea' id='block_1_23' title="bbox 283 2439 1884 2516">
    <p class='ocr_par' dir='ltr' id='par_1_23' title="bbox 283 2439 1884 2516">
     <span class='ocr_line' id='line_1_23' title="bbox 283 2439 1884 2516; baseline -0.004 -16"><span class='ocrx_word' id='word_1_161' title='bbox 283 2463 393 2516; x_wconf 88' lang='lat' dir='ltr'><strong>que</strong></span> <span class='ocrx_word' id='word_1_162' title='bbox 416 2456 632 2516; x_wconf 85' lang='lat' dir='ltr'><strong>propter</strong></span> <span class='ocrx_word' id='word_1_163' title='bbox 657 2447 776 2501; x_wconf 88' lang='lat' dir='ltr'><strong>illos</strong></span> <span class='ocrx_word' id='word_1_164' title='bbox 805 2443 1015 2500; x_wconf 86' lang='lat' dir='ltr'><strong>interim</strong></span> <span class='ocrx_word' id='word_1_165' title='bbox 1045 2451 1231 2513; x_wconf 86' lang='lat' dir='ltr'><strong>gentes</strong></span> <span class='ocrx_word' id='word_1_166' title='bbox 1269 2441 1548 2512; x_wconf 76' lang='lat' dir='ltr'><strong>negligere</strong></span> <span class='ocrx_word' id='word_1_167' title='bbox 1583 2439 1884 2495; x_wconf 87' lang='lat' dir='ltr'><strong>videbatur.</strong></span> 
     </span>
    </p>
   </div>
   <div class='ocr_carea' id='block_1_24' title="bbox 283 2534 1888 2609">
    <p class='ocr_par' dir='ltr' id='par_1_24' title="bbox 283 2534 1888 2609">
     <span class='ocr_line' id='line_1_24' title="bbox 283 2534 1888 2609; baseline -0.002 -15"><span class='ocrx_word' id='word_1_168' title='bbox 283 2538 416 2604; x_wconf 84' lang='lat' dir='ltr'><strong>Sed,</strong></span> <span class='ocrx_word' id='word_1_169' title='bbox 449 2555 482 2593; x_wconf 89' lang='grc' dir='ltr'>ο</span> <span class='ocrx_word' id='word_1_170' title='bbox 504 2539 923 2609; x_wconf 84' lang='lat' dir='ltr'><strong>benignitatem!</strong></span> <span class='ocrx_word' id='word_1_171' title='bbox 956 2537 1212 2593; x_wconf 87' lang='lat' dir='ltr'><strong>scelestos</strong></span> <span class='ocrx_word' id='word_1_172' title='bbox 1243 2535 1364 2592; x_wconf 88' lang='lat' dir='ltr'><strong>illos</strong></span> <span class='ocrx_word' id='word_1_173' title='bbox 1395 2536 1464 2590; x_wconf 90' lang='lat' dir='ltr'><strong>ita</strong></span> <span class='ocrx_word' id='word_1_174' title='bbox 1489 2549 1707 2606; x_wconf 88' lang='lat' dir='ltr'><strong>pravos,</strong></span> <span class='ocrx_word' id='word_1_175' title='bbox 1737 2534 1888 2590; x_wconf 90' lang='lat' dir='ltr'><strong>mille</strong></span> 
     </span>
    </p>
   </div>
   <div class='ocr_carea' id='block_1_25' title="bbox 287 2629 1888 2698">
    <p class='ocr_par' dir='ltr' id='par_1_25' title="bbox 287 2629 1888 2698">
     <span class='ocr_line' id='line_1_25' title="bbox 287 2629 1888 2698; baseline -0.002 -14"><span class='ocrx_word' id='word_1_176' title='bbox 287 2631 448 2685; x_wconf 76' lang='lat' dir='ltr'><strong>tnulis</strong></span> <span class='ocrx_word' id='word_1_177' title='bbox 477 2642 724 2698; x_wconf 89' lang='lat' dir='ltr'><strong>onustos,</strong></span> <span class='ocrx_word' id='word_1_178' title='bbox 756 2645 941 2686; x_wconf 87' lang='lat' dir='ltr'><strong>rursus</strong></span> <span class='ocrx_word' id='word_1_179' title='bbox 978 2630 1153 2685; x_wconf 90' lang='lat' dir='ltr'><strong>salvos</strong></span> <span class='ocrx_word' id='word_1_180' title='bbox 1183 2629 1328 2695; x_wconf 79' lang='lat' dir='ltr'><strong>facit,</strong></span> <span class='ocrx_word' id='word_1_181' title='bbox 1373 2629 1639 2698; x_wconf 89' lang='lat' dir='ltr'><strong>mittitque</strong></span> <span class='ocrx_word' id='word_1_182' title='bbox 1667 2639 1888 2698; x_wconf 79' lang='lat' dir='ltr'><strong>aposto-</strong></span> 
     </span>
    </p>
   </div>
   <div class='ocr_carea' id='block_1_26' title="bbox 286 2720 1888 2792">
    <p class='ocr_par' dir='ltr' id='par_1_26' title="bbox 286 2720 1888 2792">
     <span class='ocr_line' id='line_1_26' title="bbox 286 2720 1888 2792; baseline 0 -17"><span class='ocrx_word' id='word_1_183' title='bbox 286 2720 374 2776; x_wconf 86' lang='lat' dir='ltr'><strong>los</strong></span> <span class='ocrx_word' id='word_1_184' title='bbox 401 2737 500 2791; x_wconf 90' lang='lat' dir='ltr'><strong>pro</strong></span> <span class='ocrx_word' id='word_1_185' title='bbox 536 2723 666 2792; x_wconf 87' lang='lat' dir='ltr'><strong>ipsis</strong></span> <span class='ocrx_word' id='word_1_186' title='bbox 701 2721 1045 2789; x_wconf 84' lang='lat' dir='ltr'><strong>occidendos,</strong></span> <span class='ocrx_word' id='word_1_187' title='bbox 1072 2733 1126 2776; x_wconf 91' lang='lat' dir='ltr'><strong>et</strong></span> <span class='ocrx_word' id='word_1_188' title='bbox 1155 2737 1252 2791; x_wconf 90' lang='lat' dir='ltr'><strong>pro</strong></span> <span class='ocrx_word' id='word_1_189' title='bbox 1286 2722 1415 2792; x_wconf 87' lang='lat' dir='ltr'><strong>ipsis</strong></span> <span class='ocrx_word' id='word_1_190' title='bbox 1441 2721 1888 2792; x_wconf 80' lang='lat' dir='ltr'><strong>supplicationem</strong></span> 
     </span>
    </p>
   </div>
   <div class='ocr_carea' id='block_1_27' title="bbox 288 2809 1885 2885">
    <p class='ocr_par' dir='ltr' id='par_1_27' title="bbox 288 2809 1885 2885">
     <span class='ocr_line' id='line_1_27' title="bbox 288 2809 1885 2885; baseline -0.001 -19"><span class='ocrx_word' id='word_1_191' title='bbox 288 2812 506 2866; x_wconf 88' lang='lat' dir='ltr'><strong>emittit.</strong></span> <span class='ocrx_word' id='word_1_192' title='bbox 538 2809 645 2866; x_wconf 85' lang='lat' dir='ltr'><strong>Pro</strong></span> <span class='ocrx_word' id='word_1_193' title='bbox 675 2813 876 2866; x_wconf 76' lang='lat' dir='ltr'><strong>Christo</strong></span> <span class='ocrx_word' id='word_1_194' title='bbox 905 2813 1045 2867; x_wconf 90' lang='lat' dir='ltr'><strong>enim</strong></span> <span class='ocrx_word' id='word_1_195' title='bbox 1077 2813 1325 2884; x_wconf 88' lang='lat' dir='ltr'><strong>legatione</strong></span> <span class='ocrx_word' id='word_1_196' title='bbox 1355 2813 1618 2884; x_wconf 81' lang='lat' dir='ltr'><strong>fungimur</strong></span> <span class='ocrx_word' id='word_1_197' title='bbox 1650 2811 1728 2885; x_wconf 66' lang='grc' dir='ltr'><strong>(Ξ.</strong></span> <span class='ocrx_word' id='word_1_198' title='bbox 1766 2813 1885 2865; x_wconf 84' lang='lat' dir='ltr'><strong>Cor.</strong></span> 
     </span>
    </p>
   </div>
   <div class='ocr_carea' id='block_1_28' title="bbox 281 2902 1886 2975">
    <p class='ocr_par' dir='ltr' id='par_1_28' title="bbox 281 2902 1886 2975">
     <span class='ocr_line' id='line_1_28' title="bbox 281 2902 1886 2975; baseline -0.001 -17"><span class='ocrx_word' id='word_1_199' title='bbox 281 2902 328 2958; x_wconf 85' lang='lat'><strong>5</strong></span> <span class='ocrx_word' id='word_1_200' title='bbox 364 2903 478 2974; x_wconf 73' lang='lat'><strong>9.0),</strong></span> <span class='ocrx_word' id='word_1_201' title='bbox 501 2905 688 2975; x_wconf 89' lang='lat' dir='ltr'><strong>inquit.</strong></span> <span class='ocrx_word' id='word_1_202' title='bbox 714 2903 862 2958; x_wconf 84' lang='lat' dir='ltr'><strong>Talia</strong></span> <span class='ocrx_word' id='word_1_203' title='bbox 882 2905 1042 2974; x_wconf 80' lang='lat' dir='ltr'><strong>igitur</strong></span> <span class='ocrx_word' id='word_1_204' title='bbox 1056 2905 1298 2973; x_wconf 87' lang='lat' dir='ltr'><strong>exempla</strong></span> <span class='ocrx_word' id='word_1_205' title='bbox 1319 2905 1594 2970; x_wconf 86' lang='lat' dir='ltr'><strong>habentes,</strong></span> <span class='ocrx_word' id='word_1_206' title='bbox 1616 2918 1722 2959; x_wconf 92' lang='lat' dir='ltr'><strong>non</strong></span> <span class='ocrx_word' id='word_1_207' title='bbox 1743 2904 1886 2970; x_wconf 88' lang='lat' dir='ltr'><strong>dico,</strong></span> 
     </span>
    </p>
   </div>
   <div class='ocr_carea' id='block_1_29' title="bbox 289 2998 1886 3070">
    <p class='ocr_par' dir='ltr' id='par_1_29' title="bbox 289 2998 1886 3070">
     <span class='ocr_line' id='line_1_29' title="bbox 289 2998 1886 3070; baseline 0.003 -20"><span class='ocrx_word' id='word_1_208' title='bbox 289 2998 587 3051; x_wconf 87' lang='lat' dir='ltr'><strong>moriamur</strong></span> <span class='ocrx_word' id='word_1_209' title='bbox 615 3012 711 3067; x_wconf 91' lang='lat' dir='ltr'><strong>pro</strong></span> <span class='ocrx_word' id='word_1_210' title='bbox 756 2999 1008 3062; x_wconf 87' lang='lat' dir='ltr'><strong>inimicis,</strong></span> <span class='ocrx_word' id='word_1_211' title='bbox 1042 2999 1165 3054; x_wconf 92' lang='lat' dir='ltr'><strong>licet</strong></span> <span class='ocrx_word' id='word_1_212' title='bbox 1194 2999 1297 3053; x_wconf 92' lang='lat' dir='ltr'><strong>hoc</strong></span> <span class='ocrx_word' id='word_1_213' title='bbox 1325 3013 1536 3070; x_wconf 90' lang='lat' dir='ltr'><strong>quoque</strong></span> <span class='ocrx_word' id='word_1_214' title='bbox 1565 3008 1838 3068; x_wconf 88' lang='lat' dir='ltr'><strong>oporteret</strong></span> <span class='ocrx_word' id='word_1_215' title='bbox 1872 3017 1886 3054; x_wconf 91' lang='lat'><strong>:</strong></span> 
     </span>
    </p>
   </div>
   <div class='ocr_carea' id='block_1_30' title="bbox 282 3087 1886 3159">
    <p class='ocr_par' dir='ltr' id='par_1_30' title="bbox 282 3087 1886 3159">
     <span class='ocr_line' id='line_1_30' title="bbox 282 3087 1886 3159; baseline 0.002 -18"><span class='ocrx_word' id='word_1_216' title='bbox 282 3087 389 3142; x_wconf 84' lang='lat' dir='ltr'><strong>sed</strong></span> <span class='ocrx_word' id='word_1_217' title='bbox 419 3089 539 3159; x_wconf 88' lang='lat' dir='ltr'><strong>quia</strong></span> <span class='ocrx_word' id='word_1_218' title='bbox 569 3089 888 3144; x_wconf 88' lang='lat' dir='ltr'><strong>inﬁrmiores</strong></span> <span class='ocrx_word' id='word_1_219' title='bbox 909 3104 1113 3154; x_wconf 89' lang='lat' dir='ltr'><strong>sumus,</strong></span> <span class='ocrx_word' id='word_1_220' title='bbox 1145 3089 1271 3143; x_wconf 90' lang='lat' dir='ltr'><strong>illud</strong></span> <span class='ocrx_word' id='word_1_221' title='bbox 1298 3091 1506 3145; x_wconf 89' lang='lat' dir='ltr'><strong>interim</strong></span> <span class='ocrx_word' id='word_1_222' title='bbox 1528 3090 1669 3156; x_wconf 81' lang='lat' dir='ltr'><strong>dico,</strong></span> <span class='ocrx_word' id='word_1_223' title='bbox 1694 3093 1886 3146; x_wconf 83' lang='lat' dir='ltr'><strong>saltem</strong></span> 
     </span>
    </p>
   </div>
   <div class='ocr_carea' id='block_1_31' title="bbox 290 3180 1891 3250">
    <p class='ocr_par' dir='ltr' id='par_1_31' title="bbox 290 3180 1891 3250">
     <span class='ocr_line' id='line_1_31' title="bbox 290 3180 1891 3250; baseline 0.001 -16"><span class='ocrx_word' id='word_1_224' title='bbox 290 3195 363 3234; x_wconf 74' lang='lat' dir='ltr'><strong>ne</strong></span> <span class='ocrx_word' id='word_1_225' title='bbox 387 3180 553 3234; x_wconf 89' lang='lat' dir='ltr'><strong>livore</strong></span> <span class='ocrx_word' id='word_1_226' title='bbox 581 3180 839 3234; x_wconf 86' lang='lat' dir='ltr'><strong>ducamur</strong></span> <span class='ocrx_word' id='word_1_227' title='bbox 870 3195 991 3250; x_wconf 85' lang='lat' dir='ltr'><strong>erga</strong></span> <span class='ocrx_word' id='word_1_228' title='bbox 1024 3181 1243 3245; x_wconf 84' lang='lat' dir='ltr'><strong>amicos,</strong></span> <span class='ocrx_word' id='word_1_229' title='bbox 1276 3196 1343 3235; x_wconf 92' lang='lat' dir='ltr'><strong>ue</strong></span> <span class='ocrx_word' id='word_1_230' title='bbox 1373 3181 1704 3236; x_wconf 75' lang='lat' dir='ltr'><strong>invideamus</strong></span> <span class='ocrx_word' id='word_1_231' title='bbox 1733 3180 1891 3236; x_wconf 85' lang='lat' dir='ltr'><strong>bene-</strong></span> 
     </span>
    </p>
   </div>
   <div class='ocr_carea' id='block_1_32' title="bbox 291 3270 1886 3336">
    <p class='ocr_par' dir='ltr' id='par_1_32' title="bbox 291 3270 1886 3336">
     <span class='ocr_line' id='line_1_32' title="bbox 291 3270 1886 3336; baseline 0.004 -13"><span class='ocrx_word' id='word_1_232' title='bbox 291 3272 601 3325; x_wconf 76' lang='lat' dir='ltr'><strong>factoribus.</strong></span> <span class='ocrx_word' id='word_1_233' title='bbox 650 3270 895 3325; x_wconf 82' lang='lat' dir='ltr'><strong>Nondum</strong></span> <span class='ocrx_word' id='word_1_234' title='bbox 922 3272 1062 3336; x_wconf 85' lang='lat' dir='ltr'><strong>dico,</strong></span> <span class='ocrx_word' id='word_1_235' title='bbox 1096 3271 1232 3325; x_wconf 90' lang='lat' dir='ltr'><strong>mala</strong></span> <span class='ocrx_word' id='word_1_236' title='bbox 1280 3272 1431 3325; x_wconf 78' lang='lat' dir='ltr'><strong>nobis</strong></span> <span class='ocrx_word' id='word_1_237' title='bbox 1473 3271 1761 3328; x_wconf 79' lang='lat' dir='ltr'><strong>inferentes</strong></span> <span class='ocrx_word' id='word_1_238' title='bbox 1789 3273 1886 3328; x_wconf 86' lang='lat' dir='ltr'><strong>be-</strong></span> 
     </span>
    </p>
   </div>
   <div class='ocr_carea' id='block_1_33' title="bbox 290 3365 1886 3438">
    <p class='ocr_par' dir='ltr' id='par_1_33' title="bbox 290 3365 1886 3438">
     <span class='ocr_line' id='line_1_33' title="bbox 290 3365 1886 3438; baseline 0.002 -18"><span class='ocrx_word' id='word_1_239' title='bbox 290 3367 486 3420; x_wconf 81' lang='lat' dir='ltr'><strong>neﬁcio</strong></span> <span class='ocrx_word' id='word_1_240' title='bbox 534 3365 828 3420; x_wconf 81' lang='lat' dir='ltr'><strong>afﬁciamus</strong></span> <span class='ocrx_word' id='word_1_241' title='bbox 859 3385 871 3420; x_wconf 93' lang='lat'>:</span> <span class='ocrx_word' id='word_1_242' title='bbox 905 3365 1031 3420; x_wconf 90' lang='lat' dir='ltr'><strong>illud</strong></span> <span class='ocrx_word' id='word_1_243' title='bbox 1081 3377 1228 3421; x_wconf 89' lang='lat' dir='ltr'><strong>certe</strong></span> <span class='ocrx_word' id='word_1_244' title='bbox 1279 3381 1569 3436; x_wconf 89' lang='lat' dir='ltr'><strong>cuperem;</strong></span> <span class='ocrx_word' id='word_1_245' title='bbox 1617 3368 1710 3422; x_wconf 89' lang='lat' dir='ltr'><strong>sed</strong></span> <span class='ocrx_word' id='word_1_246' title='bbox 1764 3369 1886 3438; x_wconf 90' lang='lat' dir='ltr'><strong>quia</strong></span> 
     </span>
    </p>
   </div>
   <div class='ocr_carea' id='block_1_34' title="bbox 287 3458 1884 3522">
    <p class='ocr_par' dir='ltr' id='par_1_34' title="bbox 287 3458 1884 3522">
     <span class='ocr_line' id='line_1_34' title="bbox 287 3458 1884 3522; baseline 0.001 -9"><span class='ocrx_word' id='word_1_247' title='bbox 287 3459 585 3513; x_wconf 81' lang='lat' dir='ltr'><strong>crassiores</strong></span> <span class='ocrx_word' id='word_1_248' title='bbox 647 3460 810 3522; x_wconf 81' lang='lat' dir='ltr'><strong>estis,</strong></span> <span class='ocrx_word' id='word_1_249' title='bbox 845 3458 1037 3513; x_wconf 79' lang='lat' dir='ltr'><strong>saltem</strong></span> <span class='ocrx_word' id='word_1_250' title='bbox 1080 3458 1200 3512; x_wconf 85' lang='lat' dir='ltr'><strong>illos</strong></span> <span class='ocrx_word' id='word_1_251' title='bbox 1247 3476 1312 3512; x_wconf 87' lang='lat' dir='ltr'><strong>ne</strong></span> <span class='ocrx_word' id='word_1_252' title='bbox 1357 3459 1712 3514; x_wconf 82' lang='lat' dir='ltr'><strong>ulciscamini.</strong></span> <span class='ocrx_word' id='word_1_253' title='bbox 1749 3460 1884 3514; x_wconf 81' lang='lat' dir='ltr'><strong>Num</strong></span> 
     </span>
    </p>
   </div>
   <div class='ocr_carea' id='block_1_35' title="bbox 271 3547 1891 3615">
    <p class='ocr_par' dir='ltr' id='par_1_35' title="bbox 271 3547 1891 3615">
     <span class='ocr_line' id='line_1_35' title="bbox 271 3547 1891 3615; baseline 0 -13"><span class='ocrx_word' id='word_1_254' title='bbox 271 3563 454 3604; x_wconf 71' lang='lat' dir='ltr'><strong>.sceua</strong></span> <span class='ocrx_word' id='word_1_255' title='bbox 496 3557 619 3603; x_wconf 89' lang='lat' dir='ltr'><strong>sunt</strong></span> <span class='ocrx_word' id='word_1_256' title='bbox 651 3557 854 3615; x_wconf 88' lang='lat' dir='ltr'><strong>nostra,</strong></span> <span class='ocrx_word' id='word_1_257' title='bbox 908 3564 1034 3602; x_wconf 91' lang='lat' dir='ltr'><strong>num</strong></span> <span class='ocrx_word' id='word_1_258' title='bbox 1075 3548 1424 3603; x_wconf 82' lang='lat' dir='ltr'><strong>histrionica?</strong></span> <span class='ocrx_word' id='word_1_259' title='bbox 1460 3547 1566 3604; x_wconf 90' lang='lat' dir='ltr'><strong>Cur</strong></span> <span class='ocrx_word' id='word_1_260' title='bbox 1673 3548 1891 3610; x_wconf 76' lang='lat' dir='ltr'><strong>veritati</strong></span> 
     </span>
    </p>
   </div>
   <div class='ocr_carea' id='block_1_36' title="bbox 273 3639 1887 3711">
    <p class='ocr_par' dir='ltr' id='par_1_36' title="bbox 273 3639 1887 3711">
     <span class='ocr_line' id='line_1_36' title="bbox 273 3639 1887 3711; baseline 0 -16"><span class='ocrx_word' id='word_1_261' title='bbox 273 3654 359 3695; x_wconf 65' lang='lat' dir='ltr'><strong>:ex</strong></span> <span class='ocrx_word' id='word_1_262' title='bbox 385 3639 649 3696; x_wconf 81' lang='lat' dir='ltr'><strong>diametro</strong></span> <span class='ocrx_word' id='word_1_263' title='bbox 689 3641 918 3711; x_wconf 90' lang='lat' dir='ltr'><strong>oppositi</strong></span> <span class='ocrx_word' id='word_1_264' title='bbox 964 3641 1128 3695; x_wconf 87' lang='lat' dir='ltr'><strong>estis?</strong></span> <span class='ocrx_word' id='word_1_265' title='bbox 1173 3639 1288 3694; x_wconf 81' lang='lat' dir='ltr'><strong>Non</strong></span> <span class='ocrx_word' id='word_1_266' title='bbox 1332 3641 1449 3695; x_wconf 90' lang='lat' dir='ltr'><strong>sine</strong></span> <span class='ocrx_word' id='word_1_267' title='bbox 1483 3655 1646 3694; x_wconf 87' lang='lat' dir='ltr'><strong>causa</strong></span> <span class='ocrx_word' id='word_1_268' title='bbox 1688 3640 1887 3710; x_wconf 88' lang='lat' dir='ltr'><strong>scripta</strong></span> 
     </span>
    </p>
   </div>
   <div class='ocr_carea' id='block_1_37' title="bbox 291 3730 1888 3800">
    <p class='ocr_par' dir='ltr' id='par_1_37' title="bbox 291 3730 1888 3800">
     <span class='ocr_line' id='line_1_37' title="bbox 291 3730 1888 3800; baseline 0.001 -14"><span class='ocrx_word' id='word_1_269' title='bbox 291 3740 420 3786; x_wconf 85' lang='lat' dir='ltr'><strong>sunt</strong></span> <span class='ocrx_word' id='word_1_270' title='bbox 447 3743 558 3786; x_wconf 89' lang='lat' dir='ltr'><strong>tum</strong></span> <span class='ocrx_word' id='word_1_271' title='bbox 584 3731 687 3786; x_wconf 89' lang='lat' dir='ltr'><strong>alia</strong></span> <span class='ocrx_word' id='word_1_272' title='bbox 711 3733 913 3797; x_wconf 89' lang='lat' dir='ltr'><strong>omnia,</strong></span> <span class='ocrx_word' id='word_1_273' title='bbox 949 3741 1057 3785; x_wconf 89' lang='lat' dir='ltr'><strong>tum</strong></span> <span class='ocrx_word' id='word_1_274' title='bbox 1087 3745 1149 3785; x_wconf 88' lang='lat' dir='ltr'><strong>ea</strong></span> <span class='ocrx_word' id='word_1_275' title='bbox 1180 3746 1297 3800; x_wconf 67' lang='lat' dir='ltr'><strong>qum</strong></span> <span class='ocrx_word' id='word_1_276' title='bbox 1326 3732 1502 3786; x_wconf 89' lang='lat' dir='ltr'><strong>crucis</strong></span> <span class='ocrx_word' id='word_1_277' title='bbox 1541 3741 1780 3798; x_wconf 86' lang='lat' dir='ltr'><strong>tempore</strong></span> <span class='ocrx_word' id='word_1_278' title='bbox 1807 3730 1888 3787; x_wconf 82' lang='lat' dir='ltr'><strong>le-</strong></span> 
     </span>
    </p>
   </div>
   <div class='ocr_carea' id='block_1_38' title="bbox 275 3820 1890 3891">
    <p class='ocr_par' dir='ltr' id='par_1_38' title="bbox 275 3820 1890 3891">
     <span class='ocr_line' id='line_1_38' title="bbox 275 3820 1890 3891; baseline 0 -15"><span class='ocrx_word' id='word_1_279' title='bbox 275 3823 386 3886; x_wconf 63' lang='lat' dir='ltr'><strong>cit,</strong></span> <span class='ocrx_word' id='word_1_280' title='bbox 412 3836 529 3890; x_wconf 63' lang='lat' dir='ltr'><strong>qua:</strong></span> <span class='ocrx_word' id='word_1_281' title='bbox 557 3822 853 3891; x_wconf 87' lang='lat' dir='ltr'><strong>potuissent</strong></span> <span class='ocrx_word' id='word_1_282' title='bbox 878 3837 972 3875; x_wconf 90' lang='lat' dir='ltr'><strong>eos</strong></span> <span class='ocrx_word' id='word_1_283' title='bbox 998 3835 1280 3885; x_wconf 88' lang='lat' dir='ltr'><strong>revocare;</strong></span> <span class='ocrx_word' id='word_1_284' title='bbox 1311 3820 1406 3875; x_wconf 89' lang='lat' dir='ltr'><strong>sed</strong></span> <span class='ocrx_word' id='word_1_285' title='bbox 1439 3830 1496 3875; x_wconf 93' lang='lat' dir='ltr'><strong>ut</strong></span> <span class='ocrx_word' id='word_1_286' title='bbox 1523 3821 1748 3877; x_wconf 80' lang='lat' dir='ltr'><strong>imiteris</strong></span> <span class='ocrx_word' id='word_1_287' title='bbox 1773 3822 1890 3891; x_wconf 87' lang='lat' dir='ltr'><strong>ejus</strong></span> 
     </span>
    </p>
   </div>
   <div class='ocr_carea' id='block_1_39' title="bbox 291 3911 1890 3984">
    <p class='ocr_par' dir='ltr' id='par_1_39' title="bbox 291 3911 1890 3984">
     <span class='ocr_line' id='line_1_39' title="bbox 291 3911 1890 3984; baseline 0.001 -17"><span class='ocrx_word' id='word_1_288' title='bbox 291 3912 609 3979; x_wconf 78' lang='lat' dir='ltr'><strong>bonitatem,</strong></span> <span class='ocrx_word' id='word_1_289' title='bbox 634 3923 691 3968; x_wconf 83' lang='lat' dir='ltr'><strong>ut</strong></span> <span class='ocrx_word' id='word_1_290' title='bbox 716 3913 984 3968; x_wconf 73' lang='lat' dir='ltr'><strong>temuleris</strong></span> <span class='ocrx_word' id='word_1_291' title='bbox 1006 3912 1407 3983; x_wconf 84' lang='lat' dir='ltr'><strong>benignitatem.</strong></span> <span class='ocrx_word' id='word_1_292' title='bbox 1437 3911 1570 3967; x_wconf 86' lang='lat' dir='ltr'><strong>Nam</strong></span> <span class='ocrx_word' id='word_1_293' title='bbox 1587 3923 1642 3969; x_wconf 91' lang='lat' dir='ltr'><strong>et</strong></span> <span class='ocrx_word' id='word_1_294' title='bbox 1667 3915 1890 3984; x_wconf 88' lang='lat' dir='ltr'><strong>supinos</strong></span> 
     </span>
    </p>
   </div>
   <div class='ocr_carea' id='block_1_40' title="bbox 289 4003 1890 4074">
    <p class='ocr_par' dir='ltr' id='par_1_40' title="bbox 289 4003 1890 4074">
     <span class='ocr_line' id='line_1_40' title="bbox 289 4003 1890 4074; baseline 0.002 -16"><span class='ocrx_word' id='word_1_295' title='bbox 289 4004 418 4059; x_wconf 90' lang='lat' dir='ltr'><strong>illos</strong></span> <span class='ocrx_word' id='word_1_296' title='bbox 446 4004 694 4074; x_wconf 90' lang='lat' dir='ltr'><strong>conjecit,</strong></span> <span class='ocrx_word' id='word_1_297' title='bbox 734 4014 787 4058; x_wconf 92' lang='lat' dir='ltr'><strong>et</strong></span> <span class='ocrx_word' id='word_1_298' title='bbox 825 4003 1118 4059; x_wconf 87' lang='lat' dir='ltr'><strong>auriculam</strong></span> <span class='ocrx_word' id='word_1_299' title='bbox 1155 4003 1351 4058; x_wconf 80' lang='lat' dir='ltr'><strong>iamqu</strong></span> <span class='ocrx_word' id='word_1_300' title='bbox 1382 4005 1634 4069; x_wconf 87' lang='lat' dir='ltr'><strong>restituit,</strong></span> <span class='ocrx_word' id='word_1_301' title='bbox 1684 4016 1890 4060; x_wconf 91' lang='lat' dir='ltr'><strong>etcum</strong></span> 
     </span>
    </p>
   </div>
   <div class='ocr_carea' id='block_1_41' title="bbox 288 4094 1890 4165">
    <p class='ocr_par' dir='ltr' id='par_1_41' title="bbox 288 4094 1890 4165">
     <span class='ocr_line' id='line_1_41' title="bbox 288 4094 1890 4165; baseline -0.001 -14"><span class='ocrx_word' id='word_1_302' title='bbox 288 4095 554 4151; x_wconf 87' lang='lat' dir='ltr'><strong>modestia</strong></span> <span class='ocrx_word' id='word_1_303' title='bbox 586 4094 899 4165; x_wconf 87' lang='lat' dir='ltr'><strong>respondit:</strong></span> <span class='ocrx_word' id='word_1_304' title='bbox 930 4103 984 4148; x_wconf 90' lang='lat' dir='ltr'><strong>et</strong></span> <span class='ocrx_word' id='word_1_305' title='bbox 1013 4109 1201 4164; x_wconf 86' lang='lat' dir='ltr'><strong>magna</strong></span> <span class='ocrx_word' id='word_1_306' title='bbox 1229 4095 1283 4148; x_wconf 90' lang='lat' dir='ltr'><strong>in</strong></span> <span class='ocrx_word' id='word_1_307' title='bbox 1311 4109 1470 4149; x_wconf 92' lang='lat' dir='ltr'><strong>cruce</strong></span> <span class='ocrx_word' id='word_1_308' title='bbox 1500 4103 1711 4150; x_wconf 87' lang='lat' dir='ltr'><strong>erectus</strong></span> <span class='ocrx_word' id='word_1_309' title='bbox 1736 4097 1890 4150; x_wconf 85' lang='lat' dir='ltr'><strong>mira-</strong></span> 
     </span>
    </p>
   </div>
   <div class='ocr_carea' id='block_1_42' title="bbox 278 4186 1886 4256">
    <p class='ocr_par' dir='ltr' id='par_1_42' title="bbox 278 4186 1886 4256">
     <span class='ocr_line' id='line_1_42' title="bbox 278 4186 1886 4256; baseline -0.001 -13"><span class='ocrx_word' id='word_1_310' title='bbox 278 4188 413 4243; x_wconf 82' lang='lat' dir='ltr'><strong>cula</strong></span> <span class='ocrx_word' id='word_1_311' title='bbox 441 4187 629 4253; x_wconf 79' lang='lat' dir='ltr'><strong>edidit,</strong></span> <span class='ocrx_word' id='word_1_312' title='bbox 653 4186 832 4241; x_wconf 87' lang='lat' dir='ltr'><strong>radios</strong></span> <span class='ocrx_word' id='word_1_313' title='bbox 862 4187 1065 4241; x_wconf 78' lang='lat' dir='ltr'><strong>salares</strong></span> <span class='ocrx_word' id='word_1_314' title='bbox 1105 4194 1372 4252; x_wconf 87' lang='lat' dir='ltr'><strong>avertens,</strong></span> <span class='ocrx_word' id='word_1_315' title='bbox 1407 4194 1584 4255; x_wconf 86' lang='lat' dir='ltr'><strong>petras</strong></span> <span class='ocrx_word' id='word_1_316' title='bbox 1613 4188 1886 4256; x_wconf 86' lang='lat' dir='ltr'><strong>scindens,</strong></span> 
     </span>
    </p>
   </div>
   <div class='ocr_carea' id='block_1_43' title="bbox 279 4277 1888 4348">
    <p class='ocr_par' dir='ltr' id='par_1_43' title="bbox 279 4277 1888 4348">
     <span class='ocr_line' id='line_1_43' title="bbox 279 4277 1888 4348; baseline -0.001 -13"><span class='ocrx_word' id='word_1_317' title='bbox 279 4289 536 4336; x_wconf 86' lang='lat' dir='ltr'><strong>.mortuos</strong></span> <span class='ocrx_word' id='word_1_318' title='bbox 576 4280 859 4344; x_wconf 88' lang='lat' dir='ltr'><strong>suscitans,</strong></span> <span class='ocrx_word' id='word_1_319' title='bbox 886 4277 1080 4348; x_wconf 90' lang='lat' dir='ltr'><strong>judicis</strong></span> <span class='ocrx_word' id='word_1_320' title='bbox 1105 4294 1329 4333; x_wconf 89' lang='lat' dir='ltr'><strong>uxorem</strong></span> <span class='ocrx_word' id='word_1_321' title='bbox 1363 4293 1457 4348; x_wconf 91' lang='lat' dir='ltr'><strong>per</strong></span> <span class='ocrx_word' id='word_1_322' title='bbox 1494 4279 1888 4335; x_wconf 79' lang='lat' dir='ltr'><strong>somnia&#39;terri-</strong></span> 
     </span>
    </p>
   </div>
   <div class='ocr_carea' id='block_1_44' title="bbox 291 4369 1885 4442">
    <p class='ocr_par' dir='ltr' id='par_1_44' title="bbox 291 4369 1885 4442">
     <span class='ocr_line' id='line_1_44' title="bbox 291 4369 1885 4442; baseline -0.002 -15"><span class='ocrx_word' id='word_1_323' title='bbox 291 4385 431 4436; x_wconf 88' lang='lat' dir='ltr'><strong>tans,</strong></span> <span class='ocrx_word' id='word_1_324' title='bbox 459 4373 511 4435; x_wconf 75' lang='lat' dir='ltr'><strong>in</strong></span> <span class='ocrx_word' id='word_1_325' title='bbox 553 4371 670 4441; x_wconf 88' lang='lat' dir='ltr'><strong>ipso</strong></span> <span class='ocrx_word' id='word_1_326' title='bbox 705 4371 909 4442; x_wconf 84' lang='lat' dir='ltr'><strong>judicio</strong></span> <span class='ocrx_word' id='word_1_327' title='bbox 949 4385 1166 4425; x_wconf 90' lang='lat' dir='ltr'><strong>omnem</strong></span> <span class='ocrx_word' id='word_1_328' title='bbox 1212 4370 1675 4424; x_wconf 89' lang='lat' dir='ltr'><strong>mansuetudinem</strong></span> <span class='ocrx_word' id='word_1_329' title='bbox 1728 4369 1885 4424; x_wconf 89' lang='lat' dir='ltr'><strong>exhi-</strong></span> 
     </span>
    </p>
   </div>
   <div class='ocr_carea' id='block_1_45' title="bbox 289 4463 1886 4534">
    <p class='ocr_par' dir='ltr' id='par_1_45' title="bbox 289 4463 1886 4534">
     <span class='ocr_line' id='line_1_45' title="bbox 289 4463 1886 4534; baseline 0 -14"><span class='ocrx_word' id='word_1_330' title='bbox 289 4465 446 4529; x_wconf 82' lang='lat' dir='ltr'><strong>bens,</strong></span> <span class='ocrx_word' id='word_1_331' title='bbox 476 4481 596 4534; x_wconf 72' lang='lat' dir='ltr'><strong>qtae</strong></span> <span class='ocrx_word' id='word_1_332' title='bbox 639 4480 743 4519; x_wconf 88' lang='lat' dir='ltr'><strong>non</strong></span> <span class='ocrx_word' id='word_1_333' title='bbox 796 4465 973 4518; x_wconf 89' lang='lat' dir='ltr'><strong>minus</strong></span> <span class='ocrx_word' id='word_1_334' title='bbox 1013 4479 1172 4534; x_wconf 88' lang='lat' dir='ltr'><strong>quam</strong></span> <span class='ocrx_word' id='word_1_335' title='bbox 1218 4463 1474 4519; x_wconf 87' lang='lat' dir='ltr'><strong>miracula</strong></span> <span class='ocrx_word' id='word_1_336' title='bbox 1522 4473 1703 4532; x_wconf 84' lang='lat' dir='ltr'><strong>posset</strong></span> <span class='ocrx_word' id='word_1_337' title='bbox 1743 4465 1886 4534; x_wconf 86' lang='lat' dir='ltr'><strong>ipsos</strong></span> 
     </span>
    </p>
   </div>
   <div class='ocr_carea' id='block_1_46' title="bbox 284 4553 1887 4624">
    <p class='ocr_par' dir='ltr' id='par_1_46' title="bbox 284 4553 1887 4624">
     <span class='ocr_line' id='line_1_46' title="bbox 284 4553 1887 4624; baseline 0 -13"><span class='ocrx_word' id='word_1_338' title='bbox 284 4556 581 4620; x_wconf 79' lang='lat' dir='ltr'><strong>attrahere,</strong></span> <span class='ocrx_word' id='word_1_339' title='bbox 613 4556 776 4610; x_wconf 90' lang='lat' dir='ltr'><strong>multa</strong></span> <span class='ocrx_word' id='word_1_340' title='bbox 810 4555 1105 4624; x_wconf 56' lang='lat' dir='ltr'><strong>praedicens</strong></span> <span class='ocrx_word' id='word_1_341' title='bbox 1144 4555 1196 4608; x_wconf 92' lang='lat' dir='ltr'><strong>in</strong></span> <span class='ocrx_word' id='word_1_342' title='bbox 1221 4553 1444 4624; x_wconf 91' lang='lat' dir='ltr'><strong>judicio,</strong></span> <span class='ocrx_word' id='word_1_343' title='bbox 1478 4554 1529 4608; x_wconf 91' lang='lat' dir='ltr'><strong>in</strong></span> <span class='ocrx_word' id='word_1_344' title='bbox 1574 4555 1686 4624; x_wconf 88' lang='lat' dir='ltr'><strong>ipsa</strong></span> <span class='ocrx_word' id='word_1_345' title='bbox 1727 4570 1887 4611; x_wconf 91' lang='lat' dir='ltr'><strong>cruce</strong></span> 
     </span>
    </p>
   </div>
   <div class='ocr_carea' id='block_1_47' title="bbox 273 4634 1882 4720">
    <p class='ocr_par' dir='ltr' id='par_1_47' title="bbox 273 4634 1882 4720">
     <span class='ocr_line' id='line_1_47' title="bbox 273 4634 1882 4720; baseline 0 -17"><span class='ocrx_word' id='word_1_346' title='bbox 273 4634 549 4711; x_wconf 67' lang='lat' dir='ltr'><strong>clamans,</strong></span> <span class='ocrx_word' id='word_1_347' title='bbox 593 4646 768 4714; x_wconf 88' lang='lat' dir='ltr'><strong>Pater,</strong></span> <span class='ocrx_word' id='word_1_348' title='bbox 813 4648 1006 4700; x_wconf 84' lang='lat' dir='ltr'><strong>dimitte</strong></span> <span class='ocrx_word' id='word_1_349' title='bbox 1040 4647 1140 4700; x_wconf 88' lang='lat' dir='ltr'><strong>illis</strong></span> <span class='ocrx_word' id='word_1_350' title='bbox 1184 4647 1279 4700; x_wconf 83' lang='lat' dir='ltr'><strong>hoc</strong></span> <span class='ocrx_word' id='word_1_351' title='bbox 1307 4656 1566 4715; x_wconf 85' lang='lat' dir='ltr'><strong>peccatum</strong></span> <span class='ocrx_word' id='word_1_352' title='bbox 1599 4645 1747 4720; x_wconf 72' lang='lat' dir='ltr'><strong>(Lsc.</strong></span> <span class='ocrx_word' id='word_1_353' title='bbox 1790 4647 1882 4703; x_wconf 69' lang='grc' dir='ltr'><strong>εδ.</strong></span> 
     </span>
    </p>
   </div>
   <div class='ocr_carea' id='block_1_48' title="bbox 276 4738 1887 4810">
    <p class='ocr_par' dir='ltr' id='par_1_48' title="bbox 276 4738 1887 4810">
     <span class='ocr_line' id='line_1_48' title="bbox 276 4738 1887 4810; baseline -0.002 -13"><span class='ocrx_word' id='word_1_354' title='bbox 276 4741 406 4810; x_wconf 66' lang='grc'><strong>56).</strong></span> <span class='ocrx_word' id='word_1_355' title='bbox 439 4740 689 4809; x_wconf 82' lang='lat' dir='ltr'><strong>Sepultus</strong></span> <span class='ocrx_word' id='word_1_356' title='bbox 741 4754 888 4804; x_wconf 88' lang='lat' dir='ltr'><strong>vero,</strong></span> <span class='ocrx_word' id='word_1_357' title='bbox 937 4749 1067 4808; x_wconf 89' lang='lat' dir='ltr'><strong>quot</strong></span> <span class='ocrx_word' id='word_1_358' title='bbox 1106 4738 1173 4793; x_wconf 92' lang='lat' dir='ltr'><strong>ad</strong></span> <span class='ocrx_word' id='word_1_359' title='bbox 1206 4739 1415 4792; x_wconf 91' lang='lat' dir='ltr'><strong>illorum</strong></span> <span class='ocrx_word' id='word_1_360' title='bbox 1441 4739 1688 4798; x_wconf 57' lang='lat' dir='ltr'><strong>,salutem</strong></span> <span class='ocrx_word' id='word_1_361' title='bbox 1732 4739 1887 4794; x_wconf 83' lang='lat' dir='ltr'><strong>exhi-</strong></span> 
     </span>
    </p>
   </div>
   <div class='ocr_carea' id='block_1_49' title="bbox 289 4829 1886 4895">
    <p class='ocr_par' dir='ltr' id='par_1_49' title="bbox 289 4829 1886 4895">
     <span class='ocr_line' id='line_1_49' title="bbox 289 4829 1886 4895; baseline 0.001 -10"><span class='ocrx_word' id='word_1_362' title='bbox 289 4830 448 4885; x_wconf 79' lang='lat' dir='ltr'><strong>buit?</strong></span> <span class='ocrx_word' id='word_1_363' title='bbox 481 4846 602 4884; x_wconf 86' lang='lat' dir='ltr'><strong>cum</strong></span> <span class='ocrx_word' id='word_1_364' title='bbox 634 4831 1014 4884; x_wconf 83' lang='lat' dir='ltr'><strong>resurrexisset</strong></span> <span class='ocrx_word' id='word_1_365' title='bbox 1039 4839 1238 4895; x_wconf 91' lang='lat' dir='ltr'><strong>autem,</strong></span> <span class='ocrx_word' id='word_1_366' title='bbox 1267 4843 1443 4883; x_wconf 85' lang='lat' dir='ltr'><strong>autum</strong></span> <span class='ocrx_word' id='word_1_367' title='bbox 1470 4830 1651 4884; x_wconf 89' lang='lat' dir='ltr'><strong>statim</strong></span> <span class='ocrx_word' id='word_1_368' title='bbox 1667 4829 1886 4888; x_wconf 63' lang='lat' dir='ltr'><strong>Judaaos</strong></span> 
     </span>
    </p>
   </div>
   <div class='ocr_carea' id='block_1_50' title="bbox 286 4920 1886 4990">
    <p class='ocr_par' dir='ltr' id='par_1_50' title="bbox 286 4920 1886 4990">
     <span class='ocr_line' id='line_1_50' title="bbox 286 4920 1886 4990; baseline 0.002 -15"><span class='ocrx_word' id='word_1_369' title='bbox 286 4920 532 4976; x_wconf 84' lang='lat' dir='ltr'><strong>voeavit?</strong></span> <span class='ocrx_word' id='word_1_370' title='bbox 562 4935 740 4974; x_wconf 89' lang='lat' dir='ltr'><strong>annon</strong></span> <span class='ocrx_word' id='word_1_371' title='bbox 758 4921 963 4974; x_wconf 86' lang='lat' dir='ltr'><strong>veniam</strong></span> <span class='ocrx_word' id='word_1_372' title='bbox 990 4929 1331 4990; x_wconf 89' lang='lat' dir='ltr'><strong>peccatorum</strong></span> <span class='ocrx_word' id='word_1_373' title='bbox 1362 4920 1550 4974; x_wconf 85' lang='lat' dir='ltr'><strong>dedit?</strong></span> <span class='ocrx_word' id='word_1_374' title='bbox 1572 4937 1886 4978; x_wconf 86' lang='lat' dir='ltr'><strong>aunonsex-</strong></span> 
     </span>
    </p>
   </div>
   <div class='ocr_carea' id='block_1_51' title="bbox 285 5011 1884 5080">
    <p class='ocr_par' dir='ltr' id='par_1_51' title="bbox 285 5011 1884 5080">
     <span class='ocr_line' id='line_1_51' title="bbox 285 5011 1884 5080; baseline 0.002 -15"><span class='ocrx_word' id='word_1_375' title='bbox 285 5022 444 5067; x_wconf 74' lang='lat' dir='ltr'><strong>reuta</strong></span> <span class='ocrx_word' id='word_1_376' title='bbox 467 5013 602 5066; x_wconf 86' lang='lat' dir='ltr'><strong>bona</strong></span> <span class='ocrx_word' id='word_1_377' title='bbox 626 5012 890 5066; x_wconf 68' lang='lat' dir='ltr'><strong>contulit?</strong></span> <span class='ocrx_word' id='word_1_378' title='bbox 913 5011 1048 5079; x_wconf 87' lang='lat' dir='ltr'><strong>Quid</strong></span> <span class='ocrx_word' id='word_1_379' title='bbox 1076 5011 1177 5065; x_wconf 90' lang='lat' dir='ltr'><strong>hoc</strong></span> <span class='ocrx_word' id='word_1_380' title='bbox 1202 5011 1538 5066; x_wconf 82' lang='lat' dir='ltr'><strong>mirabilius?</strong></span> <span class='ocrx_word' id='word_1_381' title='bbox 1568 5013 1667 5080; x_wconf 87' lang='lat' dir='ltr'><strong>Qui</strong></span> <span class='ocrx_word' id='word_1_382' title='bbox 1713 5015 1884 5068; x_wconf 83' lang='lat' dir='ltr'><strong>cruci-</strong></span> 
     </span>
    </p>
   </div>
   <div class='ocr_carea' id='block_1_52' title="bbox 288 5102 1885 5174">
    <p class='ocr_par' dir='ltr' id='par_1_52' title="bbox 288 5102 1885 5174">
     <span class='ocr_line' id='line_1_52' title="bbox 288 5102 1885 5174; baseline 0.003 -17"><span class='ocrx_word' id='word_1_383' title='bbox 288 5108 535 5169; x_wconf 74' lang='lat' dir='ltr'><strong>ﬁxerant,</strong></span> <span class='ocrx_word' id='word_1_384' title='bbox 568 5104 660 5174; x_wconf 89' lang='lat' dir='ltr'><strong>qui</strong></span> <span class='ocrx_word' id='word_1_385' title='bbox 708 5118 892 5158; x_wconf 87' lang='lat' dir='ltr'><strong>necem</strong></span> <span class='ocrx_word' id='word_1_386' title='bbox 935 5102 1228 5173; x_wconf 86' lang='lat' dir='ltr'><strong>spirabant,</strong></span> <span class='ocrx_word' id='word_1_387' title='bbox 1274 5115 1558 5174; x_wconf 85' lang='lat' dir='ltr'><strong>postquam</strong></span> <span class='ocrx_word' id='word_1_388' title='bbox 1604 5105 1885 5163; x_wconf 83' lang='lat' dir='ltr'><strong>cruciﬁxe-</strong></span> 
     </span>
    </p>
   </div>
   <div class='ocr_carea' id='block_1_53' title="bbox 287 5195 1884 5268">
    <p class='ocr_par' dir='ltr' id='par_1_53' title="bbox 287 5195 1884 5268">
     <span class='ocr_line' id='line_1_53' title="bbox 287 5195 1884 5268; baseline 0.003 -17"><span class='ocrx_word' id='word_1_389' title='bbox 287 5204 412 5251; x_wconf 87' lang='lat' dir='ltr'><strong>runt</strong></span> <span class='ocrx_word' id='word_1_390' title='bbox 435 5210 580 5261; x_wconf 90' lang='lat' dir='ltr'><strong>eum,</strong></span> <span class='ocrx_word' id='word_1_391' title='bbox 613 5195 708 5250; x_wconf 91' lang='lat' dir='ltr'><strong>ﬁlii</strong></span> <span class='ocrx_word' id='word_1_392' title='bbox 740 5195 832 5250; x_wconf 90' lang='lat' dir='ltr'><strong>Dei</strong></span> <span class='ocrx_word' id='word_1_393' title='bbox 872 5196 994 5252; x_wconf 87' lang='lat' dir='ltr'><strong>lacti</strong></span> <span class='ocrx_word' id='word_1_394' title='bbox 1025 5205 1171 5251; x_wconf 87' lang='lat' dir='ltr'><strong>sunt.</strong></span> <span class='ocrx_word' id='word_1_395' title='bbox 1213 5195 1350 5264; x_wconf 89' lang='lat' dir='ltr'><strong>Quid</strong></span> <span class='ocrx_word' id='word_1_396' title='bbox 1381 5195 1504 5252; x_wconf 91' lang='lat' dir='ltr'><strong>huic</strong></span> <span class='ocrx_word' id='word_1_397' title='bbox 1535 5197 1884 5268; x_wconf 66' lang='lat' dir='ltr'><strong>providentia</strong></span> 
     </span>
    </p>
   </div>
   <div class='ocr_carea' id='block_1_54' title="bbox 290 5288 1886 5361">
    <p class='ocr_par' dir='ltr' id='par_1_54' title="bbox 290 5288 1886 5361">
     <span class='ocr_line' id='line_1_54' title="bbox 290 5288 1886 5361; baseline 0.003 -18"><span class='ocrx_word' id='word_1_398' title='bbox 290 5304 387 5360; x_wconf 86' lang='lat' dir='ltr'><strong>par</strong></span> <span class='ocrx_word' id='word_1_399' title='bbox 407 5289 536 5344; x_wconf 82' lang='lat' dir='ltr'><strong>est?</strong></span> <span class='ocrx_word' id='word_1_400' title='bbox 566 5288 692 5344; x_wconf 65' lang='lat' dir='ltr'><strong>Haec</strong></span> <span class='ocrx_word' id='word_1_401' title='bbox 733 5289 1012 5345; x_wconf 86' lang='lat' dir='ltr'><strong>audientes</strong></span> <span class='ocrx_word' id='word_1_402' title='bbox 1043 5305 1150 5360; x_wconf 78' lang='lat' dir='ltr'><strong>pra:</strong></span> <span class='ocrx_word' id='word_1_403' title='bbox 1190 5290 1396 5361; x_wconf 85' lang='lat' dir='ltr'><strong>pudore</strong></span> <span class='ocrx_word' id='word_1_404' title='bbox 1443 5306 1542 5347; x_wconf 91' lang='lat' dir='ltr'><strong>nos</strong></span> <span class='ocrx_word' id='word_1_405' title='bbox 1588 5291 1886 5348; x_wconf 86' lang='lat' dir='ltr'><strong>absconda-</strong></span> 
     </span>
    </p>
   </div>
   <div class='ocr_carea' id='block_1_55' title="bbox 289 5379 1884 5453">
    <p class='ocr_par' dir='ltr' id='par_1_55' title="bbox 289 5379 1884 5453">
     <span class='ocr_line' id='line_1_55' title="bbox 289 5379 1884 5453; baseline 0.003 -18"><span class='ocrx_word' id='word_1_406' title='bbox 289 5396 429 5445; x_wconf 87' lang='lat' dir='ltr'><strong>mus,</strong></span> <span class='ocrx_word' id='word_1_407' title='bbox 461 5379 606 5452; x_wconf 90' lang='lat' dir='ltr'><strong>quod</strong></span> <span class='ocrx_word' id='word_1_408' title='bbox 633 5388 838 5436; x_wconf 90' lang='lat' dir='ltr'><strong>tantum</strong></span> <span class='ocrx_word' id='word_1_409' title='bbox 866 5379 1130 5436; x_wconf 85' lang='lat' dir='ltr'><strong>distetnus</strong></span> <span class='ocrx_word' id='word_1_410' title='bbox 1159 5381 1225 5437; x_wconf 91' lang='lat' dir='ltr'><strong>ab</strong></span> <span class='ocrx_word' id='word_1_411' title='bbox 1257 5381 1365 5446; x_wconf 91' lang='lat' dir='ltr'><strong>illo,</strong></span> <span class='ocrx_word' id='word_1_412' title='bbox 1393 5397 1554 5453; x_wconf 89' lang='lat' dir='ltr'><strong>quem</strong></span> <span class='ocrx_word' id='word_1_413' title='bbox 1582 5383 1776 5438; x_wconf 87' lang='lat' dir='ltr'><strong>imitari</strong></span> <span class='ocrx_word' id='word_1_414' title='bbox 1795 5385 1884 5453; x_wconf 85' lang='lat' dir='ltr'><strong>ju-</strong></span> 
     </span>
    </p>
   </div>
   <div class='ocr_carea' id='block_1_56' title="bbox 289 5470 1881 5541">
    <p class='ocr_par' dir='ltr' id='par_1_56' title="bbox 289 5470 1881 5541">
     <span class='ocr_line' id='line_1_56' title="bbox 289 5470 1881 5541; baseline 0.001 -14"><span class='ocrx_word' id='word_1_415' title='bbox 289 5471 501 5527; x_wconf 89' lang='lat' dir='ltr'><strong>bcmur.</strong></span> <span class='ocrx_word' id='word_1_416' title='bbox 535 5470 824 5526; x_wconf 85' lang='lat' dir='ltr'><strong>Videamus</strong></span> <span class='ocrx_word' id='word_1_417' title='bbox 855 5480 1051 5541; x_wconf 83' lang='lat' dir='ltr'><strong>quanta</strong></span> <span class='ocrx_word' id='word_1_418' title='bbox 1090 5472 1159 5526; x_wconf 89' lang='lat' dir='ltr'><strong>sit</strong></span> <span class='ocrx_word' id='word_1_419' title='bbox 1201 5471 1562 5541; x_wconf 89' lang='lat' dir='ltr'><strong>intercapedo,</strong></span> <span class='ocrx_word' id='word_1_420' title='bbox 1596 5482 1650 5527; x_wconf 93' lang='lat' dir='ltr'><strong>ut</strong></span> <span class='ocrx_word' id='word_1_421' title='bbox 1691 5473 1881 5528; x_wconf 87' lang='lat' dir='ltr'><strong>saltem</strong></span> 
     </span>
    </p>
   </div>
   <div class='ocr_carea' id='block_1_57' title="bbox 290 5560 1881 5635">
    <p class='ocr_par' dir='ltr' id='par_1_57' title="bbox 290 5560 1881 5635">
     <span class='ocr_line' id='line_1_57' title="bbox 290 5560 1881 5635; baseline 0.002 -19"><span class='ocrx_word' id='word_1_422' title='bbox 290 5576 390 5617; x_wconf 86' lang='lat' dir='ltr'><strong>nos</strong></span> <span class='ocrx_word' id='word_1_423' title='bbox 414 5560 754 5627; x_wconf 87' lang='lat' dir='ltr'><strong>damnemus,</strong></span> <span class='ocrx_word' id='word_1_424' title='bbox 777 5577 843 5617; x_wconf 93' lang='lat' dir='ltr'><strong>eo</strong></span> <span class='ocrx_word' id='word_1_425' title='bbox 873 5562 1014 5633; x_wconf 90' lang='lat' dir='ltr'><strong>quod</strong></span> <span class='ocrx_word' id='word_1_426' title='bbox 1041 5562 1162 5616; x_wconf 90' lang='lat' dir='ltr'><strong>illos</strong></span> <span class='ocrx_word' id='word_1_427' title='bbox 1201 5563 1594 5633; x_wconf 88' lang='lat' dir='ltr'><strong>impugnemus,</strong></span> <span class='ocrx_word' id='word_1_428' title='bbox 1638 5579 1735 5634; x_wconf 89' lang='lat' dir='ltr'><strong>pro</strong></span> <span class='ocrx_word' id='word_1_429' title='bbox 1761 5566 1881 5635; x_wconf 84' lang='lat' dir='ltr'><strong>qui-</strong></span> 
     </span>
    </p>
   </div>
   <div class='ocr_carea' id='block_1_58' title="bbox 289 5653 1880 5723">
    <p class='ocr_par' dir='ltr' id='par_1_58' title="bbox 289 5653 1880 5723">
     <span class='ocr_line' id='line_1_58' title="bbox 289 5653 1880 5723; baseline 0.001 -15"><span class='ocrx_word' id='word_1_430' title='bbox 289 5653 388 5708; x_wconf 84' lang='lat' dir='ltr'><strong>bus</strong></span> <span class='ocrx_word' id='word_1_431' title='bbox 415 5653 663 5708; x_wconf 83' lang='lat' dir='ltr'><strong>Christus</strong></span> <span class='ocrx_word' id='word_1_432' title='bbox 687 5653 920 5707; x_wconf 91' lang='lat' dir='ltr'><strong>animam</strong></span> <span class='ocrx_word' id='word_1_433' title='bbox 951 5653 1157 5723; x_wconf 86' lang='lat' dir='ltr'><strong>posuit;</strong></span> <span class='ocrx_word' id='word_1_434' title='bbox 1192 5667 1289 5708; x_wconf 90' lang='lat' dir='ltr'><strong>nec</strong></span> <span class='ocrx_word' id='word_1_435' title='bbox 1314 5653 1415 5707; x_wconf 86' lang='lat' dir='ltr'><strong>illis</strong></span> <span class='ocrx_word' id='word_1_436' title='bbox 1441 5655 1666 5708; x_wconf 89' lang='lat' dir='ltr'><strong>velimus</strong></span> <span class='ocrx_word' id='word_1_437' title='bbox 1687 5670 1880 5709; x_wconf 87' lang='lat' dir='ltr'><strong>recon-</strong></span> 
     </span>
    </p>
   </div>
   <div class='ocr_carea' id='block_1_59' title="bbox 353 5741 1881 5837">
    <p class='ocr_par' dir='ltr' id='par_1_59' title="bbox 353 5741 1881 5837">
     <span class='ocr_line' id='line_1_59' title="bbox 353 5741 1881 5837; baseline 0.003 -47"><span class='ocrx_word' id='word_1_438' title='bbox 353 5745 370 5775; x_wconf 80' lang='grc' dir='ltr'><strong>ι</strong></span> <span class='ocrx_word' id='word_1_439' title='bbox 398 5742 539 5837; x_wconf 56' lang='grc' dir='ltr'>Δραα</span> <span class='ocrx_word' id='word_1_440' title='bbox 561 5742 682 5794; x_wconf 80' lang='lat' dir='ltr'><strong>alios</strong></span> <span class='ocrx_word' id='word_1_441' title='bbox 702 5745 773 5814; x_wconf 81' lang='lat' dir='ltr'><strong>sic</strong></span> <span class='ocrx_word' id='word_1_442' title='bbox 797 5741 1005 5792; x_wconf 74' lang='lat' dir='ltr'><strong>eﬂ&#39;ertur</strong></span> <span class='ocrx_word' id='word_1_443' title='bbox 1026 5743 1120 5813; x_wconf 42' lang='lat' dir='ltr'><strong>.bie</strong></span> <span class='ocrx_word' id='word_1_444' title='bbox 1152 5742 1323 5792; x_wconf 88' lang='lat' dir='ltr'><strong>locus:</strong></span> <span class='ocrx_word' id='word_1_445' title='bbox 1357 5749 1413 5793; x_wconf 83' lang='lat' dir='ltr'><strong>Ut</strong></span> <span class='ocrx_word' id='word_1_446' title='bbox 1437 5757 1549 5793; x_wconf 85' lang='lat' dir='ltr'><strong>eum</strong></span> <span class='ocrx_word' id='word_1_447' title='bbox 1571 5742 1700 5794; x_wconf 84' lang='lat' dir='ltr'><strong>clam</strong></span> <span class='ocrx_word' id='word_1_448' title='bbox 1735 5758 1881 5808; x_wconf 84' lang='lat' dir='ltr'><strong>cape-</strong></span> 
     </span>
     <span class='ocr_line' id='line_1_60' title="bbox 353 5803 1880 5837; baseline 0 0"><span class='ocrx_word' id='word_1_449' title='bbox 353 5811 396 5837; x_wconf 78' lang='lat' dir='ltr'><strong>nl</strong></span> <span class='ocrx_word' id='word_1_450' title='bbox 466 5809 550 5837; x_wconf 64' lang='lat' dir='ltr'><strong>and</strong></span> <span class='ocrx_word' id='word_1_451' title='bbox 577 5813 626 5837; x_wconf 76' lang='lat' dir='ltr'><strong>nl</strong></span> <span class='ocrx_word' id='word_1_452' title='bbox 651 5805 924 5837; x_wconf 63' lang='grc' dir='ltr'><strong>Μηιθθνοηι</strong></span> <span class='ocrx_word' id='word_1_453' title='bbox 950 5803 972 5837; x_wconf 75' lang='grc'>9</span> <span class='ocrx_word' id='word_1_454' title='bbox 995 5817 1091 5837; x_wconf 67' lang='lat' dir='ltr'><strong>uno</strong></span> <span class='ocrx_word' id='word_1_455' title='bbox 1114 5809 1164 5837; x_wconf 75' lang='lat' dir='ltr'><strong>ul</strong></span> <span class='ocrx_word' id='word_1_456' title='bbox 1186 5811 1441 5837; x_wconf 73' lang='lat' dir='ltr'><strong>nlrsmsnun</strong></span> <span class='ocrx_word' id='word_1_457' title='bbox 1469 5806 1678 5837; x_wconf 62' lang='grc' dir='ltr'><strong>Γηρονιιηι</strong></span> <span class='ocrx_word' id='word_1_458' title='bbox 1704 5804 1725 5837; x_wconf 72' lang='grc'><strong><em>9</em></strong></span> <span class='ocrx_word' id='word_1_459' title='bbox 1751 5807 1880 5837; x_wconf 67' lang='grc' dir='ltr'><strong>οδε-ω-</strong></span> 
     </span>
    </p>
   </div>
   <div class='ocr_carea' id='block_1_60' title="bbox 289 5803 1880 5917">
    <p class='ocr_par' dir='ltr' id='par_1_60' title="bbox 289 5803 1880 5917">
     <span class='ocr_line' id='line_1_61' title="bbox 289 5803 1880 5917; baseline 0.001 -59"><span class='ocrx_word' id='word_1_460' title='bbox 289 5811 404 5916; x_wconf 51' lang='lat'><strong>2::</strong></span> <span class='ocrx_word' id='word_1_461' title='bbox 577 5813 626 5856; x_wconf 89' lang='lat' dir='ltr'><strong>ut</strong></span> <span class='ocrx_word' id='word_1_462' title='bbox 650 5804 925 5856; x_wconf 80' lang='lat' dir='ltr'><strong>occiderem</strong></span> <span class='ocrx_word' id='word_1_463' title='bbox 948 5803 1091 5857; x_wconf 64' lang='lat' dir='ltr'><strong>him</strong></span> <span class='ocrx_word' id='word_1_464' title='bbox 1114 5809 1164 5854; x_wconf 89' lang='lat' dir='ltr'><strong>ut</strong></span> <span class='ocrx_word' id='word_1_465' title='bbox 1186 5811 1441 5867; x_wconf 81' lang='lat' dir='ltr'><strong>utrumque</strong></span> <span class='ocrx_word' id='word_1_466' title='bbox 1461 5806 1678 5868; x_wconf 80' lang='lat' dir='ltr'><strong>facerent</strong></span> <span class='ocrx_word' id='word_1_467' title='bbox 1701 5804 1725 5857; x_wconf 65' lang='lat'><strong>.9</strong></span> <span class='ocrx_word' id='word_1_468' title='bbox 1749 5803 1880 5859; x_wconf 75' lang='lat' dir='ltr'><strong>tinte~</strong></span> 
     </span>
     <span class='ocr_line' id='line_1_62' title="bbox 505 5880 568 5916; baseline -0.032 0"><span class='ocrx_word' id='word_1_469' title='bbox 505 5880 568 5916; x_wconf 86' lang='grc' dir='ltr'><strong>η.</strong></span> 
     </span>
    </p>
   </div>
   <div class='ocr_carea' id='block_1_61' title="bbox 1212 391 3592 462">
    <p class='ocr_par' dir='ltr' id='par_1_61' title="bbox 1212 391 3592 462">
     <span class='ocr_line' id='line_1_63' title="bbox 1212 391 3592 462; baseline -0.005 -4"><span class='ocrx_word' id='word_1_470' title='bbox 1212 405 1278 462; x_wconf 82' lang='grc' dir='ltr'><strong>ΙΝ</strong></span> <span class='ocrx_word' id='word_1_471' title='bbox 1315 398 1726 460; x_wconf 65' lang='lat' dir='ltr'><strong>MATTHEUM</strong></span> <span class='ocrx_word' id='word_1_472' title='bbox 1764 393 1997 453; x_wconf 76' lang='lat' dir='ltr'><strong>HOMIL.</strong></span> <span class='ocrx_word' id='word_1_473' title='bbox 2030 391 2269 451; x_wconf 75' lang='lat' dir='ltr'><strong>LXXIX.</strong></span> <span class='ocrx_word' id='word_1_474' title='bbox 2310 393 2386 450; x_wconf 89' lang='lat' dir='ltr'><strong>al.</strong></span> <span class='ocrx_word' id='word_1_475' title='bbox 2428 391 2646 451; x_wconf 73' lang='lat' dir='ltr'><strong>LXXX.</strong></span> <span class='ocrx_word' id='word_1_476' title='bbox 3493 391 3592 447; x_wconf 67' lang='lat'><strong>72:!</strong></span> 
     </span>
    </p>
   </div>
   <div class='ocr_carea' id='block_1_62' title="bbox 1991 510 3592 582">
    <p class='ocr_par' dir='ltr' id='par_1_62' title="bbox 1991 510 3592 582">
     <span class='ocr_line' id='line_1_64' title="bbox 1991 510 3592 582; baseline 0.001 -17"><span class='ocrx_word' id='word_1_477' title='bbox 1991 512 2182 578; x_wconf 87' lang='lat' dir='ltr'><strong>ciiiari,</strong></span> <span class='ocrx_word' id='word_1_478' title='bbox 2220 527 2354 582; x_wconf 89' lang='lat' dir='ltr'><strong>quos</strong></span> <span class='ocrx_word' id='word_1_479' title='bbox 2394 520 2452 567; x_wconf 92' lang='lat' dir='ltr'><strong>ut</strong></span> <span class='ocrx_word' id='word_1_480' title='bbox 2485 510 2894 575; x_wconf 86' lang='lat' dir='ltr'><strong>reconciliaret,</strong></span> <span class='ocrx_word' id='word_1_481' title='bbox 2940 524 3043 564; x_wconf 81' lang='lat' dir='ltr'><strong>nec</strong></span> <span class='ocrx_word' id='word_1_482' title='bbox 3093 511 3267 567; x_wconf 79' lang='lat' dir='ltr'><strong>occidi</strong></span> <span class='ocrx_word' id='word_1_483' title='bbox 3305 522 3592 566; x_wconf 79' lang='lat' dir='ltr'><strong>recusavit.</strong></span> 
     </span>
    </p>
   </div>
   <div class='ocr_carea' id='block_1_63' title="bbox 1990 599 3596 673">
    <p class='ocr_par' dir='ltr' id='par_1_63' title="bbox 1990 599 3596 673">
     <span class='ocr_line' id='line_1_65' title="bbox 1990 599 3596 673; baseline -0.001 -15"><span class='ocrx_word' id='word_1_484' title='bbox 1990 606 2074 658; x_wconf 79' lang='lat' dir='ltr'><strong>An</strong></span> <span class='ocrx_word' id='word_1_485' title='bbox 2100 618 2336 673; x_wconf 87' lang='lat' dir='ltr'><strong>expensa</strong></span> <span class='ocrx_word' id='word_1_486' title='bbox 2362 613 2524 659; x_wconf 89' lang='lat' dir='ltr'><strong>estet</strong></span> <span class='ocrx_word' id='word_1_487' title='bbox 2547 603 2894 673; x_wconf 88' lang='lat' dir='ltr'><strong>pecuniarum</strong></span> <span class='ocrx_word' id='word_1_488' title='bbox 2918 601 3182 672; x_wconf 81' lang='lat' dir='ltr'><strong>prolusio,</strong></span> <span class='ocrx_word' id='word_1_489' title='bbox 3209 599 3424 671; x_wconf 82' lang='lat' dir='ltr'><strong>quodin</strong></span> <span class='ocrx_word' id='word_1_490' title='bbox 3450 601 3596 656; x_wconf 61' lang='lat' dir='ltr'><strong>cieco</strong></span> 
     </span>
    </p>
   </div>
   <div class='ocr_carea' id='block_1_64' title="bbox 1989 695 2591 766">
    <p class='ocr_par' dir='ltr' id='par_1_64' title="bbox 1989 695 2591 766">
     <span class='ocr_line' id='line_1_66' title="bbox 1989 695 2591 766; baseline -0.002 -16"><span class='ocrx_word' id='word_1_491' title='bbox 1989 709 2213 766; x_wconf 90' lang='lat' dir='ltr'><strong>mosyna</strong></span> <span class='ocrx_word' id='word_1_492' title='bbox 2247 695 2542 750; x_wconf 89' lang='lat' dir='ltr'><strong>obtenditis</strong></span> <span class='ocrx_word' id='word_1_493' title='bbox 2567 697 2591 749; x_wconf 66' lang='grc' dir='ltr'><strong>ἲ</strong></span> 
     </span>
    </p>
   </div>
   <div class='ocr_carea' id='block_1_65' title="bbox 2061 782 3595 858">
    <p class='ocr_par' dir='ltr' id='par_1_65' title="bbox 2061 782 3595 858">
     <span class='ocr_line' id='line_1_67' title="bbox 2061 782 3595 858; baseline -0.005 -16"><span class='ocrx_word' id='word_1_494' title='bbox 2061 789 2118 842; x_wconf 71' lang='grc'><strong>4.</strong></span> <span class='ocrx_word' id='word_1_495' title='bbox 2157 785 2477 858; x_wconf 74' lang='lat' dir='ltr'><strong>Iniuriarum</strong></span> <span class='ocrx_word' id='word_1_496' title='bbox 2518 787 2748 841; x_wconf 86' lang='lat' dir='ltr'><strong>remissio</strong></span> <span class='ocrx_word' id='word_1_497' title='bbox 2799 795 2846 840; x_wconf 83' lang='lat' dir='ltr'><strong>et</strong></span> <span class='ocrx_word' id='word_1_498' title='bbox 2889 785 3070 839; x_wconf 77' lang='lat' dir='ltr'><strong>oblivio</strong></span> <span class='ocrx_word' id='word_1_499' title='bbox 3117 782 3488 838; x_wconf 78' lang='lat' dir='ltr'><strong>desiderantur.</strong></span> <span class='ocrx_word' id='word_1_500' title='bbox 3522 811 3595 826; x_wconf 94' lang='lat'><strong>--</strong></span> 
     </span>
    </p>
   </div>
   <div class='ocr_carea' id='block_1_66' title="bbox 1991 875 3586 947">
    <p class='ocr_par' dir='ltr' id='par_1_66' title="bbox 1991 875 3586 947">
     <span class='ocr_line' id='line_1_68' title="bbox 1991 875 3586 947; baseline -0.001 -15"><span class='ocrx_word' id='word_1_501' title='bbox 1991 877 2175 947; x_wconf 86' lang='lat' dir='ltr'><strong>Cogita</strong></span> <span class='ocrx_word' id='word_1_502' title='bbox 2220 893 2378 947; x_wconf 89' lang='lat' dir='ltr'><strong>quam</strong></span> <span class='ocrx_word' id='word_1_503' title='bbox 2410 878 2600 932; x_wconf 89' lang='lat' dir='ltr'><strong>noxius</strong></span> <span class='ocrx_word' id='word_1_504' title='bbox 2639 877 2733 943; x_wconf 87' lang='lat' dir='ltr'><strong>sis,</strong></span> <span class='ocrx_word' id='word_1_505' title='bbox 2761 887 2814 931; x_wconf 89' lang='lat' dir='ltr'><strong>et</strong></span> <span class='ocrx_word' id='word_1_506' title='bbox 2839 891 2943 930; x_wconf 85' lang='lat' dir='ltr'><strong>non</strong></span> <span class='ocrx_word' id='word_1_507' title='bbox 2974 875 3136 930; x_wconf 84' lang='lat' dir='ltr'><strong>modo</strong></span> <span class='ocrx_word' id='word_1_508' title='bbox 3167 891 3274 928; x_wconf 88' lang='lat' dir='ltr'><strong>non</strong></span> <span class='ocrx_word' id='word_1_509' title='bbox 3311 877 3586 932; x_wconf 82' lang='lat' dir='ltr'><strong>recusabis</strong></span> 
     </span>
    </p>
   </div>
   <div class='ocr_carea' id='block_1_67' title="bbox 1994 966 3590 1034">
    <p class='ocr_par' dir='ltr' id='par_1_67' title="bbox 1994 966 3590 1034">
     <span class='ocr_line' id='line_1_69' title="bbox 1994 966 3590 1034; baseline 0 -11"><span class='ocrx_word' id='word_1_510' title='bbox 1994 970 2316 1026; x_wconf 71' lang='lat' dir='ltr'><strong>laedentibus</strong></span> <span class='ocrx_word' id='word_1_511' title='bbox 2341 980 2392 1024; x_wconf 91' lang='lat' dir='ltr'><strong>te</strong></span> <span class='ocrx_word' id='word_1_512' title='bbox 2413 970 2623 1025; x_wconf 89' lang='lat' dir='ltr'><strong>veniam</strong></span> <span class='ocrx_word' id='word_1_513' title='bbox 2661 970 2811 1034; x_wconf 90' lang='lat' dir='ltr'><strong>dare,</strong></span> <span class='ocrx_word' id='word_1_514' title='bbox 2841 968 2936 1024; x_wconf 91' lang='lat' dir='ltr'><strong>sed</strong></span> <span class='ocrx_word' id='word_1_515' title='bbox 2963 968 3126 1024; x_wconf 89' lang='lat' dir='ltr'><strong>etiam</strong></span> <span class='ocrx_word' id='word_1_516' title='bbox 3156 966 3222 1022; x_wconf 90' lang='lat' dir='ltr'><strong>ad</strong></span> <span class='ocrx_word' id='word_1_517' title='bbox 3256 967 3377 1023; x_wconf 76' lang='lat' dir='ltr'><strong>illus</strong></span> <span class='ocrx_word' id='word_1_518' title='bbox 3401 983 3590 1024; x_wconf 92' lang='lat' dir='ltr'><strong>accur-</strong></span> 
     </span>
    </p>
   </div>
   <div class='ocr_carea' id='block_1_68' title="bbox 1993 1061 3582 1132">
    <p class='ocr_par' dir='ltr' id='par_1_68' title="bbox 1993 1061 3582 1132">
     <span class='ocr_line' id='line_1_70' title="bbox 1993 1061 3582 1132; baseline 0.001 -14"><span class='ocrx_word' id='word_1_519' title='bbox 1993 1078 2101 1130; x_wconf 89' lang='lat' dir='ltr'><strong>res,</strong></span> <span class='ocrx_word' id='word_1_520' title='bbox 2131 1073 2187 1118; x_wconf 94' lang='lat' dir='ltr'><strong>ut</strong></span> <span class='ocrx_word' id='word_1_521' title='bbox 2224 1064 2316 1118; x_wconf 88' lang='lat' dir='ltr'><strong>tibi</strong></span> <span class='ocrx_word' id='word_1_522' title='bbox 2346 1063 2398 1118; x_wconf 91' lang='lat' dir='ltr'><strong>id</strong></span> <span class='ocrx_word' id='word_1_523' title='bbox 2426 1063 2496 1119; x_wconf 88' lang='lat' dir='ltr'><strong>sit</strong></span> <span class='ocrx_word' id='word_1_524' title='bbox 2527 1062 2864 1117; x_wconf 89' lang='lat' dir='ltr'><strong>remissionis</strong></span> <span class='ocrx_word' id='word_1_525' title='bbox 2890 1061 3127 1128; x_wconf 89' lang='lat' dir='ltr'><strong>occasio,</strong></span> <span class='ocrx_word' id='word_1_526' title='bbox 3153 1070 3209 1115; x_wconf 92' lang='lat' dir='ltr'><strong>ut</strong></span> <span class='ocrx_word' id='word_1_527' title='bbox 3239 1062 3582 1132; x_wconf 88' lang='lat' dir='ltr'><strong>propriorum</strong></span> 
     </span>
    </p>
   </div>
   <div class='ocr_carea' id='block_1_69' title="bbox 1993 1155 3590 1230">
    <p class='ocr_par' dir='ltr' id='par_1_69' title="bbox 1993 1155 3590 1230">
     <span class='ocr_line' id='line_1_71' title="bbox 1993 1155 3590 1230; baseline 0.003 -18"><span class='ocrx_word' id='word_1_528' title='bbox 1993 1158 2088 1212; x_wconf 87' lang='lat' dir='ltr'><strong>tibi</strong></span> <span class='ocrx_word' id='word_1_529' title='bbox 2119 1158 2378 1212; x_wconf 89' lang='lat' dir='ltr'><strong>malorum</strong></span> <span class='ocrx_word' id='word_1_530' title='bbox 2417 1157 2840 1213; x_wconf 90' lang='lat' dir='ltr'><strong>consolationem</strong></span> <span class='ocrx_word' id='word_1_531' title='bbox 2865 1157 3126 1227; x_wconf 87' lang='lat' dir='ltr'><strong>reperias.</strong></span> <span class='ocrx_word' id='word_1_532' title='bbox 3159 1155 3403 1214; x_wconf 85' lang='lat' dir='ltr'><strong>Gentiles</strong></span> <span class='ocrx_word' id='word_1_533' title='bbox 3445 1173 3590 1230; x_wconf 72' lang='lat' dir='ltr'><strong>smpe</strong></span> 
     </span>
    </p>
   </div>
   <div class='ocr_carea' id='block_1_70' title="bbox 1993 1249 3589 1321">
    <p class='ocr_par' dir='ltr' id='par_1_70' title="bbox 1993 1249 3589 1321">
     <span class='ocr_line' id='line_1_72' title="bbox 1993 1249 3589 1321; baseline 0.002 -17"><span class='ocrx_word' id='word_1_534' title='bbox 1993 1250 2127 1304; x_wconf 92' lang='lat' dir='ltr'><strong>nihil</strong></span> <span class='ocrx_word' id='word_1_535' title='bbox 2155 1252 2330 1321; x_wconf 82' lang='lat' dir='ltr'><strong>magni</strong></span> <span class='ocrx_word' id='word_1_536' title='bbox 2352 1260 2748 1320; x_wconf 76' lang='lat' dir='ltr'><strong>exspectantes,</strong></span> <span class='ocrx_word' id='word_1_537' title='bbox 2782 1251 2834 1304; x_wconf 93' lang='lat' dir='ltr'><strong>in</strong></span> <span class='ocrx_word' id='word_1_538' title='bbox 2867 1249 3017 1304; x_wconf 88' lang='lat' dir='ltr'><strong>hisce</strong></span> <span class='ocrx_word' id='word_1_539' title='bbox 3039 1251 3202 1305; x_wconf 89' lang='lat' dir='ltr'><strong>rebus</strong></span> <span class='ocrx_word' id='word_1_540' title='bbox 3227 1249 3589 1321; x_wconf 82' lang='lat' dir='ltr'><strong>pliilos0phati</strong></span> 
     </span>
    </p>
   </div>
   <div class='ocr_carea' id='block_1_71' title="bbox 1993 1339 3595 1411">
    <p class='ocr_par' dir='ltr' id='par_1_71' title="bbox 1993 1339 3595 1411">
     <span class='ocr_line' id='line_1_73' title="bbox 1993 1339 3595 1411; baseline 0.002 -17"><span class='ocrx_word' id='word_1_541' title='bbox 1993 1351 2117 1394; x_wconf 92' lang='lat' dir='ltr'><strong>sunt</strong></span> <span class='ocrx_word' id='word_1_542' title='bbox 2145 1358 2158 1394; x_wconf 87' lang='lat'><strong>:</strong></span> <span class='ocrx_word' id='word_1_543' title='bbox 2185 1351 2239 1395; x_wconf 92' lang='lat' dir='ltr'><strong>et</strong></span> <span class='ocrx_word' id='word_1_544' title='bbox 2261 1349 2336 1406; x_wconf 90' lang='lat' dir='ltr'><strong>tu,</strong></span> <span class='ocrx_word' id='word_1_545' title='bbox 2367 1341 2456 1411; x_wconf 91' lang='lat' dir='ltr'><strong>qui</strong></span> <span class='ocrx_word' id='word_1_546' title='bbox 2486 1340 2552 1395; x_wconf 90' lang='lat' dir='ltr'><strong>ad</strong></span> <span class='ocrx_word' id='word_1_547' title='bbox 2597 1349 2799 1395; x_wconf 89' lang='lat' dir='ltr'><strong>tantam</strong></span> <span class='ocrx_word' id='word_1_548' title='bbox 2837 1355 2987 1411; x_wconf 90' lang='lat' dir='ltr'><strong>spem</strong></span> <span class='ocrx_word' id='word_1_549' title='bbox 3035 1339 3375 1410; x_wconf 81' lang='lat' dir='ltr'><strong>proiecturus</strong></span> <span class='ocrx_word' id='word_1_550' title='bbox 3397 1357 3478 1407; x_wconf 85' lang='lat' dir='ltr'><strong>es,</strong></span> <span class='ocrx_word' id='word_1_551' title='bbox 3507 1359 3595 1398; x_wconf 81' lang='lat' dir='ltr'><strong>re-</strong></span> 
     </span>
    </p>
   </div>
   <div class='ocr_carea' id='block_1_72' title="bbox 1995 1429 3586 1502">
    <p class='ocr_par' dir='ltr' id='par_1_72' title="bbox 1995 1429 3586 1502">
     <span class='ocr_line' id='line_1_74' title="bbox 1995 1429 3586 1502; baseline 0.003 -18"><span class='ocrx_word' id='word_1_552' title='bbox 1995 1429 2134 1500; x_wconf 81' lang='lat' dir='ltr'><strong>fugis</strong></span> <span class='ocrx_word' id='word_1_553' title='bbox 2171 1442 2224 1486; x_wconf 91' lang='lat' dir='ltr'><strong>et</strong></span> <span class='ocrx_word' id='word_1_554' title='bbox 2257 1431 2560 1501; x_wconf 84' lang='lat' dir='ltr'><strong>torpescis?</strong></span> <span class='ocrx_word' id='word_1_555' title='bbox 2585 1441 2640 1486; x_wconf 91' lang='lat' dir='ltr'><strong>et</strong></span> <span class='ocrx_word' id='word_1_556' title='bbox 2674 1431 2816 1502; x_wconf 91' lang='lat' dir='ltr'><strong>quod</strong></span> <span class='ocrx_word' id='word_1_557' title='bbox 2862 1443 3073 1501; x_wconf 90' lang='lat' dir='ltr'><strong>tempus</strong></span> <span class='ocrx_word' id='word_1_558' title='bbox 3115 1431 3261 1498; x_wconf 81' lang='lat' dir='ltr'><strong>facit,</strong></span> <span class='ocrx_word' id='word_1_559' title='bbox 3317 1433 3420 1488; x_wconf 86' lang='lat' dir='ltr'><strong>hoc</strong></span> <span class='ocrx_word' id='word_1_560' title='bbox 3479 1449 3586 1488; x_wconf 89' lang='lat' dir='ltr'><strong>non</strong></span> 
     </span>
    </p>
   </div>
   <div class='ocr_carea' id='block_1_73' title="bbox 1993 1522 3595 1594">
    <p class='ocr_par' dir='ltr' id='par_1_73' title="bbox 1993 1522 3595 1594">
     <span class='ocr_line' id='line_1_75' title="bbox 1993 1522 3595 1594; baseline 0.001 -16"><span class='ocrx_word' id='word_1_561' title='bbox 1993 1524 2226 1579; x_wconf 88' lang='lat' dir='ltr'><strong>sustines</strong></span> <span class='ocrx_word' id='word_1_562' title='bbox 2251 1536 2470 1594; x_wconf 87' lang='lat' dir='ltr'><strong>prepter</strong></span> <span class='ocrx_word' id='word_1_563' title='bbox 2498 1523 2595 1579; x_wconf 89' lang='lat' dir='ltr'><strong>Dei</strong></span> <span class='ocrx_word' id='word_1_564' title='bbox 2621 1524 2792 1594; x_wconf 84' lang='lat' dir='ltr'><strong>legem</strong></span> <span class='ocrx_word' id='word_1_565' title='bbox 2820 1531 2946 1579; x_wconf 89' lang='lat' dir='ltr'><strong>ante</strong></span> <span class='ocrx_word' id='word_1_566' title='bbox 2978 1532 3190 1593; x_wconf 85' lang='lat' dir='ltr'><strong>tempus</strong></span> <span class='ocrx_word' id='word_1_567' title='bbox 3206 1522 3403 1588; x_wconf 81' lang='lat' dir='ltr'><strong>facere,</strong></span> <span class='ocrx_word' id='word_1_568' title='bbox 3429 1533 3483 1580; x_wconf 89' lang='lat' dir='ltr'><strong>et</strong></span> <span class='ocrx_word' id='word_1_569' title='bbox 3513 1525 3595 1580; x_wconf 86' lang='lat' dir='ltr'><strong>vis</strong></span> 
     </span>
    </p>
   </div>
   <div class='ocr_carea' id='block_1_74' title="bbox 1995 1616 3586 1688">
    <p class='ocr_par' dir='ltr' id='par_1_74' title="bbox 1995 1616 3586 1688">
     <span class='ocr_line' id='line_1_76' title="bbox 1995 1616 3586 1688; baseline -0.001 -16"><span class='ocrx_word' id='word_1_570' title='bbox 1995 1619 2171 1688; x_wconf 89' lang='lat' dir='ltr'><strong>potius</strong></span> <span class='ocrx_word' id='word_1_571' title='bbox 2201 1619 2318 1673; x_wconf 89' lang='lat' dir='ltr'><strong>sine</strong></span> <span class='ocrx_word' id='word_1_572' title='bbox 2349 1617 2630 1682; x_wconf 88' lang='lat' dir='ltr'><strong>mercede,</strong></span> <span class='ocrx_word' id='word_1_573' title='bbox 2662 1633 2820 1687; x_wconf 90' lang='lat' dir='ltr'><strong>quam</strong></span> <span class='ocrx_word' id='word_1_574' title='bbox 2852 1633 2974 1672; x_wconf 92' lang='lat' dir='ltr'><strong>cum</strong></span> <span class='ocrx_word' id='word_1_575' title='bbox 3009 1616 3258 1671; x_wconf 91' lang='lat' dir='ltr'><strong>mercede</strong></span> <span class='ocrx_word' id='word_1_576' title='bbox 3280 1616 3586 1684; x_wconf 76' lang='lat' dir='ltr'><strong>passionem</strong></span> 
     </span>
    </p>
   </div>
   <div class='ocr_carea' id='block_1_75' title="bbox 1995 1705 3592 1780">
    <p class='ocr_par' dir='ltr' id='par_1_75' title="bbox 1995 1705 3592 1780">
     <span class='ocr_line' id='line_1_77' title="bbox 1995 1705 3592 1780; baseline -0.003 -16"><span class='ocrx_word' id='word_1_577' title='bbox 1995 1719 2140 1765; x_wconf 90' lang='lat' dir='ltr'><strong>tuam</strong></span> <span class='ocrx_word' id='word_1_578' title='bbox 2161 1708 2472 1780; x_wconf 83' lang='lat' dir='ltr'><strong>exstingui?</strong></span> <span class='ocrx_word' id='word_1_579' title='bbox 2503 1706 2686 1778; x_wconf 83' lang='lat' dir='ltr'><strong>Neque</strong></span> <span class='ocrx_word' id='word_1_580' title='bbox 2731 1707 2952 1761; x_wconf 89' lang='lat' dir='ltr'><strong>enimsi</strong></span> <span class='ocrx_word' id='word_1_581' title='bbox 3001 1707 3053 1760; x_wconf 92' lang='lat' dir='ltr'><strong>id</strong></span> <span class='ocrx_word' id='word_1_582' title='bbox 3103 1721 3132 1760; x_wconf 90' lang='lat' dir='ltr'><strong>a</strong></span> <span class='ocrx_word' id='word_1_583' title='bbox 3187 1717 3432 1776; x_wconf 84' lang='lat' dir='ltr'><strong>tempore</strong></span> <span class='ocrx_word' id='word_1_584' title='bbox 3482 1705 3592 1773; x_wconf 87' lang='lat' dir='ltr'><strong>ﬁat,</strong></span> 
     </span>
    </p>
   </div>
   <div class='ocr_carea' id='block_1_76' title="bbox 1994 1797 3594 1871">
    <p class='ocr_par' dir='ltr' id='par_1_76' title="bbox 1994 1797 3594 1871">
     <span class='ocr_line' id='line_1_78' title="bbox 1994 1797 3594 1871; baseline -0.002 -15"><span class='ocrx_word' id='word_1_585' title='bbox 1994 1802 2168 1870; x_wconf 88' lang='lat' dir='ltr'><strong>majus</strong></span> <span class='ocrx_word' id='word_1_586' title='bbox 2185 1800 2459 1870; x_wconf 88' lang='lat' dir='ltr'><strong>quidpiam</strong></span> <span class='ocrx_word' id='word_1_587' title='bbox 2489 1800 2583 1854; x_wconf 90' lang='lat' dir='ltr'><strong>tibi</strong></span> <span class='ocrx_word' id='word_1_588' title='bbox 2608 1799 2894 1867; x_wconf 85' lang='lat' dir='ltr'><strong>supererit,</strong></span> <span class='ocrx_word' id='word_1_589' title='bbox 2923 1797 3031 1853; x_wconf 90' lang='lat' dir='ltr'><strong>imo</strong></span> <span class='ocrx_word' id='word_1_590' title='bbox 3059 1813 3222 1871; x_wconf 69' lang='lat' dir='ltr'><strong>grave</strong></span> <span class='ocrx_word' id='word_1_591' title='bbox 3248 1815 3330 1868; x_wconf 66' lang='lat' dir='ltr'><strong>su;</strong></span> <span class='ocrx_word' id='word_1_592' title='bbox 3358 1849 3362 1856; x_wconf 87' lang='lat'><strong><em>_</em></strong></span> <span class='ocrx_word' id='word_1_593' title='bbox 3391 1800 3594 1861; x_wconf 82' lang='lat' dir='ltr'><strong>.icium,</strong></span> 
     </span>
    </p>
   </div>
   <div class='ocr_carea' id='block_1_77' title="bbox 1994 1891 3586 1964">
    <p class='ocr_par' dir='ltr' id='par_1_77' title="bbox 1994 1891 3586 1964">
     <span class='ocr_line' id='line_1_79' title="bbox 1994 1891 3586 1964; baseline -0.001 -17"><span class='ocrx_word' id='word_1_594' title='bbox 1994 1894 2134 1964; x_wconf 91' lang='lat' dir='ltr'><strong>quod</strong></span> <span class='ocrx_word' id='word_1_595' title='bbox 2167 1893 2216 1948; x_wconf 93' lang='lat' dir='ltr'><strong>id</strong></span> <span class='ocrx_word' id='word_1_596' title='bbox 2257 1893 2399 1962; x_wconf 89' lang='lat' dir='ltr'><strong>quod</strong></span> <span class='ocrx_word' id='word_1_597' title='bbox 2430 1902 2642 1962; x_wconf 83' lang='lat' dir='ltr'><strong>tempus</strong></span> <span class='ocrx_word' id='word_1_598' title='bbox 2668 1892 2848 1947; x_wconf 78' lang='lat' dir='ltr'><strong>facere</strong></span> <span class='ocrx_word' id='word_1_599' title='bbox 2889 1891 3082 1961; x_wconf 90' lang='lat' dir='ltr'><strong>potuit,</strong></span> <span class='ocrx_word' id='word_1_600' title='bbox 3116 1891 3218 1946; x_wconf 92' lang='lat' dir='ltr'><strong>boc</strong></span> <span class='ocrx_word' id='word_1_601' title='bbox 3249 1891 3333 1946; x_wconf 75' lang='lat' dir='ltr'><strong>lex</strong></span> <span class='ocrx_word' id='word_1_602' title='bbox 3363 1892 3457 1946; x_wconf 87' lang='lat' dir='ltr'><strong>Dei</strong></span> <span class='ocrx_word' id='word_1_603' title='bbox 3493 1891 3586 1948; x_wconf 90' lang='lat' dir='ltr'><strong>tibi</strong></span> 
     </span>
    </p>
   </div>
   <div class='ocr_carea' id='block_1_78' title="bbox 1998 1983 3592 2054">
    <p class='ocr_par' dir='ltr' id='par_1_78' title="bbox 1998 1983 3592 2054">
     <span class='ocr_line' id='line_1_80' title="bbox 1998 1983 3592 2054; baseline 0.001 -16"><span class='ocrx_word' id='word_1_604' title='bbox 1998 1986 2174 2040; x_wconf 84' lang='lat' dir='ltr'><strong>lacere</strong></span> <span class='ocrx_word' id='word_1_605' title='bbox 2203 2001 2306 2039; x_wconf 91' lang='lat' dir='ltr'><strong>non</strong></span> <span class='ocrx_word' id='word_1_606' title='bbox 2337 1985 2683 2054; x_wconf 89' lang='lat' dir='ltr'><strong>persuaserit.</strong></span> <span class='ocrx_word' id='word_1_607' title='bbox 2709 1983 2862 2050; x_wconf 90' lang='lat' dir='ltr'><strong>Quod</strong></span> <span class='ocrx_word' id='word_1_608' title='bbox 2879 1985 2923 2039; x_wconf 89' lang='lat' dir='ltr'><strong>si</strong></span> <span class='ocrx_word' id='word_1_609' title='bbox 2950 1984 3176 2050; x_wconf 90' lang='lat' dir='ltr'><strong>dixeris,</strong></span> <span class='ocrx_word' id='word_1_610' title='bbox 3199 1992 3250 2041; x_wconf 89' lang='lat' dir='ltr'><strong>te</strong></span> <span class='ocrx_word' id='word_1_611' title='bbox 3272 1983 3592 2039; x_wconf 84' lang='lat' dir='ltr'><strong>inﬂammari</strong></span> 
     </span>
    </p>
   </div>
   <div class='ocr_carea' id='block_1_79' title="bbox 1995 2076 3596 2143">
    <p class='ocr_par' dir='ltr' id='par_1_79' title="bbox 1995 2076 3596 2143">
     <span class='ocr_line' id='line_1_81' title="bbox 1995 2076 3596 2143; baseline -0.001 -10"><span class='ocrx_word' id='word_1_612' title='bbox 1995 2093 2115 2133; x_wconf 91' lang='lat' dir='ltr'><strong>enm</strong></span> <span class='ocrx_word' id='word_1_613' title='bbox 2143 2077 2485 2132; x_wconf 74' lang='lat' dir='ltr'><strong>contumelia:</strong></span> <span class='ocrx_word' id='word_1_614' title='bbox 2515 2078 2816 2132; x_wconf 77' lang='lat' dir='ltr'><strong>recordaris</strong></span> <span class='ocrx_word' id='word_1_615' title='bbox 2838 2117 2854 2142; x_wconf 87' lang='lat'><strong>,</strong></span> <span class='ocrx_word' id='word_1_616' title='bbox 2880 2077 2932 2131; x_wconf 93' lang='lat' dir='ltr'><strong>iu</strong></span> <span class='ocrx_word' id='word_1_617' title='bbox 2961 2077 3274 2132; x_wconf 89' lang='lat' dir='ltr'><strong>memoriam</strong></span> <span class='ocrx_word' id='word_1_618' title='bbox 3305 2091 3519 2143; x_wconf 87' lang='lat' dir='ltr'><strong>revoca,</strong></span> <span class='ocrx_word' id='word_1_619' title='bbox 3551 2076 3596 2131; x_wconf 91' lang='lat' dir='ltr'><strong>si</strong></span> 
     </span>
    </p>
   </div>
   <div class='ocr_carea' id='block_1_80' title="bbox 1994 2167 3590 2238">
    <p class='ocr_par' dir='ltr' id='par_1_80' title="bbox 1994 2167 3590 2238">
     <span class='ocr_line' id='line_1_82' title="bbox 1994 2167 3590 2238; baseline -0.001 -17"><span class='ocrx_word' id='word_1_620' title='bbox 1994 2169 2119 2238; x_wconf 90' lang='lat' dir='ltr'><strong>quid</strong></span> <span class='ocrx_word' id='word_1_621' title='bbox 2153 2167 2244 2221; x_wconf 93' lang='lat' dir='ltr'><strong>tibi</strong></span> <span class='ocrx_word' id='word_1_622' title='bbox 2274 2168 2397 2222; x_wconf 89' lang='lat' dir='ltr'><strong>boni</strong></span> <span class='ocrx_word' id='word_1_623' title='bbox 2425 2182 2458 2221; x_wconf 90' lang='lat' dir='ltr'><strong>a</strong></span> <span class='ocrx_word' id='word_1_624' title='bbox 2488 2167 2717 2222; x_wconf 70' lang='lat' dir='ltr'><strong>lmdente</strong></span> <span class='ocrx_word' id='word_1_625' title='bbox 2745 2167 3074 2234; x_wconf 88' lang='lat' dir='ltr'><strong>accesserit,</strong></span> <span class='ocrx_word' id='word_1_626' title='bbox 3104 2176 3158 2222; x_wconf 91' lang='lat' dir='ltr'><strong>et</strong></span> <span class='ocrx_word' id='word_1_627' title='bbox 3184 2167 3359 2236; x_wconf 83' lang='lat' dir='ltr'><strong>cOgita</strong></span> <span class='ocrx_word' id='word_1_628' title='bbox 3390 2177 3590 2238; x_wconf 88' lang='lat' dir='ltr'><strong>quanta</strong></span> 
     </span>
    </p>
   </div>
   <div class='ocr_carea' id='block_1_81' title="bbox 1997 2255 3598 2327">
    <p class='ocr_par' dir='ltr' id='par_1_81' title="bbox 1997 2255 3598 2327">
     <span class='ocr_line' id='line_1_83' title="bbox 1997 2255 3598 2327; baseline -0.001 -15"><span class='ocrx_word' id='word_1_629' title='bbox 1997 2268 2052 2312; x_wconf 92' lang='lat' dir='ltr'><strong>tu</strong></span> <span class='ocrx_word' id='word_1_630' title='bbox 2079 2259 2198 2314; x_wconf 91' lang='lat' dir='ltr'><strong>aliis</strong></span> <span class='ocrx_word' id='word_1_631' title='bbox 2228 2259 2367 2313; x_wconf 90' lang='lat' dir='ltr'><strong>mala</strong></span> <span class='ocrx_word' id='word_1_632' title='bbox 2390 2258 2655 2313; x_wconf 89' lang='lat' dir='ltr'><strong>intuleris.</strong></span> <span class='ocrx_word' id='word_1_633' title='bbox 2686 2258 2802 2313; x_wconf 84' lang='lat' dir='ltr'><strong>Tibi</strong></span> <span class='ocrx_word' id='word_1_634' title='bbox 2829 2257 3123 2324; x_wconf 86' lang='lat' dir='ltr'><strong>maledixit,</strong></span> <span class='ocrx_word' id='word_1_635' title='bbox 3156 2266 3208 2312; x_wconf 92' lang='lat' dir='ltr'><strong>te</strong></span> <span class='ocrx_word' id='word_1_636' title='bbox 3230 2259 3433 2327; x_wconf 85' lang='lat' dir='ltr'><strong>probro</strong></span> <span class='ocrx_word' id='word_1_637' title='bbox 3468 2255 3598 2311; x_wconf 83' lang='lat' dir='ltr'><strong>aﬁ‘e-</strong></span> 
     </span>
    </p>
   </div>
   <div class='ocr_carea' id='block_1_82' title="bbox 1995 2349 3599 2420">
    <p class='ocr_par' dir='ltr' id='par_1_82' title="bbox 1995 2349 3599 2420">
     <span class='ocr_line' id='line_1_84' title="bbox 1995 2349 3599 2420; baseline 0 -18"><span class='ocrx_word' id='word_1_638' title='bbox 1995 2350 2107 2403; x_wconf 79' lang='lat' dir='ltr'><strong>cit?</strong></span> <span class='ocrx_word' id='word_1_639' title='bbox 2135 2349 2333 2404; x_wconf 86' lang='lat' dir='ltr'><strong>Tecum</strong></span> <span class='ocrx_word' id='word_1_640' title='bbox 2365 2358 2553 2418; x_wconf 91' lang='lat' dir='ltr'><strong>reputa</strong></span> <span class='ocrx_word' id='word_1_641' title='bbox 2585 2357 2639 2404; x_wconf 89' lang='lat' dir='ltr'><strong>te</strong></span> <span class='ocrx_word' id='word_1_642' title='bbox 2663 2365 2877 2420; x_wconf 88' lang='lat' dir='ltr'><strong>quoque</strong></span> <span class='ocrx_word' id='word_1_643' title='bbox 2903 2350 3023 2404; x_wconf 87' lang='lat' dir='ltr'><strong>aliis</strong></span> <span class='ocrx_word' id='word_1_644' title='bbox 3051 2349 3420 2404; x_wconf 81' lang='lat' dir='ltr'><strong>maledixisse.</strong></span> <span class='ocrx_word' id='word_1_645' title='bbox 3450 2349 3599 2415; x_wconf 66' lang='lat' dir='ltr'><strong>Quo~</strong></span> 
     </span>
    </p>
   </div>
   <div class='ocr_carea' id='block_1_83' title="bbox 1997 2444 3590 2516">
    <p class='ocr_par' dir='ltr' id='par_1_83' title="bbox 1997 2444 3590 2516">
     <span class='ocr_line' id='line_1_85' title="bbox 1997 2444 3590 2516; baseline 0.002 -18"><span class='ocrx_word' id='word_1_646' title='bbox 1997 2444 2156 2500; x_wconf 89' lang='lat' dir='ltr'><strong>modo</strong></span> <span class='ocrx_word' id='word_1_647' title='bbox 2185 2459 2314 2515; x_wconf 93' lang='lat' dir='ltr'><strong>ergo</strong></span> <span class='ocrx_word' id='word_1_648' title='bbox 2344 2445 2552 2500; x_wconf 83' lang='lat' dir='ltr'><strong>veniam</strong></span> <span class='ocrx_word' id='word_1_649' title='bbox 2582 2446 2950 2516; x_wconf 80' lang='lat' dir='ltr'><strong>consequeris,</strong></span> <span class='ocrx_word' id='word_1_650' title='bbox 2981 2461 3140 2516; x_wconf 89' lang='lat' dir='ltr'><strong>quam</strong></span> <span class='ocrx_word' id='word_1_651' title='bbox 3190 2445 3312 2501; x_wconf 90' lang='lat' dir='ltr'><strong>aliis</strong></span> <span class='ocrx_word' id='word_1_652' title='bbox 3353 2462 3459 2500; x_wconf 93' lang='lat' dir='ltr'><strong>non</strong></span> <span class='ocrx_word' id='word_1_653' title='bbox 3489 2446 3590 2512; x_wconf 83' lang='lat' dir='ltr'><strong>de-</strong></span> 
     </span>
    </p>
   </div>
   <div class='ocr_carea' id='block_1_84' title="bbox 1995 2534 3600 2592">
    <p class='ocr_par' dir='ltr' id='par_1_84' title="bbox 1995 2534 3600 2592">
     <span class='ocr_line' id='line_1_86' title="bbox 1995 2534 3600 2592; baseline 0.002 -4"><span class='ocrx_word' id='word_1_654' title='bbox 1995 2535 2156 2589; x_wconf 79' lang='lat' dir='ltr'><strong>disti?</strong></span> <span class='ocrx_word' id='word_1_655' title='bbox 2186 2534 2293 2591; x_wconf 89' lang='lat' dir='ltr'><strong>Sed</strong></span> <span class='ocrx_word' id='word_1_656' title='bbox 2325 2535 2457 2589; x_wconf 90' lang='lat' dir='ltr'><strong>nihil</strong></span> <span class='ocrx_word' id='word_1_657' title='bbox 2488 2536 2594 2590; x_wconf 86' lang='lat' dir='ltr'><strong>tale</strong></span> <span class='ocrx_word' id='word_1_658' title='bbox 2622 2536 2838 2590; x_wconf 80' lang='lat' dir='ltr'><strong>dixisti?</strong></span> <span class='ocrx_word' id='word_1_659' title='bbox 2867 2536 2974 2592; x_wconf 84' lang='lat' dir='ltr'><strong>Sed</strong></span> <span class='ocrx_word' id='word_1_660' title='bbox 3000 2537 3164 2590; x_wconf 84' lang='lat' dir='ltr'><strong>alium</strong></span> <span class='ocrx_word' id='word_1_661' title='bbox 3191 2536 3306 2592; x_wconf 71' lang='lat' dir='ltr'><strong>hwc</strong></span> <span class='ocrx_word' id='word_1_662' title='bbox 3331 2537 3600 2592; x_wconf 88' lang='lat' dir='ltr'><strong>dicentem</strong></span> 
     </span>
    </p>
   </div>
   <div class='ocr_carea' id='block_1_85' title="bbox 1997 2626 3599 2699">
    <p class='ocr_par' dir='ltr' id='par_1_85' title="bbox 1997 2626 3599 2699">
     <span class='ocr_line' id='line_1_87' title="bbox 1997 2626 3599 2699; baseline 0.006 -21"><span class='ocrx_word' id='word_1_663' title='bbox 1997 2626 2190 2681; x_wconf 86' lang='lat' dir='ltr'><strong>audisti</strong></span> <span class='ocrx_word' id='word_1_664' title='bbox 2220 2667 2235 2692; x_wconf 92' lang='lat'><strong>,</strong></span> <span class='ocrx_word' id='word_1_665' title='bbox 2267 2626 2427 2698; x_wconf 91' lang='lat' dir='ltr'><strong>idque</strong></span> <span class='ocrx_word' id='word_1_666' title='bbox 2453 2627 2736 2699; x_wconf 87' lang='lat' dir='ltr'><strong>amplexus</strong></span> <span class='ocrx_word' id='word_1_667' title='bbox 2761 2643 2842 2683; x_wconf 90' lang='lat' dir='ltr'><strong>es.</strong></span> <span class='ocrx_word' id='word_1_668' title='bbox 2869 2628 3054 2697; x_wconf 83' lang='lat' dir='ltr'><strong>Neque</strong></span> <span class='ocrx_word' id='word_1_669' title='bbox 3085 2629 3214 2683; x_wconf 89' lang='lat' dir='ltr'><strong>illud</strong></span> <span class='ocrx_word' id='word_1_670' title='bbox 3239 2630 3396 2698; x_wconf 83' lang='lat' dir='ltr'><strong>culpa</strong></span> <span class='ocrx_word' id='word_1_671' title='bbox 3425 2639 3599 2687; x_wconf 88' lang='lat' dir='ltr'><strong>vacat.</strong></span> 
     </span>
    </p>
   </div>
   <div class='ocr_carea' id='block_1_86' title="bbox 2002 2717 3601 2793">
    <p class='ocr_par' dir='ltr' id='par_1_86' title="bbox 2002 2717 3601 2793">
     <span class='ocr_line' id='line_1_88' title="bbox 2002 2717 3601 2793; baseline 0.008 -26"><span class='ocrx_word' id='word_1_672' title='bbox 2002 2717 2092 2772; x_wconf 79' lang='lat' dir='ltr'><strong>\‘is</strong></span> <span class='ocrx_word' id='word_1_673' title='bbox 2120 2718 2327 2774; x_wconf 87' lang='lat' dir='ltr'><strong>discere</strong></span> <span class='ocrx_word' id='word_1_674' title='bbox 2371 2731 2630 2789; x_wconf 89' lang='lat' dir='ltr'><strong>quantum</strong></span> <span class='ocrx_word' id='word_1_675' title='bbox 2675 2722 2747 2776; x_wconf 90' lang='lat' dir='ltr'><strong>sit</strong></span> <span class='ocrx_word' id='word_1_676' title='bbox 2791 2722 2989 2775; x_wconf 92' lang='lat' dir='ltr'><strong>bonum</strong></span> <span class='ocrx_word' id='word_1_677' title='bbox 3020 2721 3337 2791; x_wconf 83' lang='lat' dir='ltr'><strong>injuriarum</strong></span> <span class='ocrx_word' id='word_1_678' title='bbox 3369 2723 3601 2793; x_wconf 87' lang='lat' dir='ltr'><strong>oblivio,</strong></span> 
     </span>
    </p>
   </div>
   <div class='ocr_carea' id='block_1_87' title="bbox 1998 2809 3602 2883">
    <p class='ocr_par' dir='ltr' id='par_1_87' title="bbox 1998 2809 3602 2883">
     <span class='ocr_line' id='line_1_89' title="bbox 1998 2809 3602 2883; baseline 0.005 -21"><span class='ocrx_word' id='word_1_679' title='bbox 1998 2817 2051 2862; x_wconf 90' lang='lat' dir='ltr'><strong>ct</strong></span> <span class='ocrx_word' id='word_1_680' title='bbox 2081 2823 2238 2877; x_wconf 88' lang='lat' dir='ltr'><strong>quam</strong></span> <span class='ocrx_word' id='word_1_681' title='bbox 2272 2809 2410 2864; x_wconf 90' lang='lat' dir='ltr'><strong>Deus</strong></span> <span class='ocrx_word' id='word_1_682' title='bbox 2437 2809 2540 2864; x_wconf 89' lang='lat' dir='ltr'><strong>bac</strong></span> <span class='ocrx_word' id='word_1_683' title='bbox 2571 2811 2637 2865; x_wconf 89' lang='lat' dir='ltr'><strong>de</strong></span> <span class='ocrx_word' id='word_1_684' title='bbox 2665 2826 2728 2865; x_wconf 90' lang='lat' dir='ltr'><strong>re</strong></span> <span class='ocrx_word' id='word_1_685' title='bbox 2757 2810 3005 2866; x_wconf 63' lang='lat' dir='ltr'><strong>lauetur?</strong></span> <span class='ocrx_word' id='word_1_686' title='bbox 3035 2811 3144 2867; x_wconf 86' lang='lat' dir='ltr'><strong>Eos</strong></span> <span class='ocrx_word' id='word_1_687' title='bbox 3187 2814 3277 2883; x_wconf 91' lang='lat' dir='ltr'><strong>qui</strong></span> <span class='ocrx_word' id='word_1_688' title='bbox 3321 2813 3602 2883; x_wconf 75' lang='lat' dir='ltr'><strong>laetantur,</strong></span> 
     </span>
    </p>
   </div>
   <div class='ocr_carea' id='block_1_88' title="bbox 1996 2902 3601 2978">
    <p class='ocr_par' dir='ltr' id='par_1_88' title="bbox 1996 2902 3601 2978">
     <span class='ocr_line' id='line_1_90' title="bbox 1996 2902 3601 2978; baseline 0.008 -24"><span class='ocrx_word' id='word_1_689' title='bbox 1996 2915 2120 2960; x_wconf 85' lang='lat' dir='ltr'><strong>cum</strong></span> <span class='ocrx_word' id='word_1_690' title='bbox 2149 2902 2329 2958; x_wconf 87' lang='lat' dir='ltr'><strong>vident</strong></span> <span class='ocrx_word' id='word_1_691' title='bbox 2355 2905 2618 2974; x_wconf 90' lang='lat' dir='ltr'><strong>quosdam</strong></span> <span class='ocrx_word' id='word_1_692' title='bbox 2643 2906 2711 2960; x_wconf 90' lang='lat' dir='ltr'><strong>ab</strong></span> <span class='ocrx_word' id='word_1_693' title='bbox 2738 2920 2804 2960; x_wconf 90' lang='lat' dir='ltr'><strong>eo</strong></span> <span class='ocrx_word' id='word_1_694' title='bbox 2827 2906 2970 2976; x_wconf 92' lang='lat' dir='ltr'><strong>juste</strong></span> <span class='ocrx_word' id='word_1_695' title='bbox 2991 2907 3266 2978; x_wconf 87' lang='lat' dir='ltr'><strong>castigari,</strong></span> <span class='ocrx_word' id='word_1_696' title='bbox 3291 2909 3601 2967; x_wconf 89' lang='lat' dir='ltr'><strong>ulciscitur:</strong></span> 
     </span>
    </p>
   </div>
   <div class='ocr_carea' id='block_1_89' title="bbox 1995 2995 3604 3072">
    <p class='ocr_par' dir='ltr' id='par_1_89' title="bbox 1995 2995 3604 3072">
     <span class='ocr_line' id='line_1_91' title="bbox 1995 2995 3604 3072; baseline 0.007 -24"><span class='ocrx_word' id='word_1_697' title='bbox 1995 2995 2208 3050; x_wconf 88' lang='lat' dir='ltr'><strong>etiamsi</strong></span> <span class='ocrx_word' id='word_1_698' title='bbox 2238 2997 2383 3051; x_wconf 91' lang='lat' dir='ltr'><strong>enim</strong></span> <span class='ocrx_word' id='word_1_699' title='bbox 2423 2997 2498 3052; x_wconf 91' lang='lat' dir='ltr'><strong>illi</strong></span> <span class='ocrx_word' id='word_1_700' title='bbox 2530 2998 2672 3067; x_wconf 87' lang='lat' dir='ltr'><strong>juste</strong></span> <span class='ocrx_word' id='word_1_701' title='bbox 2719 2999 3026 3068; x_wconf 85' lang='lat' dir='ltr'><strong>puniantur,</strong></span> <span class='ocrx_word' id='word_1_702' title='bbox 3074 3009 3126 3055; x_wconf 92' lang='lat' dir='ltr'><strong>te</strong></span> <span class='ocrx_word' id='word_1_703' title='bbox 3163 2999 3232 3056; x_wconf 91' lang='lat' dir='ltr'><strong>de</strong></span> <span class='ocrx_word' id='word_1_704' title='bbox 3263 3000 3346 3056; x_wconf 83' lang='lat' dir='ltr'><strong>liis</strong></span> <span class='ocrx_word' id='word_1_705' title='bbox 3373 3001 3604 3072; x_wconf 85' lang='lat' dir='ltr'><strong>gaudere</strong></span> 
     </span>
    </p>
   </div>
   <div class='ocr_carea' id='block_1_90' title="bbox 1997 3087 3604 3160">
    <p class='ocr_par' dir='ltr' id='par_1_90' title="bbox 1997 3087 3604 3160">
     <span class='ocr_line' id='line_1_92' title="bbox 1997 3087 3604 3160; baseline 0.004 -18"><span class='ocrx_word' id='word_1_706' title='bbox 1997 3103 2103 3142; x_wconf 92' lang='lat' dir='ltr'><strong>non</strong></span> <span class='ocrx_word' id='word_1_707' title='bbox 2136 3097 2370 3158; x_wconf 91' lang='lat' dir='ltr'><strong>oportet.</strong></span> <span class='ocrx_word' id='word_1_708' title='bbox 2403 3087 2616 3144; x_wconf 88' lang='lat' dir='ltr'><strong>Etenim</strong></span> <span class='ocrx_word' id='word_1_709' title='bbox 2648 3091 2911 3160; x_wconf 87' lang='lat' dir='ltr'><strong>propheta</strong></span> <span class='ocrx_word' id='word_1_710' title='bbox 2941 3090 3107 3144; x_wconf 74' lang='lat' dir='ltr'><strong>multa</strong></span> <span class='ocrx_word' id='word_1_711' title='bbox 3138 3092 3470 3156; x_wconf 88' lang='lat' dir='ltr'><strong>criminatus,</strong></span> <span class='ocrx_word' id='word_1_712' title='bbox 3503 3091 3604 3149; x_wconf 85' lang='lat' dir='ltr'><strong>hoc</strong></span> 
     </span>
    </p>
   </div>
   <div class='ocr_carea' id='block_1_91' title="bbox 1996 3179 3602 3258">
    <p class='ocr_par' dir='ltr' id='par_1_91' title="bbox 1996 3179 3602 3258">
     <span class='ocr_line' id='line_1_93' title="bbox 1996 3179 3602 3258; baseline 0.006 -24"><span class='ocrx_word' id='word_1_713' title='bbox 1996 3181 2272 3250; x_wconf 88' lang='lat' dir='ltr'><strong>subjunxit</strong></span> <span class='ocrx_word' id='word_1_714' title='bbox 2293 3199 2304 3234; x_wconf 94' lang='lat'>:</span> <span class='ocrx_word' id='word_1_715' title='bbox 2333 3179 2484 3245; x_wconf 80' lang='lat' dir='ltr'><strong>Nihil</strong></span> <span class='ocrx_word' id='word_1_716' title='bbox 2503 3183 2640 3252; x_wconf 83' lang='lat' dir='ltr'><strong>passi</strong></span> <span class='ocrx_word' id='word_1_717' title='bbox 2661 3193 2777 3236; x_wconf 86' lang='lat' dir='ltr'><strong>sunt</strong></span> <span class='ocrx_word' id='word_1_718' title='bbox 2800 3184 2852 3236; x_wconf 87' lang='lat' dir='ltr'><strong>in</strong></span> <span class='ocrx_word' id='word_1_719' title='bbox 2874 3184 3174 3238; x_wconf 79' lang='lat' dir='ltr'><strong>contritione</strong></span> <span class='ocrx_word' id='word_1_720' title='bbox 3188 3182 3381 3255; x_wconf 71' lang='lat' dir='ltr'><strong>Ioseph</strong></span> <span class='ocrx_word' id='word_1_721' title='bbox 3403 3183 3602 3258; x_wconf 80' lang='lat' dir='ltr'><strong>(Amos.</strong></span> 
     </span>
    </p>
   </div>
   <div class='ocr_carea' id='block_1_92' title="bbox 1997 3271 3604 3348">
    <p class='ocr_par' dir='ltr' id='par_1_92' title="bbox 1997 3271 3604 3348">
     <span class='ocr_line' id='line_1_94' title="bbox 1997 3271 3604 3348; baseline 0.002 -21"><span class='ocrx_word' id='word_1_722' title='bbox 1997 3271 2048 3327; x_wconf 88' lang='grc'><strong>6.</strong></span> <span class='ocrx_word' id='word_1_723' title='bbox 2086 3273 2178 3341; x_wconf 85' lang='grc'><strong>6);</strong></span> <span class='ocrx_word' id='word_1_724' title='bbox 2224 3281 2279 3326; x_wconf 92' lang='lat' dir='ltr'><strong>ct</strong></span> <span class='ocrx_word' id='word_1_725' title='bbox 2321 3285 2556 3337; x_wconf 90' lang='lat' dir='ltr'><strong>rursum,</strong></span> <span class='ocrx_word' id='word_1_726' title='bbox 2613 3271 2733 3326; x_wconf 79' lang='lat' dir='ltr'><strong>Non</strong></span> <span class='ocrx_word' id='word_1_727' title='bbox 2759 3273 2909 3327; x_wconf 61' lang='lat' dir='ltr'><strong>exivit</strong></span> <span class='ocrx_word' id='word_1_728' title='bbox 2945 3274 3110 3328; x_wconf 82' lang='lat' dir='ltr'><strong>vicina</strong></span> <span class='ocrx_word' id='word_1_729' title='bbox 3153 3275 3221 3328; x_wconf 86' lang='lat' dir='ltr'><strong>ad</strong></span> <span class='ocrx_word' id='word_1_730' title='bbox 3260 3276 3604 3348; x_wconf 79' lang='lat' dir='ltr'><strong>plangendum</strong></span> 
     </span>
    </p>
   </div>
   <div class='ocr_carea' id='block_1_93' title="bbox 1998 3363 3605 3436">
    <p class='ocr_par' dir='ltr' id='par_1_93' title="bbox 1998 3363 3605 3436">
     <span class='ocr_line' id='line_1_95' title="bbox 1998 3363 3605 3436; baseline 0.004 -20"><span class='ocrx_word' id='word_1_731' title='bbox 1998 3381 2152 3418; x_wconf 86' lang='lat' dir='ltr'><strong>unam</strong></span> <span class='ocrx_word' id='word_1_732' title='bbox 2195 3363 2401 3417; x_wconf 83' lang='lat' dir='ltr'><strong>donmm</strong></span> <span class='ocrx_word' id='word_1_733' title='bbox 2440 3365 2762 3434; x_wconf 83' lang='lat' dir='ltr'><strong>conjunctant</strong></span> <span class='ocrx_word' id='word_1_734' title='bbox 2805 3365 2850 3419; x_wconf 88' lang='lat' dir='ltr'><strong>ei</strong></span> <span class='ocrx_word' id='word_1_735' title='bbox 2898 3363 3086 3435; x_wconf 79' lang='lat' dir='ltr'><strong>(Mich.</strong></span> <span class='ocrx_word' id='word_1_736' title='bbox 3121 3367 3172 3420; x_wconf 81' lang='lat' dir='ltr'><strong>l.</strong></span> <span class='ocrx_word' id='word_1_737' title='bbox 3204 3366 3318 3436; x_wconf 76' lang='grc'><strong>11).</strong></span> <span class='ocrx_word' id='word_1_738' title='bbox 3351 3365 3605 3434; x_wconf 78' lang='lat' dir='ltr'><strong>Quamvis</strong></span> 
     </span>
    </p>
   </div>
   <div class='ocr_carea' id='block_1_94' title="bbox 1995 3452 3599 3522">
    <p class='ocr_par' dir='ltr' id='par_1_94' title="bbox 1995 3452 3599 3522">
     <span class='ocr_line' id='line_1_96' title="bbox 1995 3452 3599 3522; baseline 0.004 -14"><span class='ocrx_word' id='word_1_739' title='bbox 1995 3452 2218 3522; x_wconf 80' lang='lat' dir='ltr'><strong>Joseph,</strong></span> <span class='ocrx_word' id='word_1_740' title='bbox 2258 3453 2310 3508; x_wconf 90' lang='lat' dir='ltr'><strong>id</strong></span> <span class='ocrx_word' id='word_1_741' title='bbox 2338 3464 2442 3519; x_wconf 90' lang='lat' dir='ltr'><strong>est,</strong></span> <span class='ocrx_word' id='word_1_742' title='bbox 2472 3455 2640 3508; x_wconf 89' lang='lat' dir='ltr'><strong>tribus</strong></span> <span class='ocrx_word' id='word_1_743' title='bbox 2663 3469 2730 3508; x_wconf 89' lang='lat' dir='ltr'><strong>ex</strong></span> <span class='ocrx_word' id='word_1_744' title='bbox 2764 3454 2856 3508; x_wconf 87' lang='lat' dir='ltr'><strong>illo</strong></span> <span class='ocrx_word' id='word_1_745' title='bbox 2885 3463 3020 3510; x_wconf 58' lang='lat' dir='ltr'><strong>ortas</strong></span> <span class='ocrx_word' id='word_1_746' title='bbox 3045 3471 3110 3511; x_wconf 93' lang='lat' dir='ltr'><strong>ac</strong></span> <span class='ocrx_word' id='word_1_747' title='bbox 3138 3457 3442 3522; x_wconf 85' lang='lat' dir='ltr'><strong>vicini,Dei</strong></span> <span class='ocrx_word' id='word_1_748' title='bbox 3468 3468 3599 3514; x_wconf 88' lang='lat' dir='ltr'><strong>nutu</strong></span> 
     </span>
    </p>
   </div>
   <div class='ocr_carea' id='block_1_95' title="bbox 1999 3545 3606 3614">
    <p class='ocr_par' dir='ltr' id='par_1_95' title="bbox 1999 3545 3606 3614">
     <span class='ocr_line' id='line_1_97' title="bbox 1999 3545 3606 3614; baseline 0.004 -16"><span class='ocrx_word' id='word_1_749' title='bbox 1999 3545 2356 3614; x_wconf 85' lang='lat' dir='ltr'><strong>punirentur;</strong></span> <span class='ocrx_word' id='word_1_750' title='bbox 2399 3545 2491 3600; x_wconf 87' lang='lat' dir='ltr'><strong>sed</strong></span> <span class='ocrx_word' id='word_1_751' title='bbox 2522 3547 2634 3600; x_wconf 85' lang='lat' dir='ltr'><strong>vult</strong></span> <span class='ocrx_word' id='word_1_752' title='bbox 2666 3559 2764 3600; x_wconf 93' lang='lat' dir='ltr'><strong>nos</strong></span> <span class='ocrx_word' id='word_1_753' title='bbox 2790 3545 2898 3600; x_wconf 92' lang='lat' dir='ltr'><strong>illis</strong></span> <span class='ocrx_word' id='word_1_754' title='bbox 2927 3545 3236 3602; x_wconf 90' lang='lat' dir='ltr'><strong>condolere.</strong></span> <span class='ocrx_word' id='word_1_755' title='bbox 3271 3545 3404 3602; x_wconf 85' lang='lat' dir='ltr'><strong>Nam</strong></span> <span class='ocrx_word' id='word_1_756' title='bbox 3435 3549 3482 3604; x_wconf 85' lang='lat' dir='ltr'><strong>si</strong></span> <span class='ocrx_word' id='word_1_757' title='bbox 3509 3563 3606 3604; x_wconf 84' lang='lat' dir='ltr'><strong>nos</strong></span> 
     </span>
    </p>
   </div>
   <div class='ocr_carea' id='block_1_96' title="bbox 1996 3637 3606 3710">
    <p class='ocr_par' dir='ltr' id='par_1_96' title="bbox 1996 3637 3606 3710">
     <span class='ocr_line' id='line_1_98' title="bbox 1996 3637 3606 3710; baseline 0.003 -20"><span class='ocrx_word' id='word_1_758' title='bbox 1996 3638 2086 3706; x_wconf 83' lang='lat' dir='ltr'><strong>qui</strong></span> <span class='ocrx_word' id='word_1_759' title='bbox 2119 3637 2344 3707; x_wconf 90' lang='lat' dir='ltr'><strong>improbi</strong></span> <span class='ocrx_word' id='word_1_760' title='bbox 2376 3652 2581 3702; x_wconf 89' lang='lat' dir='ltr'><strong>sumus,</strong></span> <span class='ocrx_word' id='word_1_761' title='bbox 2605 3653 2728 3693; x_wconf 91' lang='lat' dir='ltr'><strong>cum</strong></span> <span class='ocrx_word' id='word_1_762' title='bbox 2753 3652 2966 3693; x_wconf 83' lang='lat' dir='ltr'><strong>servum</strong></span> <span class='ocrx_word' id='word_1_763' title='bbox 2995 3638 3340 3709; x_wconf 86' lang='lat' dir='ltr'><strong>castigamus,</strong></span> <span class='ocrx_word' id='word_1_764' title='bbox 3372 3641 3415 3694; x_wconf 90' lang='lat' dir='ltr'><strong>si</strong></span> <span class='ocrx_word' id='word_1_765' title='bbox 3444 3655 3606 3710; x_wconf 90' lang='lat' dir='ltr'><strong>quem</strong></span> 
     </span>
    </p>
   </div>
   <div class='ocr_carea' id='block_1_97' title="bbox 1997 3729 3603 3801">
    <p class='ocr_par' dir='ltr' id='par_1_97' title="bbox 1997 3729 3603 3801">
     <span class='ocr_line' id='line_1_99' title="bbox 1997 3729 3603 3801; baseline 0.002 -17"><span class='ocrx_word' id='word_1_766' title='bbox 1997 3744 2382 3785; x_wconf 88' lang='lat' dir='ltr'><strong>conservorum</strong></span> <span class='ocrx_word' id='word_1_767' title='bbox 2413 3730 2677 3786; x_wconf 85' lang='lat' dir='ltr'><strong>ridentem</strong></span> <span class='ocrx_word' id='word_1_768' title='bbox 2706 3729 3005 3796; x_wconf 87' lang='lat' dir='ltr'><strong>videamus,</strong></span> <span class='ocrx_word' id='word_1_769' title='bbox 3031 3731 3202 3801; x_wconf 83' lang='lat' dir='ltr'><strong>magis</strong></span> <span class='ocrx_word' id='word_1_770' title='bbox 3227 3729 3568 3800; x_wconf 85' lang='lat' dir='ltr'><strong>indignamur</strong></span> <span class='ocrx_word' id='word_1_771' title='bbox 3586 3773 3603 3798; x_wconf 91' lang='lat'><strong>,</strong></span> 
     </span>
    </p>
   </div>
   <div class='ocr_carea' id='block_1_98' title="bbox 1998 3821 3606 3892">
    <p class='ocr_par' dir='ltr' id='par_1_98' title="bbox 1998 3821 3606 3892">
     <span class='ocr_line' id='line_1_100' title="bbox 1998 3821 3606 3892; baseline 0.001 -16"><span class='ocrx_word' id='word_1_772' title='bbox 1998 3829 2053 3876; x_wconf 90' lang='lat' dir='ltr'><strong>ct</strong></span> <span class='ocrx_word' id='word_1_773' title='bbox 2099 3821 2153 3876; x_wconf 90' lang='lat' dir='ltr'><strong>in</strong></span> <span class='ocrx_word' id='word_1_774' title='bbox 2203 3821 2351 3876; x_wconf 90' lang='lat' dir='ltr'><strong>illum</strong></span> <span class='ocrx_word' id='word_1_775' title='bbox 2403 3821 2538 3875; x_wconf 88' lang='lat' dir='ltr'><strong>iram</strong></span> <span class='ocrx_word' id='word_1_776' title='bbox 2588 3822 2998 3876; x_wconf 87' lang='lat' dir='ltr'><strong>convertimus:</strong></span> <span class='ocrx_word' id='word_1_777' title='bbox 3031 3821 3201 3877; x_wconf 88' lang='lat' dir='ltr'><strong>multo</strong></span> <span class='ocrx_word' id='word_1_778' title='bbox 3245 3823 3415 3892; x_wconf 87' lang='lat' dir='ltr'><strong>magis</strong></span> <span class='ocrx_word' id='word_1_779' title='bbox 3461 3822 3606 3878; x_wconf 86' lang='lat' dir='ltr'><strong>Deus</strong></span> 
     </span>
    </p>
   </div>
   <div class='ocr_carea' id='block_1_99' title="bbox 1999 3911 3606 3983">
    <p class='ocr_par' dir='ltr' id='par_1_99' title="bbox 1999 3911 3606 3983">
     <span class='ocr_line' id='line_1_101' title="bbox 1999 3911 3606 3983; baseline -0.001 -14"><span class='ocrx_word' id='word_1_780' title='bbox 1999 3927 2186 3983; x_wconf 72' lang='lat' dir='ltr'><strong>pmnas</strong></span> <span class='ocrx_word' id='word_1_781' title='bbox 2217 3922 2423 3983; x_wconf 89' lang='lat' dir='ltr'><strong>repetet</strong></span> <span class='ocrx_word' id='word_1_782' title='bbox 2447 3911 2514 3966; x_wconf 91' lang='lat' dir='ltr'><strong>ab</strong></span> <span class='ocrx_word' id='word_1_783' title='bbox 2538 3912 2622 3978; x_wconf 91' lang='lat' dir='ltr'><strong>iis,</strong></span> <span class='ocrx_word' id='word_1_784' title='bbox 2648 3911 2737 3982; x_wconf 89' lang='lat' dir='ltr'><strong>qui</strong></span> <span class='ocrx_word' id='word_1_785' title='bbox 2764 3911 2832 3967; x_wconf 88' lang='lat' dir='ltr'><strong>de</strong></span> <span class='ocrx_word' id='word_1_786' title='bbox 2861 3911 3139 3981; x_wconf 90' lang='lat' dir='ltr'><strong>suppliciis</strong></span> <span class='ocrx_word' id='word_1_787' title='bbox 3164 3913 3387 3967; x_wconf 88' lang='lat' dir='ltr'><strong>aliorum</strong></span> <span class='ocrx_word' id='word_1_788' title='bbox 3412 3912 3606 3968; x_wconf 66' lang='lat' dir='ltr'><strong>lmtau-</strong></span> 
     </span>
    </p>
   </div>
   <div class='ocr_carea' id='block_1_100' title="bbox 2005 4003 3606 4073">
    <p class='ocr_par' dir='ltr' id='par_1_100' title="bbox 2005 4003 3606 4073">
     <span class='ocr_line' id='line_1_102' title="bbox 2005 4003 3606 4073; baseline 0.001 -13"><span class='ocrx_word' id='word_1_789' title='bbox 2005 4016 2111 4060; x_wconf 91' lang='lat' dir='ltr'><strong>tur.</strong></span> <span class='ocrx_word' id='word_1_790' title='bbox 2147 4004 2299 4071; x_wconf 88' lang='lat' dir='ltr'><strong>Quod</strong></span> <span class='ocrx_word' id='word_1_791' title='bbox 2333 4006 2377 4058; x_wconf 92' lang='lat' dir='ltr'><strong>si</strong></span> <span class='ocrx_word' id='word_1_792' title='bbox 2411 4005 2464 4059; x_wconf 91' lang='lat' dir='ltr'><strong>in</strong></span> <span class='ocrx_word' id='word_1_793' title='bbox 2494 4018 2590 4060; x_wconf 88' lang='lat' dir='ltr'><strong>eos</strong></span> <span class='ocrx_word' id='word_1_794' title='bbox 2616 4004 2705 4073; x_wconf 87' lang='lat' dir='ltr'><strong>qui</strong></span> <span class='ocrx_word' id='word_1_795' title='bbox 2735 4019 2766 4058; x_wconf 88' lang='lat' dir='ltr'><strong>a</strong></span> <span class='ocrx_word' id='word_1_796' title='bbox 2797 4004 2908 4058; x_wconf 89' lang='lat' dir='ltr'><strong>Deo</strong></span> <span class='ocrx_word' id='word_1_797' title='bbox 2951 4003 3242 4073; x_wconf 88' lang='lat' dir='ltr'><strong>puniuntur</strong></span> <span class='ocrx_word' id='word_1_798' title='bbox 3283 4020 3387 4060; x_wconf 86' lang='lat' dir='ltr'><strong>nou</strong></span> <span class='ocrx_word' id='word_1_799' title='bbox 3428 4005 3606 4061; x_wconf 83' lang='lat' dir='ltr'><strong>insur-</strong></span> 
     </span>
    </p>
   </div>
   <div class='ocr_carea' id='block_1_101' title="bbox 1996 4095 3603 4168">
    <p class='ocr_par' dir='ltr' id='par_1_101' title="bbox 1996 4095 3603 4168">
     <span class='ocr_line' id='line_1_103' title="bbox 1996 4095 3603 4168; baseline -0.001 -16"><span class='ocrx_word' id='word_1_800' title='bbox 1996 4113 2145 4168; x_wconf 87' lang='lat' dir='ltr'><strong>gere,</strong></span> <span class='ocrx_word' id='word_1_801' title='bbox 2174 4095 2268 4151; x_wconf 90' lang='lat' dir='ltr'><strong>sed</strong></span> <span class='ocrx_word' id='word_1_802' title='bbox 2301 4096 2406 4151; x_wconf 91' lang='lat' dir='ltr'><strong>illis</strong></span> <span class='ocrx_word' id='word_1_803' title='bbox 2434 4095 2722 4152; x_wconf 89' lang='lat' dir='ltr'><strong>condolere</strong></span> <span class='ocrx_word' id='word_1_804' title='bbox 2751 4106 2986 4165; x_wconf 90' lang='lat' dir='ltr'><strong>oportet,</strong></span> <span class='ocrx_word' id='word_1_805' title='bbox 3027 4095 3198 4149; x_wconf 90' lang='lat' dir='ltr'><strong>multo</strong></span> <span class='ocrx_word' id='word_1_806' title='bbox 3227 4097 3396 4166; x_wconf 85' lang='lat' dir='ltr'><strong>magis</strong></span> <span class='ocrx_word' id='word_1_807' title='bbox 3424 4096 3487 4151; x_wconf 91' lang='lat' dir='ltr'><strong>iis</strong></span> <span class='ocrx_word' id='word_1_808' title='bbox 3513 4097 3603 4166; x_wconf 91' lang='lat' dir='ltr'><strong>qui</strong></span> 
     </span>
    </p>
   </div>
   <div class='ocr_carea' id='block_1_102' title="bbox 1997 4187 3603 4259">
    <p class='ocr_par' dir='ltr' id='par_1_102' title="bbox 1997 4187 3603 4259">
     <span class='ocr_line' id='line_1_104' title="bbox 1997 4187 3603 4259; baseline 0 -16"><span class='ocrx_word' id='word_1_809' title='bbox 1997 4200 2182 4244; x_wconf 89' lang='lat' dir='ltr'><strong>contra</strong></span> <span class='ocrx_word' id='word_1_810' title='bbox 2209 4204 2304 4244; x_wconf 87' lang='lat' dir='ltr'><strong>nos</strong></span> <span class='ocrx_word' id='word_1_811' title='bbox 2335 4196 2641 4259; x_wconf 88' lang='lat' dir='ltr'><strong>peccarunt.</strong></span> <span class='ocrx_word' id='word_1_812' title='bbox 2665 4188 2777 4242; x_wconf 82' lang='lat' dir='ltr'><strong>Hoc</strong></span> <span class='ocrx_word' id='word_1_813' title='bbox 2798 4187 2940 4242; x_wconf 90' lang='lat' dir='ltr'><strong>enim</strong></span> <span class='ocrx_word' id='word_1_814' title='bbox 2963 4187 3203 4242; x_wconf 89' lang='lat' dir='ltr'><strong>caritatis</strong></span> <span class='ocrx_word' id='word_1_815' title='bbox 3227 4197 3603 4258; x_wconf 86' lang='lat' dir='ltr'><strong>argumentum</strong></span> 
     </span>
    </p>
   </div>
   <div class='ocr_carea' id='block_1_103' title="bbox 1997 4278 3602 4349">
    <p class='ocr_par' dir='ltr' id='par_1_103' title="bbox 1997 4278 3602 4349">
     <span class='ocr_line' id='line_1_105' title="bbox 1997 4278 3602 4349; baseline -0.002 -11"><span class='ocrx_word' id='word_1_816' title='bbox 1997 4293 2099 4349; x_wconf 90' lang='lat' dir='ltr'><strong>est,</strong></span> <span class='ocrx_word' id='word_1_817' title='bbox 2134 4282 2271 4336; x_wconf 88' lang='lat' dir='ltr'><strong>hanc</strong></span> <span class='ocrx_word' id='word_1_818' title='bbox 2297 4296 2426 4337; x_wconf 86' lang='lat' dir='ltr'><strong>vero</strong></span> <span class='ocrx_word' id='word_1_819' title='bbox 2461 4280 2714 4335; x_wconf 90' lang='lat' dir='ltr'><strong>omnibus</strong></span> <span class='ocrx_word' id='word_1_820' title='bbox 2751 4281 3030 4348; x_wconf 86' lang='lat' dir='ltr'><strong>anteponit</strong></span> <span class='ocrx_word' id='word_1_821' title='bbox 3055 4279 3216 4335; x_wconf 89' lang='lat' dir='ltr'><strong>Deus.</strong></span> <span class='ocrx_word' id='word_1_822' title='bbox 3239 4278 3602 4345; x_wconf 89' lang='lat' dir='ltr'><strong>Quemadmo-</strong></span> 
     </span>
    </p>
   </div>
   <div class='ocr_carea' id='block_1_104' title="bbox 1996 4370 3604 4443">
    <p class='ocr_par' dir='ltr' id='par_1_104' title="bbox 1996 4370 3604 4443">
     <span class='ocr_line' id='line_1_106' title="bbox 1996 4370 3604 4443; baseline -0.001 -14"><span class='ocrx_word' id='word_1_823' title='bbox 1996 4374 2123 4430; x_wconf 90' lang='lat' dir='ltr'><strong>dum</strong></span> <span class='ocrx_word' id='word_1_824' title='bbox 2168 4375 2310 4427; x_wconf 91' lang='lat' dir='ltr'><strong>enim</strong></span> <span class='ocrx_word' id='word_1_825' title='bbox 2361 4373 2413 4428; x_wconf 92' lang='lat' dir='ltr'><strong>in</strong></span> <span class='ocrx_word' id='word_1_826' title='bbox 2448 4386 2681 4443; x_wconf 89' lang='lat' dir='ltr'><strong>purpura</strong></span> <span class='ocrx_word' id='word_1_827' title='bbox 2728 4372 2874 4440; x_wconf 86' lang='lat' dir='ltr'><strong>regia</strong></span> <span class='ocrx_word' id='word_1_828' title='bbox 2925 4371 3002 4425; x_wconf 90' lang='lat' dir='ltr'><strong>illi</strong></span> <span class='ocrx_word' id='word_1_829' title='bbox 3052 4370 3232 4436; x_wconf 84' lang='lat' dir='ltr'><strong>ﬁorcs,</strong></span> <span class='ocrx_word' id='word_1_830' title='bbox 3282 4371 3354 4426; x_wconf 93' lang='lat' dir='ltr'><strong>illi</strong></span> <span class='ocrx_word' id='word_1_831' title='bbox 3395 4372 3604 4427; x_wconf 87' lang='lat' dir='ltr'><strong>colores</strong></span> 
     </span>
    </p>
   </div>
   <div class='ocr_carea' id='block_1_105' title="bbox 1997 4462 3602 4535">
    <p class='ocr_par' dir='ltr' id='par_1_105' title="bbox 1997 4462 3602 4535">
     <span class='ocr_line' id='line_1_107' title="bbox 1997 4462 3602 4535; baseline 0 -15"><span class='ocrx_word' id='word_1_832' title='bbox 1997 4465 2217 4535; x_wconf 89' lang='lat' dir='ltr'><strong>pretiosi</strong></span> <span class='ocrx_word' id='word_1_833' title='bbox 2247 4472 2391 4531; x_wconf 90' lang='lat' dir='ltr'><strong>sunt,</strong></span> <span class='ocrx_word' id='word_1_834' title='bbox 2421 4465 2513 4534; x_wconf 88' lang='lat' dir='ltr'><strong>qui</strong></span> <span class='ocrx_word' id='word_1_835' title='bbox 2540 4462 2875 4535; x_wconf 84' lang='lat' dir='ltr'><strong>chlamydem</strong></span> <span class='ocrx_word' id='word_1_836' title='bbox 2905 4464 2982 4518; x_wconf 89' lang='lat' dir='ltr'><strong>sic</strong></span> <span class='ocrx_word' id='word_1_837' title='bbox 3002 4474 3268 4518; x_wconf 84' lang='lat' dir='ltr'><strong>exornant</strong></span> <span class='ocrx_word' id='word_1_838' title='bbox 3290 4462 3397 4518; x_wconf 89' lang='lat' dir='ltr'><strong>:sic</strong></span> <span class='ocrx_word' id='word_1_839' title='bbox 3418 4475 3472 4518; x_wconf 89' lang='lat' dir='ltr'><strong>et</strong></span> <span class='ocrx_word' id='word_1_840' title='bbox 3493 4465 3602 4520; x_wconf 66' lang='lat' dir='ltr'><strong>illa:</strong></span> 
     </span>
    </p>
   </div>
   <div class='ocr_carea' id='block_1_106' title="bbox 1997 4554 3598 4627">
    <p class='ocr_par' dir='ltr' id='par_1_106' title="bbox 1997 4554 3598 4627">
     <span class='ocr_line' id='line_1_108' title="bbox 1997 4554 3598 4627; baseline 0 -17"><span class='ocrx_word' id='word_1_841' title='bbox 1997 4558 2247 4627; x_wconf 75' lang='lat' dir='ltr'><strong>pretiosa:</strong></span> <span class='ocrx_word' id='word_1_842' title='bbox 2294 4556 2519 4610; x_wconf 84' lang='lat' dir='ltr'><strong>virtutes</strong></span> <span class='ocrx_word' id='word_1_843' title='bbox 2571 4565 2731 4620; x_wconf 88' lang='lat' dir='ltr'><strong>sunt,</strong></span> <span class='ocrx_word' id='word_1_844' title='bbox 2783 4570 2904 4623; x_wconf 81' lang='lat' dir='ltr'><strong>quae</strong></span> <span class='ocrx_word' id='word_1_845' title='bbox 2947 4555 3226 4608; x_wconf 90' lang='lat' dir='ltr'><strong>caritatem</strong></span> <span class='ocrx_word' id='word_1_846' title='bbox 3270 4554 3598 4610; x_wconf 87' lang='lat' dir='ltr'><strong>contineant.</strong></span> 
     </span>
    </p>
   </div>
   <div class='ocr_carea' id='block_1_107' title="bbox 1995 4645 3601 4716">
    <p class='ocr_par' dir='ltr' id='par_1_107' title="bbox 1995 4645 3601 4716">
     <span class='ocr_line' id='line_1_109' title="bbox 1995 4645 3601 4716; baseline -0.002 -13"><span class='ocrx_word' id='word_1_847' title='bbox 1995 4647 2138 4703; x_wconf 84' lang='lat' dir='ltr'><strong>Nihil</strong></span> <span class='ocrx_word' id='word_1_848' title='bbox 2170 4657 2347 4703; x_wconf 89' lang='lat' dir='ltr'><strong>autem</strong></span> <span class='ocrx_word' id='word_1_849' title='bbox 2386 4647 2460 4703; x_wconf 91' lang='lat' dir='ltr'><strong>ita</strong></span> <span class='ocrx_word' id='word_1_850' title='bbox 2488 4647 2762 4702; x_wconf 87' lang='lat' dir='ltr'><strong>caritatem</strong></span> <span class='ocrx_word' id='word_1_851' title='bbox 2792 4654 3009 4713; x_wconf 89' lang='lat' dir='ltr'><strong>servat,</strong></span> <span class='ocrx_word' id='word_1_852' title='bbox 3043 4655 3102 4701; x_wconf 89' lang='lat' dir='ltr'><strong>ut</strong></span> <span class='ocrx_word' id='word_1_853' title='bbox 3129 4645 3327 4700; x_wconf 89' lang='lat' dir='ltr'><strong>oblivio</strong></span> <span class='ocrx_word' id='word_1_854' title='bbox 3350 4657 3601 4716; x_wconf 81' lang='lat' dir='ltr'><strong>peccato-</strong></span> 
     </span>
    </p>
   </div>
   <div class='ocr_carea' id='block_1_108' title="bbox 1996 4737 3600 4810">
    <p class='ocr_par' dir='ltr' id='par_1_108' title="bbox 1996 4737 3600 4810">
     <span class='ocr_line' id='line_1_110' title="bbox 1996 4737 3600 4810; baseline 0 -15"><span class='ocrx_word' id='word_1_855' title='bbox 1996 4756 2148 4805; x_wconf 89' lang='lat' dir='ltr'><strong>rum,</strong></span> <span class='ocrx_word' id='word_1_856' title='bbox 2196 4755 2317 4810; x_wconf 77' lang='lat' dir='ltr'><strong>quze</strong></span> <span class='ocrx_word' id='word_1_857' title='bbox 2361 4740 2414 4794; x_wconf 91' lang='lat' dir='ltr'><strong>in</strong></span> <span class='ocrx_word' id='word_1_858' title='bbox 2464 4754 2564 4794; x_wconf 88' lang='lat' dir='ltr'><strong>nos</strong></span> <span class='ocrx_word' id='word_1_859' title='bbox 2608 4737 2841 4793; x_wconf 88' lang='lat' dir='ltr'><strong>admissa</strong></span> <span class='ocrx_word' id='word_1_860' title='bbox 2887 4747 3034 4794; x_wconf 90' lang='lat' dir='ltr'><strong>sunt.</strong></span> <span class='ocrx_word' id='word_1_861' title='bbox 3079 4739 3274 4793; x_wconf 82' lang='lat' dir='ltr'><strong>Annon</strong></span> <span class='ocrx_word' id='word_1_862' title='bbox 3322 4737 3391 4793; x_wconf 90' lang='lat' dir='ltr'><strong>de</strong></span> <span class='ocrx_word' id='word_1_863' title='bbox 3431 4739 3600 4795; x_wconf 88' lang='lat' dir='ltr'><strong>altera</strong></span> 
     </span>
    </p>
   </div>
   <div class='ocr_carea' id='block_1_109' title="bbox 1996 4829 3612 4902">
    <p class='ocr_par' dir='ltr' id='par_1_109' title="bbox 1996 4829 3612 4902">
     <span class='ocr_line' id='line_1_111' title="bbox 1996 4829 3612 4902; baseline -0.001 -16"><span class='ocrx_word' id='word_1_864' title='bbox 1996 4841 2149 4902; x_wconf 88' lang='lat' dir='ltr'><strong>parte</strong></span> <span class='ocrx_word' id='word_1_865' title='bbox 2177 4831 2381 4887; x_wconf 81' lang='lat' dir='ltr'><strong>curavit</strong></span> <span class='ocrx_word' id='word_1_866' title='bbox 2407 4831 2545 4887; x_wconf 90' lang='lat' dir='ltr'><strong>Deus</strong></span> <span class='ocrx_word' id='word_1_867' title='bbox 2561 4832 2597 4901; x_wconf 82' lang='lat'><strong>?_</strong></span> <span class='ocrx_word' id='word_1_868' title='bbox 2613 4845 2791 4885; x_wconf 90' lang='lat' dir='ltr'><strong>annon</strong></span> <span class='ocrx_word' id='word_1_869' title='bbox 2820 4830 2965 4885; x_wconf 89' lang='lat' dir='ltr'><strong>misit</strong></span> <span class='ocrx_word' id='word_1_870' title='bbox 2983 4829 3266 4886; x_wconf 68' lang='lat' dir='ltr'><strong>laedentem</strong></span> <span class='ocrx_word' id='word_1_871' title='bbox 3290 4830 3356 4885; x_wconf 89' lang='lat' dir='ltr'><strong>ad</strong></span> <span class='ocrx_word' id='word_1_872' title='bbox 3379 4830 3565 4886; x_wconf 69' lang='lat' dir='ltr'><strong>laesum</strong></span> <span class='ocrx_word' id='word_1_873' title='bbox 3589 4833 3612 4885; x_wconf 89' lang='lat'><strong>?</strong></span> 
     </span>
    </p>
   </div>
   <div class='ocr_carea' id='block_1_110' title="bbox 1996 4921 3599 4992">
    <p class='ocr_par' dir='ltr' id='par_1_110' title="bbox 1996 4921 3599 4992">
     <span class='ocr_line' id='line_1_112' title="bbox 1996 4921 3599 4992; baseline -0.001 -14"><span class='ocrx_word' id='word_1_874' title='bbox 1996 4939 2175 4979; x_wconf 83' lang='lat' dir='ltr'><strong>annon</strong></span> <span class='ocrx_word' id='word_1_875' title='bbox 2201 4925 2270 4978; x_wconf 92' lang='lat' dir='ltr'><strong>ab</strong></span> <span class='ocrx_word' id='word_1_876' title='bbox 2295 4923 2450 4978; x_wconf 90' lang='lat' dir='ltr'><strong>altari</strong></span> <span class='ocrx_word' id='word_1_877' title='bbox 2491 4922 2560 4977; x_wconf 91' lang='lat' dir='ltr'><strong>ad</strong></span> <span class='ocrx_word' id='word_1_878' title='bbox 2587 4921 2838 4978; x_wconf 90' lang='lat' dir='ltr'><strong>eumdem</strong></span> <span class='ocrx_word' id='word_1_879' title='bbox 2872 4921 3048 4991; x_wconf 88' lang='lat' dir='ltr'><strong>ipsum</strong></span> <span class='ocrx_word' id='word_1_880' title='bbox 3087 4921 3252 4984; x_wconf 88' lang='lat' dir='ltr'><strong>misit,</strong></span> <span class='ocrx_word' id='word_1_881' title='bbox 3283 4931 3337 4976; x_wconf 91' lang='lat' dir='ltr'><strong>et</strong></span> <span class='ocrx_word' id='word_1_882' title='bbox 3365 4933 3485 4992; x_wconf 88' lang='lat' dir='ltr'><strong>post</strong></span> <span class='ocrx_word' id='word_1_883' title='bbox 3511 4937 3599 4977; x_wconf 87' lang='lat' dir='ltr'><strong>re-</strong></span> 
     </span>
    </p>
   </div>
   <div class='ocr_carea' id='block_1_111' title="bbox 1993 5009 3602 5085">
    <p class='ocr_par' dir='ltr' id='par_1_111' title="bbox 1993 5009 3602 5085">
     <span class='ocr_line' id='line_1_113' title="bbox 1993 5009 3602 5085; baseline -0.004 -15"><span class='ocrx_word' id='word_1_884' title='bbox 1993 5015 2422 5070; x_wconf 89' lang='lat' dir='ltr'><strong>conciliationem</strong></span> <span class='ocrx_word' id='word_1_885' title='bbox 2454 5013 2520 5067; x_wconf 90' lang='lat' dir='ltr'><strong>ad</strong></span> <span class='ocrx_word' id='word_1_886' title='bbox 2543 5028 2785 5069; x_wconf 88' lang='lat' dir='ltr'><strong>mensam</strong></span> <span class='ocrx_word' id='word_1_887' title='bbox 2803 5022 2961 5067; x_wconf 85' lang='lat' dir='ltr'><strong>vocat</strong></span> <span class='ocrx_word' id='word_1_888' title='bbox 2983 5011 3133 5066; x_wconf 89' lang='lat' dir='ltr'><strong>illutn</strong></span> <span class='ocrx_word' id='word_1_889' title='bbox 3153 5009 3368 5085; x_wconf 72' lang='lat' dir='ltr'><strong>(Matth.</strong></span> <span class='ocrx_word' id='word_1_890' title='bbox 3390 5014 3444 5068; x_wconf 87' lang='grc'><strong>5.</strong></span> <span class='ocrx_word' id='word_1_891' title='bbox 3462 5013 3558 5083; x_wconf 77' lang='lat'><strong>9.5)</strong></span> <span class='ocrx_word' id='word_1_892' title='bbox 3575 5015 3602 5064; x_wconf 74' lang='grc' dir='ltr'><em>τ</em></span> 
     </span>
    </p>
   </div>
   <div class='ocr_carea' id='block_1_112' title="bbox 1992 5102 3596 5174">
    <p class='ocr_par' dir='ltr' id='par_1_112' title="bbox 1992 5102 3596 5174">
     <span class='ocr_line' id='line_1_114' title="bbox 1992 5102 3596 5174; baseline -0.002 -12"><span class='ocrx_word' id='word_1_893' title='bbox 1992 5107 2064 5163; x_wconf 81' lang='lat' dir='ltr'><strong>At</strong></span> <span class='ocrx_word' id='word_1_894' title='bbox 2095 5116 2148 5161; x_wconf 92' lang='lat' dir='ltr'><strong>tu</strong></span> <span class='ocrx_word' id='word_1_895' title='bbox 2179 5122 2248 5162; x_wconf 92' lang='lat' dir='ltr'><strong>ne</strong></span> <span class='ocrx_word' id='word_1_896' title='bbox 2277 5105 2398 5161; x_wconf 89' lang='lat' dir='ltr'><strong>ideo</strong></span> <span class='ocrx_word' id='word_1_897' title='bbox 2427 5112 2715 5174; x_wconf 86' lang='lat' dir='ltr'><strong>exspectes</strong></span> <span class='ocrx_word' id='word_1_898' title='bbox 2741 5104 2889 5158; x_wconf 91' lang='lat' dir='ltr'><strong>illum</strong></span> <span class='ocrx_word' id='word_1_899' title='bbox 2916 5120 2931 5158; x_wconf 93' lang='lat'>:</span> <span class='ocrx_word' id='word_1_900' title='bbox 2955 5102 3190 5174; x_wconf 81' lang='lat' dir='ltr'><strong>alioquin</strong></span> <span class='ocrx_word' id='word_1_901' title='bbox 3218 5110 3386 5158; x_wconf 89' lang='lat' dir='ltr'><strong>totum</strong></span> <span class='ocrx_word' id='word_1_902' title='bbox 3414 5103 3596 5174; x_wconf 88' lang='lat' dir='ltr'><strong>perdi-</strong></span> 
     </span>
    </p>
   </div>
   <div class='ocr_carea' id='block_1_113' title="bbox 1992 5193 3596 5269">
    <p class='ocr_par' dir='ltr' id='par_1_113' title="bbox 1992 5193 3596 5269">
     <span class='ocr_line' id='line_1_115' title="bbox 1992 5193 3596 5269; baseline -0.003 -15"><span class='ocrx_word' id='word_1_903' title='bbox 1992 5198 2139 5254; x_wconf 90' lang='lat' dir='ltr'><strong>disti.</strong></span> <span class='ocrx_word' id='word_1_904' title='bbox 2169 5197 2462 5269; x_wconf 80' lang='lat' dir='ltr'><strong>Pr0pte&#39;rea</strong></span> <span class='ocrx_word' id='word_1_905' title='bbox 2484 5196 2628 5251; x_wconf 88' lang='lat' dir='ltr'><strong>enim</strong></span> <span class='ocrx_word' id='word_1_906' title='bbox 2655 5194 2981 5252; x_wconf 82' lang='lat' dir='ltr'><strong>inelfabilem</strong></span> <span class='ocrx_word' id='word_1_907' title='bbox 3009 5194 3103 5249; x_wconf 89' lang='lat' dir='ltr'><strong>tibi</strong></span> <span class='ocrx_word' id='word_1_908' title='bbox 3128 5193 3432 5251; x_wconf 85' lang='lat' dir='ltr'><strong>mercedem</strong></span> <span class='ocrx_word' id='word_1_909' title='bbox 3460 5210 3596 5250; x_wconf 87' lang='lat' dir='ltr'><strong>con-</strong></span> 
     </span>
    </p>
   </div>
   <div class='ocr_carea' id='block_1_114' title="bbox 1993 5287 3595 5361">
    <p class='ocr_par' dir='ltr' id='par_1_114' title="bbox 1993 5287 3595 5361">
     <span class='ocr_line' id='line_1_116' title="bbox 1993 5287 3595 5361; baseline -0.005 -13"><span class='ocrx_word' id='word_1_910' title='bbox 1993 5292 2185 5357; x_wconf 87' lang='lat' dir='ltr'><strong>stituit,</strong></span> <span class='ocrx_word' id='word_1_911' title='bbox 2207 5288 2282 5345; x_wconf 72' lang='grc' dir='ltr'><strong>Ίιι</strong></span> <span class='ocrx_word' id='word_1_912' title='bbox 2315 5290 2616 5361; x_wconf 70' lang='lat' dir='ltr'><strong>prmveuias</strong></span> <span class='ocrx_word' id='word_1_913' title='bbox 2646 5289 2852 5360; x_wconf 89' lang='lat' dir='ltr'><strong>ipsum;</strong></span> <span class='ocrx_word' id='word_1_914' title='bbox 2884 5287 2955 5343; x_wconf 89' lang='lat' dir='ltr'><strong>ita</strong></span> <span class='ocrx_word' id='word_1_915' title='bbox 2989 5296 3042 5342; x_wconf 93' lang='lat' dir='ltr'><strong>ut</strong></span> <span class='ocrx_word' id='word_1_916' title='bbox 3076 5287 3120 5343; x_wconf 90' lang='lat' dir='ltr'><strong>si</strong></span> <span class='ocrx_word' id='word_1_917' title='bbox 3151 5298 3372 5357; x_wconf 86' lang='lat' dir='ltr'><strong>rogatus</strong></span> <span class='ocrx_word' id='word_1_918' title='bbox 3400 5303 3595 5343; x_wconf 86' lang='lat' dir='ltr'><strong>recou-</strong></span> 
     </span>
    </p>
   </div>
   <div class='ocr_carea' id='block_1_115' title="bbox 1993 5378 3593 5450">
    <p class='ocr_par' dir='ltr' id='par_1_115' title="bbox 1993 5378 3593 5450">
     <span class='ocr_line' id='line_1_117' title="bbox 1993 5378 3593 5450; baseline -0.003 -13"><span class='ocrx_word' id='word_1_919' title='bbox 1993 5382 2193 5438; x_wconf 88' lang='lat' dir='ltr'><strong>cilieris</strong></span> <span class='ocrx_word' id='word_1_920' title='bbox 2219 5423 2234 5448; x_wconf 95' lang='lat'><strong>,</strong></span> <span class='ocrx_word' id='word_1_921' title='bbox 2266 5397 2372 5436; x_wconf 90' lang='lat' dir='ltr'><strong>non</strong></span> <span class='ocrx_word' id='word_1_922' title='bbox 2395 5381 2504 5450; x_wconf 87' lang='lat' dir='ltr'><strong>jam</strong></span> <span class='ocrx_word' id='word_1_923' title='bbox 2530 5396 2596 5435; x_wconf 88' lang='lat' dir='ltr'><strong>ex</strong></span> <span class='ocrx_word' id='word_1_924' title='bbox 2624 5378 2716 5434; x_wconf 88' lang='lat' dir='ltr'><strong>Dei</strong></span> <span class='ocrx_word' id='word_1_925' title='bbox 2752 5389 3024 5450; x_wconf 65' lang='lat' dir='ltr'><strong>praecepto</strong></span> <span class='ocrx_word' id='word_1_926' title='bbox 3050 5379 3282 5434; x_wconf 83' lang='lat' dir='ltr'><strong>amicitia</strong></span> <span class='ocrx_word' id='word_1_927' title='bbox 3310 5378 3593 5450; x_wconf 84' lang='lat' dir='ltr'><strong>jungatur,</strong></span> 
     </span>
    </p>
   </div>
   <div class='ocr_carea' id='block_1_116' title="bbox 1992 5472 3594 5543">
    <p class='ocr_par' dir='ltr' id='par_1_116' title="bbox 1992 5472 3594 5543">
     <span class='ocr_line' id='line_1_118' title="bbox 1992 5472 3594 5543; baseline -0.001 -14"><span class='ocrx_word' id='word_1_928' title='bbox 1992 5474 2086 5529; x_wconf 89' lang='lat' dir='ltr'><strong>sed</strong></span> <span class='ocrx_word' id='word_1_929' title='bbox 2113 5490 2179 5528; x_wconf 81' lang='lat' dir='ltr'><strong>ex</strong></span> <span class='ocrx_word' id='word_1_930' title='bbox 2206 5475 2350 5530; x_wconf 91' lang='lat' dir='ltr'><strong>illius</strong></span> <span class='ocrx_word' id='word_1_931' title='bbox 2377 5474 2588 5529; x_wconf 88' lang='lat' dir='ltr'><strong>studio:</strong></span> <span class='ocrx_word' id='word_1_932' title='bbox 2610 5472 2964 5543; x_wconf 90' lang='lat' dir='ltr'><strong>quamobrem</strong></span> <span class='ocrx_word' id='word_1_933' title='bbox 2987 5473 3337 5529; x_wconf 88' lang='lat' dir='ltr'><strong>incoronatus</strong></span> <span class='ocrx_word' id='word_1_934' title='bbox 3363 5472 3594 5542; x_wconf 85' lang='lat' dir='ltr'><strong>recedis,</strong></span> 
     </span>
    </p>
   </div>
   <div class='ocr_carea' id='block_1_117' title="bbox 1994 5561 3594 5632">
    <p class='ocr_par' dir='ltr' id='par_1_117' title="bbox 1994 5561 3594 5632">
     <span class='ocr_line' id='line_1_119' title="bbox 1994 5561 3594 5632; baseline -0.001 -13"><span class='ocrx_word' id='word_1_935' title='bbox 1994 5565 2087 5619; x_wconf 91' lang='lat' dir='ltr'><strong>illo</strong></span> <span class='ocrx_word' id='word_1_936' title='bbox 2113 5565 2298 5619; x_wconf 90' lang='lat' dir='ltr'><strong>bravia</strong></span> <span class='ocrx_word' id='word_1_937' title='bbox 2336 5565 2660 5632; x_wconf 89' lang='lat' dir='ltr'><strong>accipiente.</strong></span> <span class='ocrx_word' id='word_1_938' title='bbox 2687 5563 2826 5632; x_wconf 90' lang='lat' dir='ltr'><strong>Quid</strong></span> <span class='ocrx_word' id='word_1_939' title='bbox 2857 5563 3028 5619; x_wconf 77' lang='lat' dir='ltr'><strong>dicis?</strong></span> <span class='ocrx_word' id='word_1_940' title='bbox 3067 5563 3348 5620; x_wconf 82' lang='lat' dir='ltr'><strong>inimicum</strong></span> <span class='ocrx_word' id='word_1_941' title='bbox 3387 5561 3594 5632; x_wconf 89' lang='lat' dir='ltr'><strong>babes,</strong></span> 
     </span>
    </p>
   </div>
   <div class='ocr_carea' id='block_1_118' title="bbox 1994 5653 3594 5725">
    <p class='ocr_par' dir='ltr' id='par_1_118' title="bbox 1994 5653 3594 5725">
     <span class='ocr_line' id='line_1_120' title="bbox 1994 5653 3594 5725; baseline 0.001 -17"><span class='ocrx_word' id='word_1_942' title='bbox 1994 5671 2092 5709; x_wconf 88' lang='lat' dir='ltr'><strong>uec</strong></span> <span class='ocrx_word' id='word_1_943' title='bbox 2121 5664 2172 5710; x_wconf 92' lang='lat' dir='ltr'><strong>te</strong></span> <span class='ocrx_word' id='word_1_944' title='bbox 2203 5655 2400 5725; x_wconf 84' lang='lat' dir='ltr'><strong>pudet?</strong></span> <span class='ocrx_word' id='word_1_945' title='bbox 2425 5657 2619 5709; x_wconf 84' lang='lat' dir='ltr'><strong>Annon</strong></span> <span class='ocrx_word' id='word_1_946' title='bbox 2648 5656 2845 5710; x_wconf 80' lang='lat' dir='ltr'><strong>sut’licit</strong></span> <span class='ocrx_word' id='word_1_947' title='bbox 2871 5654 3026 5711; x_wconf 90' lang='lat' dir='ltr'><strong>nobis</strong></span> <span class='ocrx_word' id='word_1_948' title='bbox 3051 5653 3317 5720; x_wconf 88' lang='lat' dir='ltr'><strong>diabolus,</strong></span> <span class='ocrx_word' id='word_1_949' title='bbox 3347 5653 3594 5710; x_wconf 84' lang='lat' dir='ltr'><strong>utetiam</strong></span> 
     </span>
    </p>
   </div>
   <div class='ocr_carea' id='block_1_119' title="bbox 1993 5746 3596 5817">
    <p class='ocr_par' dir='ltr' id='par_1_119' title="bbox 1993 5746 3596 5817">
     <span class='ocr_line' id='line_1_121' title="bbox 1993 5746 3596 5817; baseline 0.001 -16"><span class='ocrx_word' id='word_1_950' title='bbox 1993 5762 2324 5817; x_wconf 58' lang='lat' dir='ltr'><strong>congencres</strong></span> <span class='ocrx_word' id='word_1_951' title='bbox 2371 5747 2524 5801; x_wconf 89' lang='lat' dir='ltr'><strong>nobis</strong></span> <span class='ocrx_word' id='word_1_952' title='bbox 2567 5747 2815 5803; x_wconf 87' lang='lat' dir='ltr'><strong>inimicos</strong></span> <span class='ocrx_word' id='word_1_953' title='bbox 2856 5747 3226 5803; x_wconf 75' lang='lat' dir='ltr'><strong>amabamus?</strong></span> <span class='ocrx_word' id='word_1_954' title='bbox 3271 5746 3483 5802; x_wconf 82' lang='lat' dir='ltr'><strong>Utinam</strong></span> <span class='ocrx_word' id='word_1_955' title='bbox 3523 5761 3596 5802; x_wconf 79' lang='lat' dir='ltr'><strong>ne</strong></span> 
     </span>
    </p>
   </div>
   <div class='ocr_carea' id='block_1_120' title="bbox 1998 5840 3596 5913">
    <p class='ocr_par' dir='ltr' id='par_1_120' title="bbox 1998 5840 3596 5913">
     <span class='ocr_line' id='line_1_122' title="bbox 1998 5840 3596 5913; baseline 0.003 -21"><span class='ocrx_word' id='word_1_956' title='bbox 1998 5841 2084 5895; x_wconf 91' lang='lat' dir='ltr'><strong>ille</strong></span> <span class='ocrx_word' id='word_1_957' title='bbox 2111 5840 2322 5904; x_wconf 86' lang='lat' dir='ltr'><strong>quidem</strong></span> <span class='ocrx_word' id='word_1_958' title='bbox 2351 5840 2633 5896; x_wconf 90' lang='lat' dir='ltr'><strong>nobiscum</strong></span> <span class='ocrx_word' id='word_1_959' title='bbox 2665 5841 2826 5897; x_wconf 83' lang='lat' dir='ltr'><strong>vellet</strong></span> <span class='ocrx_word' id='word_1_960' title='bbox 2869 5856 3139 5913; x_wconf 84' lang='lat' dir='ltr'><strong>pugnare,</strong></span> <span class='ocrx_word' id='word_1_961' title='bbox 3186 5840 3387 5894; x_wconf 88' lang='lat' dir='ltr'><strong>utinam</strong></span> <span class='ocrx_word' id='word_1_962' title='bbox 3418 5853 3596 5910; x_wconf 80' lang='lat' dir='ltr'><strong>neque</strong></span> 
     </span>
    </p>
   </div>
  </div>
