4074 6424
534 388 636 446 713

536 501 627 556 ille
657 498 898 556 diabolus
918 503 1081 552 esset.
1108 493 1295 550 Nescis
1323 503 1515 564 quanta
1546 493 1616 548 sit
1643 501 1760 562 post
1790 488 2104 546 reconcilia-

539 593 744 646 tionem
785 588 1068 658 voluptas‘l
1105 585 1240 654 Quid
1285 587 1465 654 enim,
1504 585 1548 640 si
1580 585 1634 639 in
1665 585 1792 654 ipsis
1817 581 2105 638 inimicitiis

537 682 623 735 illa
647 696 763 735 .nou
792 679 1050 750 apparet?
1077 677 1206 734 Nam
1234 678 1376 748 quod
1407 677 1622 733 suavius
1649 677 1717 731 sit
1744 676 2018 730 ltedentem
2047 687 2105 726 se

530 785 732 829 amare.
757 785 914 839 quam
935 769 1058 824 odio
1080 767 1295 833 habere,
1317 779 1593 840 postquam
1610 767 1902 822 inimicitia!
1916 766 2106 820 soluta:

529 862 744 925 fuerint,
782 871 906 916 tunc.
928 862 1124 933 poteris
1156 861 1319 928 probe
1347 861 1574 914 discere.

593 953 655 1008 ὅ.
680 950 808 1021 'lpsa
835 963 972 1007 vetus
999 952 1080 1006 lex
1101 952 1400 1024 injuriarum
1438 950 1770 1004 recordationi
1792 950 2098 1003 adversatur.

535 1039 585 1093 ι’
588 1043 632 1095 ir
657 1043 813 1098 bonus
839 1044 974 1096 nihil
1002 1041 1122 1096 mali
1160 1043 1264 1112 pati
1303 1053 1482 1112 potest.
1501 1042 1698 1097 —Cur
1725 1057 1851 1110 ergo
1881 1042 2105 1095 furiosos

527 1133 840 1198 imitamur,
885 1133 973 1202 qui
1021 1148 1078 1186 se
1117 1141 1300 1186 mutuo
1345 1133 1606 1197 lacerant,
1641 1133 1727 1201 qui
1758 1133 1808 1184 iu
1837 1133 2101 1200 prepriam

526 1238 748 1276 carnem
776 1223 1077 1276 insaniunt?
1093 1225 1229 1277 Audi
1252 1235 1442 1292 quanta
1466 1223 1681 1294 hujusce
1703 1224 1778 1279 rei
1799 1225 2100 1279 cura-etiam

537 1315 589 1366 in
619 1315 778 1368 veteri
806 1314 919 1382 lege
951 1313 1125 1368 fuerit.
1166 1313 1300 1375 νίας.
1342 1316 1546 1385 inquit,
1574 1317 1941 1369 recordantium
1969 1316 2104 1369 mala

529 1407 586 1459 in
608 1417 810 1459 mortem
834 1404 1016 1478 (Prov.
1038 1408 1124 1460 η.
1140 1406 1250 1477 28).
1277 1406 1442 1460 flomo
1464 1409 1652 1460 homini
1675 1419 1930 1461 conservat
1950 1408 2099 1470 iram,

534 1509 583 1550 et
605 1515 634 1550 a
665 1497 771 1551 Deo
809 1499 986 1567 quierit
1019 1498 1265 1552 medelam
1292 1500 1308 1566 (
1336 1497 1494 1550 Eccli.
1523 1497 1613 1553 28.
1642 1499 1675 1552 3
1700 1498 1738 1566 ).
1788 1498 1943 1567 Atqui
1970 1513 2100 1552 ocu-

534 1586 641 1638 lum
671 1601 767 1654 pro
788 1587 963 1652 oculo,
994 1595 1048 1641 et
1071 1588 1281 1641 dentem
1311 1601 1406 1655 pro
1434 1587 1591 1641 dente
1620 1589 1884 1642 concessit
1906 1587 2097 1657 (Exod.

533 1675 622 1730 21.
654 1677 746 1748 24)
770 1695 782 1730 :
807 1679 1070 1747 quomodo
1097 1678 1254 1748 igitur
1275 1682 1525 1734 accusat?
1552 1681 1683 1746 Quia
1707 1681 1794 1734 illa
1816 1681 2097 1743 concessit,

536 1781 639 1821 non
670 1775 728 1822 ut
751 1768 889 1822 alter
917 1768 1067 1823 alteri
1100 1768 1379 1832 iaciamus,
1414 1769 1504 1823 sed
1537 1779 1594 1823 ut
1626 1769 1904 1823 formidine
1931 1784 2100 1838 poenae

535 1860 681 1912 ntali
709 1875 837 1914 ausu
864 1861 1242 1913 abstineamus.
1286 1860 1528 1929 Alioquin
1571 1874 1745 1917 alitem
1783 1863 1868 1917 illa
1897 1873 2102 1932 tempo-

531 1963 709 2003 ranetn
728 1948 999 2017 cujusdam
1023 1951 1114 2003 ira:
1129 1958 1270 2015 sunt,
1288 1949 1594 2019 injuriarmn
1611 1963 1784 2007 autem
1805 1953 2100 2007 recordatio

531 2039 724 2092 ultima:
767 2039 1059 2109 nequitiam
1101 2039 1420 2094 meditantis.
1453 2040 1554 2096 Sed
1582 2042 1719 2096 male
1757 2052 1975 2098 vexatus
2003 2044 2101 2098 es?

529 2129 638 2185 Sed
665 2145 769 2185 non
801 2141 1002 2186 tantum
1050 2131 1140 2186 tibi
1188 2133 1308 2186 mali
1352 2133 1560 2199 intulit,
1606 2142 1858 2202 quantum
1902 2145 1954 2188 tu
1985 2134 2099 2203 ipse

536 2221 648 2284 tibi,
681 2222 723 2274 si
760 2221 968 2290 injurias
1009 2222 1314 2277 recordatus
1358 2222 1538 2278 fueris.
1586 2225 1827 2292 Alioquin
1865 2240 1992 2278 vero
2019 2226 2100 2280 vir

535 2311 702 2363 bonus
731 2311 859 2365 nihil
884 2311 1006 2366 mali
1031 2313 1134 2381 pati
1161 2321 1352 2380 potest.
1380 2311 1458 2367 Sit
1482 2314 1620 2367 enim
1647 2315 1784 2381 quis,
1809 2330 2026 2370 uxorem
2046 2325 2101 2370 et

537 2399 724 2455 liberos
754 2399 974 2464 habens,
996 2402 1091 2470 qui
1123 2401 1540 2471 philusophetur,
1574 2403 1868 2472 habeatque
1898 2405 2092 2459 multas

531 2487 707 2542 damni
736 2491 1025 2560 accipiendi
1049 2491 1356 2548 occasiones
1379 2533 1393 2557 ,
1425 2492 1678 2562 pecunias
1704 2494 1925 2559 multas,
1956 2496 2099 2562 prin-

532 2580 760 2646 cipatum
780 2621 796 2645 ,
824 2583 1027 2636 amicos
1051 2581 1242 2635 multos
1262 2623 1276 2647 ,
1308 2581 1640 2652 honoresque
1670 2583 1934 2648 obtineat;
1965 2592 2100 2638 atta-

532 2682 653 2721 men
707 2670 1132 2738 phil050phetur;
1186 2671 1286 2726 hoc
1326 2673 1471 2726 enim
1517 2673 1916 2741 supponentlum
1966 2684 2092 2728 est:

531 2774 795 2813 aerumnas
841 2761 913 2814 illi
959 2761 1213 2815 accedere
1257 2761 1535 2831 fingamus.
1583 2763 1812 2817 Accedat
1837 2764 2094 2833 quispiam

530 2849 792 2903 scelestus
835 2848 992 2903 homo
1021 2851 1113 2919 qui
1145 2850 1390 2906 damnum
1422 2854 1472 2906 in
1503 2854 1694 2922 opibus
1720 2852 1911 2908 inferat
1935 2875 1948 2908 :
1970 2855 2094 2924 quid

531 2939 630 2994 hoc
658 2940 722 2994 ad
753 2942 921 2995 virum
959 2942 1048 3012 qui
1093 2943 1344 3011 pecunias
1387 2943 1518 2997 nihil
1561 2958 1681 3000 esse
1726 2945 1904 3014 putat?
1933 2947 2095 3001 Filios

529 3029 758 3082 occidat:
794 3029 918 3099 quid
946 3030 1045 3084 hoc
1065 3031 1130 3084 ad
1157 3033 1347 3096 virum,
1369 3034 1457 3102 qui
1485 3033 1624 3088 circa
1652 3037 2092 3091 resurrectionem

531 3119 970 3191 philosophatur?
1008 3121 1237 3178 Uxorem
1269 3125 1475 3193 jugulet
1508 3143 1521 3179 :
1553 3126 1674 3196 quid
1720 3126 1821 3181 hoc
1862 3127 1927 3182 ad
1969 3145 2089 3184 eum

1271 382 1329 438 S.
1367 341 1640 437 JOAN‘NIS
1673 375 2147 436 CHRYSOSTOMI
2175 375 2488 434 ARCHIEP.
2515 379 3042 440 CONSTANTINOP.

3691 390 3802 446 723

2213 490 2302 558 qui
2332 489 2516 546 doctus
2533 500 2620 548 est
2644 510 2755 549 non
2795 495 3050 566 legendos
3077 511 3198 554 esse
3225 497 3586 556 dormientes?
3617 498 3799 556 Dede-

2212 595 2307 635 cus
2333 582 2406 636 ilrli
2431 583 2844 655 conferat:quid
2883 586 2984 642 hoc
3009 588 3164 644 laedat
3192 605 3314 646 eum
3339 633 3352 656 ,
3385 590 3474 662 qui
3503 595 3800 662 praesentis

2213 675 2388 727 omnia
2431 674 2617 730 liorem
2642 691 2768 732 esse
2811 676 2942 733 fmni
2973 681 3157 747 putat?
3197 681 3254 736 Si
3294 683 3374 736 vis
3402 684 3562 738 etiam
3593 699 3795 751 corpus

2213 767 2471 833 percutiat
2494 805 2509 824 .
2551 775 2605 819 et
2651 766 2702 819 in
2733 782 3000 824 carcerem
3037 771 3288 840 conjiciat
3312 789 3323 824 :
3347 772 3470 842 quid
3503 773 3607 827 hoc
3632 773 3797 828 lzedet

2211 869 2354 919 eum,
2378 856 2465 924 qui
2491 856 2752 920 didicerit,
2782 859 2990 912 etiamsi
3016 861 3248 914 exterior
3272 872 3453 915 noster
3479 864 3639 916 homo
3663 877 3794 916 coro

2212 960 2504 1016 rumpatur,
2537 949 2839 1003 interiorem
2869 961 3039 1005 tamen
3068 954 3309 1006 renovari
3327 954 3404 1021 (2.
3434 951 3551 1008 Cor.
3583 952 3636 1006 4.
3672 953 3791 1022 16),

2211 1041 2624 1096 ettribulatione
2651 1042 3011 1110 probationem
3057 1043 3193 1098 effici
3237 1042 3412 1110 (Rom.
3446 1045 3497 1099 5.
3546 1043 3640 1112 3)?
3673 1045 3791 1113 Ego

2210 1146 2338 1185 sane
2377 1132 2630 1200 polliceor
2665 1133 2823 1188 talem
2869 1133 3134 1188 hominem
3185 1135 3237 1187 in
3281 1123 3424 1188 nullo
3465 1135 3650 1189 hcsum
3685 1135 3789 1190 iri:

2211 1222 2379 1274 oratio
2422 1231 2596 1275 autem
2644 1224 2777 1276 ultra
2827 1223 3116 1292 procedens
3161 1224 3395 1278 ostendit
3442 1225 3614 1294 ipsum
3661 1225 3790 1278 hinc

2211 1316 2429 1366 multmu
2471 1313 2680 1380 juvari,
2725 1314 2968 1368 renovari
3011 1324 3065 1368 et
3112 1315 3466 1383 probatiorem
3513 1315 3674 1368 effici.
3708 1314 3790 1369 Ne

2211 1404 2382 1473 itaque
2405 1405 2542 1472 apud
2564 1404 2697 1457 alios
2721 1404 2960 1459 dolorem
2983 1413 3220 1458 nostrum
3243 1405 3603 1474 exprimamus
3625 1424 3638 1458 :
3660 1405 3788 1460 hinc

2208 1497 2349 1550 enim
2380 1510 2475 1549 nos
2506 1496 2648 1564 ipsos
2680 1496 2918 1550 lardimus
2939 1537 2954 1560 ,
2997 1497 3335 1564 animumque
3365 1504 3602 1549 nostrum
3635 1495 3790 1548 infir-

2208 1586 2428 1638 miorcm
2449 1585 2735 1639 reddimus.
2759 1586 2920 1639 Dolor
2934 1587 3074 1640 cnim
3094 1585 3181 1639 ille
3204 1601 3307 1638 non
3331 1595 3436 1638 tam
3457 1601 3522 1640 ex
3547 1585 3784 1651 proximi

2209 1677 2460 1745 nequitia,
2491 1693 2646 1747 quam
2678 1694 2740 1732 ex
2787 1677 2990 1748 ignavia
3039 1688 3220 1732 nostra
3268 1678 3524 1746 procedit.
3559 1677 3702 1742 Ideo,
3737 1677 3783 1731 si

2205 1768 2324 1836 quis
2350 1781 2448 1820 nos
2475 1768 2792 1822 contumelia
2819 1767 3035 1832 alliciat,
3065 1768 3422 1838 lacrymamur
3447 1776 3499 1822 et
3525 1767 3783 1836 deprimi-

2205 1873 2358 1923 mur;
2391 1861 2434 1913 si
2465 1860 2583 1928 quis
2609 1871 2786 1913 nostra
2812 1859 2996 1929 rapiat,
3025 1858 3248 1927 idipsum
3279 1859 3526 1928 patimur,
3556 1858 3784 1928 perinde

2204 1960 2362 2019 atque
2390 1951 2589 2018 pueruli
2624 1951 2730 2012 illi,
2775 1964 2910 2019 quos
2950 1949 3224 2004 liberiores
3253 1949 3402 2018 pueri
3433 1949 3654 2003 incitant
3684 1964 3784 2016 pro

2205 2054 2264 2093 re
2293 2039 2487 2093 nullius
2517 2039 2771 2094 momenti
2811 2038 3052 2093 dolorem
3083 2037 3399 2103 inferentes;
3431 2039 3475 2093 si
3508 2053 3634 2093 iero
3661 2037 3783 2092 illos

2205 2131 2442 2184 rixantes
2469 2129 2734 2194 viderint,
2764 2129 3011 2183 mordere
3041 2143 3144 2182 non
3173 2137 3416 2192 cessant;
3457 2128 3500 2182 si
3543 2128 3784 2184 ridentes

2204 2221 2436 2284 videant,
2468 2231 2591 2276 tunc
2619 2221 2900 2274 desistunt.
2926 2222 2994 2274 At
3021 2233 3118 2274 nos
3145 2221 3225 2272 his
3255 2219 3648 2289 insipientiores
3667 2258 3684 2283 ,
3711 2218 3782 2274 de

2205 2315 2267 2369 iis
2292 2315 2360 2367 ob
2392 2329 2510 2383 quae
2532 2312 2705 2368 ridere
2728 2321 3017 2381 oporteret,
3035 2312 3255 2366 multum
3284 2311 3546 2366 dolemus.
3572 2310 3780 2378 Quam-

2203 2405 2388 2459 obrem
2435 2418 2584 2474 rogo,
2639 2403 2742 2457 hoc
2782 2402 2969 2472 puerili
3013 2401 3220 2472 abjecto
3263 2402 3461 2466 animo,
3491 2402 3655 2456 etclos
3679 2415 3782 2471 ap-

2206 2495 2616 2566 prehendamus.
2638 2494 2767 2549 Nam
2798 2493 3039 2548 Christus
3065 2507 3160 2548 nos
3191 2508 3310 2548 esse
3340 2494 3482 2547 viros
3505 2501 3654 2563 optat
3673 2533 3687 2555 ,
3723 2501 3783 2547 et

2203 2593 2344 2639 viros
2371 2589 2650 2656 perfectos.
2674 2584 2761 2640 Sic
2788 2585 2929 2638 enim
2950 2583 3099 2652 jubet
3121 2592 3175 2638 et
3202 2584 3428 2638 Paulus:
3457 2581 3684 2649 Fratres,
3716 2597 3784 2636 ne

2201 2683 2309 2735 sitis
2337 2681 2478 2749 pueri
2503 2689 2683 2743 mente,
2715 2678 2803 2732 sed
2829 2676 3021 2729 malitia
3047 2676 3242 2746 paruuli
3261 2685 3420 2728 estote
3441 2675 3518 2744 (1.
3537 2675 3660 2730 Cor.
3691 2675 3776 2732 Η.

2200 2771 2310 2836 20).
2333 2769 2564 2824 Infantes
2579 2783 2705 2837 ergo
2722 2767 2916 2822 malitia
2935 2766 3121 2830 simus,
3138 2775 3193 2821 et
3209 2766 3495 2834 nequitiam
3513 2764 3778 2834 fugientes

2200 2863 2450 2916 virtutem
2475 2860 2872 2928 amplectamur.
2897 2867 2955 2910 ut
2980 2866 3174 2910 aeterna
3199 2869 3589 2925 consequamur
3612 2856 3778 2922 bella,

2199 2953 2366 3022 gratia
2393 2961 2447 3006 et
2476 2950 2799 3019 benignitate
2829 2947 3034 3002 Domini
3067 2945 3231 3001 nostri
3261 2945 3385 3000 Jesu
3417 2945 3609 3001 Christi
3631 2988 3645 3008 ,
3680 2948 3770 3001 cui

2199 3044 2362 3114 gloria
2389 3051 2442 3097 et
2471 3041 2750 3110 imperium
2783 3039 2835 3093 in
2867 3038 3057 3094 saecula
3089 3037 3424 3093 smeulorum.
3455 3039 3646 3092 Anien.

1585 3310 1922 3372 HOMlLlA
1966 3315 2230 3376 LXXX.
2277 3315 2361 3376 al.
2407 3312 2700 3374 LXXXI.

525 3446 652 3503 Cie.
697 3448 786 3503 26.
834 3463 886 3501 ν.
916 3449 968 3503 6.
1011 3448 1134 3503 Cum
1178 3459 1341 3505 autem
1386 3459 1510 3505 esset
1558 3449 1706 3504 Iesus
1743 3453 1794 3504 in
1848 3452 2094 3508 Bethania

597 3539 648 3590 in
674 3537 821 3593 domo
851 3538 1073 3593 Simonis
1113 3541 1298 3606 leprosi
1315 3581 1330 3604 ,
1364 3541 1413 3594 7.
1452 3544 1656 3595 accessit
1679 3543 1745 3594 ad
1773 3560 1882 3596 eum
1914 3546 2093 3599 mulier

597 3631 780 3685 habens
808 3631 1112 3684 alabastrum
1138 3633 1376 3700 unguenti
1403 3634 1624 3701 pretiosi,
1654 3645 1699 3687 et
1736 3634 1916 3700 e/I'udit
1943 3654 2092 3708 super

595 3733 743 3790 caput
767 3722 875 3784 eius
905 3723 1242 3774 recumbentis.

599 3813 648 3864 l.
681 3811 867 3865 Mulier
903 3829 1014 3881 qua:
1053 3814 1200 3880 pedes
1228 3811 1410 3867 Christi
1439 3814 1631 3880 abluit,
1672 3831 1785 3883 qua:
1809 3817 1892 3868 sit.
1926 3815 2092 3881 Quare

524 3902 666 3980 lepra
679 3902 898 3957 Simonis
911 3913 955 3956 et
969 3893 1291 3957 nomenurbis
1304 3916 1651 3959 memorentur.
1662 3905 1960 3961 Pcccatricis
1971 3925 2091 3978 erga

524 3989 720 4057 Iesum,
739 4003 785 4044 et
804 3991 836 4044 Ι
843 4009 925 4045 esu
952 4009 1066 4062 erga
1096 3996 1412 4062 peccatricem
1439 3996 1620 4064 agendi
1642 3999 1768 4050 ratio
1789 4009 2091 4051 commenta—

526 4094 627 4136 tur.
648 4113 719 4122 —-
741 4084 862 4138 Haec
893 4087 1081 4137 mulier
1114 4100 1213 4138 una
1243 4085 1534 4154 eademque
1564 4087 1769 4141 videtur
1808 4103 1925 4142 esse
1951 4089 2090 4157 apud

526 4189 710 4228 omnes
738 4174 1118 4242 evangelistas;
1168 4173 1260 4228 sed
1303 4189 1424 4229 vere
1466 4191 1570 4230 non
1600 4186 1679 4229 est
1703 4195 1716 4228 :
1742 4192 1921 4230 verum
1953 4178 2090 4245 apud

529 4273 639 4318 tres
680 4263 1028 4331 evangelistas
1083 4278 1183 4316 una
1232 4279 1351 4318 meo
1393 4263 1592 4332 judicio
1639 4266 1927 4335 eademque
1975 4277 2086 4331 est;

525 4351 663 4421 apud
710 4351 964 4404 Joannem
1023 4349 1174 4418 (Cap.
1219 4352 1303 4422 l2)
1347 4367 1472 4407 vero
1518 4368 1620 4407 non
1663 4355 1821 4418 item;
1863 4356 1957 4410 sed
1985 4358 2088 4411 alia

523 4441 760 4509 qtteedam
791 4441 1044 4494 mirabilis
1075 4441 1294 4504 mulier,
1324 4457 1476 4496 soror
1502 4442 1680 4496 Lazari
1712 4444 1806 4515 (a).
1838 4445 1946 4500 Nec
1973 4448 2088 4501 sine

524 4546 678 4584 causa
727 4531 924 4596 lepram
969 4528 1201 4584 Simonis
1240 4543 1494 4585 memorat
1528 4534 1883 4602 evangelista;
1913 4537 2005 4590 sed
2034 4545 2090 4590 ut

526 4620 766 4674 ostendat
794 4635 888 4673 cur
921 4621 1141 4673 fidenter
1167 4621 1357 4676 mulier
1383 4625 1682 4678 accesserit.
1723 4623 1982 4692 Quoniam
2015 4629 2090 4680 lc-'

523 4724 617 4778 pra
663 4723 748 4761 res
787 4723 906 4762 esse
950 4710 1216 4764 immunda
1260 4721 1313 4765 ct
1365 4713 1712 4768 abominanda
1763 4717 2078 4783 videbatur,

524 4798 760 4867 viditque
787 4796 966 4852 Jesum
996 4815 1206 4853 curasse
1237 4800 1537 4868 hominem,
1568 4803 1873 4875 lepramque
1911 4808 2086 4862 elimi-

522 4901 676 4940 nasse
702 4888 895 4956 (neque
923 4890 1064 4941 enim
1093 4890 1342 4943 voluisset
1372 4893 1506 4959 apud
1540 4893 1804 4962 leprosum
1835 4912 2080 4962 manere,

520 4976 696 5048 ibique
720 4977 1000 5049 dirersari)
1021 5019 1036 5042 ,
1085 4980 1301 5033 oculidit
1338 4983 1527 5042 mulier
1557 4985 1724 5055 ipsum
1754 4987 1941 5040 anima:
1973 5003 2082 5042 sita:

520 5067 904 5122 immunditiam
954 5067 1106 5124 facile
1146 5070 1504 5130 abstersurum
1548 5090 1687 5130 esse.
1739 5075 1919 5146 Neque
1969 5080 2086 5131 sine

519 5174 679 5214 causa
723 5174 914 5215 nomen
945 5160 1090 5214 urbis
1111 5201 1126 5224 ,
1159 5160 1427 5216 Bethania:
1455 5166 1685 5231 scilicet,
1731 5167 1961 5230 addidit;
1991 5166 2083 5222 sed

520 5261 574 5304 ut
603 5253 774 5305 discas
804 5252 972 5320 ipsum
998 5252 1221 5308 libenter
1245 5254 1311 5308 ad
1332 5255 1632 5324 passionem
1655 5257 1926 5312 accedere.
1954 5257 2083 5311 Nam

520 5343 609 5411 qui
639 5351 764 5394 ante
792 5340 1043 5411 effugerat
1074 5343 1191 5396 illos
1215 5383 1230 5408 ,
1274 5344 1484 5412 quando
1513 5347 1739 5402 maxime
1769 5348 1963 5402 invidia
1993 5363 2082 5401 ar-

595 5433 670 5500 (tt)_
688 5432 1115 5500 Crandlsquestio
1130 5444 1293 5500 utrum
1305 5435 1550 5500 peccatrix
1567 5440 1669 5500 illa,
1682 5453 1792 5500 quae
1809 5437 1989 5490 Christi
2011 5451 2100 5500 pe-

531 5489 621 5541 des
634 5489 806 5561 abluit,
823 5489 994 5544 eadem
1010 5499 1112 5557 ipsa
1131 5496 1218 5561 sit,
1232 5489 1342 5561 qua:
1357 5512 1495 5561 soror
1509 5489 1669 5548 Lazari
1685 5489 1853 5561 {quam
1870 5489 2098 5556 tractare.

516 5557 782 5663 “ruentis
806 5570 900 5604 non
925 5567 1001 5603 est
1026 5557 1259 5606 instituti.
1288 5559 1658 5609 Mariamautem
1686 5557 2017 5624 Magdalequ
2041 5561 2101 5610 ab

561 5630 601 5662 Is
642 5621 884 5663 diversam
908 5631 1020 5663 esse.
1049 5620 1184 5663 nauci
1216 5624 1305 5663 iam
1329 5632 1528 5663 nocant,
1568 5622 1754 5663 -νίιὶρ
1791 5626 1898 5663 Mnn
1913 5631 2101 5663 unwnts

527 5618 601 5683 his
627 5621 884 5683 diversam
908 5631 1020 5665 esse.
1049 5620 1184 5678 pauci
1208 5624 1305 5680 jam
1329 5632 1528 5683 negant.
1568 5618 1898 5673 —Vide'Mon
1913 5631 2101 5672 uments

521 5676 702 5726 inedita
734 5691 820 5726 sur
845 5676 1111 5739 l‘apostolat
1134 5683 1192 5730 de
1209 5676 1374 5731 salute
1396 5676 1870 5733 Ithnie—Mndeleinc
1895 5687 2098 5734 enPro-

519 5746 819 5798 vent'e,auct.
849 5742 901 5790 υ.
924 5743 1432 5792 FailzonsocietatisS.
1450 5746 1650 5805 Sulpicii
1670 5750 1944 5794 sacerdote.
1961 5748 2096 5796 Eutr.

2203 3455 2434 3518 dobant,
2464 3462 2588 3506 tunc
2617 3464 2782 3519 prope
2821 3448 3044 3503 accessit
3083 3448 3232 3519 quasi
3263 3446 3327 3501 ad
3353 3446 3520 3502 stadia
3545 3446 3776 3516 quinde~

2199 3545 2336 3609 cim;
2365 3545 2545 3612 sicque
2567 3545 2710 3610 prior
2732 3555 2972 3596 recessus
2990 3541 3054 3594 ad
3077 3541 3424 3596 mconomiam
3449 3540 3771 3610 pertinebat.

2200 3633 2397 3687 Videns
2426 3647 2551 3700 ergo
2577 3631 2722 3684 illum
2753 3629 2962 3695 mulier,
2992 3629 3219 3698 hincque
3258 3639 3523 3700 assumpta
3553 3630 3769 3695 fiducia,

2197 3725 2440 3778 accessit.
2483 3722 2612 3776 Nam
2643 3723 2687 3775 si
2729 3720 2815 3774 illa
2842 3735 2961 3788 quae
2985 3721 3257 3790 sanguinis
3287 3719 3481 3774 ﬂuxum
3525 3721 3772 3789 patieba-

2198 3823 2281 3866 tur
2302 3855 2314 3877 ,
2362 3814 2460 3866 etsi
2498 3811 2690 3865 nullius
2721 3808 3082 3877 hujuscemodi
3111 3808 3209 3862 sibi
3241 3809 3450 3864 conscia
3476 3818 3620 3863 esset
3641 3851 3654 3873 ,
3701 3810 3776 3864 ob

2195 3909 2364 3972 illam,
2411 3923 2528 3972 qua:
2572 3905 2824 3958 naturalis
2847 3903 3125 3957 videbatur
3152 3916 3302 3964 esse,
3334 3901 3724 3956 immunditiam
3751 3942 3767 3966 ,

2199 4009 2434 4054 tremens
2484 4005 2830 4063 metuensque
2879 3995 3098 4048 accessit
3130 4011 3143 4046 :
3174 3994 3341 4047 multo
3383 3993 3550 4062 magis
3595 3991 3767 4057 hanc,

2196 4106 2312 4158 qinu
2337 4089 2435 4142 sibi
2463 4087 2585 4141 mali
2615 4087 2823 4140 conscia
2866 4093 3016 4147 erat,
3066 4085 3303 4138 timuisse
3347 4084 3632 4139 verisimile
3659 4095 3768 4141 est.

2197 4179 2398 4233 idcirco
2429 4187 2545 4247 post
2574 4176 2769 4230 multas
2797 4176 3048 4229 mulieres
3068 4215 3082 4237 ,
3113 4174 3520 4238 Samaritanam,
3551 4173 3769 4230 Chana—

2196 4285 2384 4331 mnam,
2413 4284 2525 4322 cam
2551 4282 2667 4336 qua:
2688 4267 2955 4335 sanguinis
2977 4265 3172 4319 fluxum
3196 4265 3511 4333 patiebatur,
3532 4265 3772 4335 aliasque

2196 4360 2448 4428 plurimas
2477 4357 2713 4421 accedit,
2759 4355 2897 4424 quod
2939 4354 3034 4409 sibi
3084 4369 3286 4422 magna:
3335 4353 3681 4409 immunditire
3714 4367 3772 4410 et

2195 4447 2423 4502 lascivim
2461 4447 2674 4501 conscia
2708 4454 2880 4508 esset;
2909 4459 3007 4497 nec
3039 4443 3267 4511 publice,
3291 4443 3385 4497 sed
3407 4445 3457 4496 in
3487 4442 3667 4496 domo.
3702 4443 3773 4498 Et

2196 4554 2316 4593 cum
2360 4538 2447 4591 alii
2490 4551 2675 4590 omnes
2721 4550 2815 4603 pro
2857 4536 3085 4587 sanitate
3127 4534 3366 4602 corporis
3416 4533 3769 4597 accederent,

2196 4627 2411 4682 honoris
2439 4637 2640 4681 tantum
2667 4640 2824 4679 causa
2853 4624 3158 4689 accedebat,
3189 4634 3243 4679 et
3267 4635 3328 4678 ut
3354 4624 3543 4679 anima:
3569 4625 3772 4677 sanita-

2196 4731 2301 4773 tem
2330 4727 2764 4786 consequeretur.
2796 4713 2949 4768 anla
2987 4715 3128 4767 enim
3169 4714 3410 4782 corporis
3451 4714 3770 4784 egritudine

2194 4809 2845 4874 tenebatur:quapr0pter
2887 4802 3193 4857 admiranda
3240 4803 3468 4882 maxime
3497 4803 3766 4860 videatur.

2190 4896 2371 4966 Neque
2399 4896 2546 4949 illum
2574 4904 2631 4948 ut
2676 4894 2945 4947 hominem
2993 4901 3194 4946 tantum
3234 4890 3381 4956 adit;
3413 4907 3585 4962 neque
3619 4894 3767 4948 enim

2191 4986 2395 5054 capillis
2425 4983 2789 5047 abstersisset;
2818 4982 2909 5037 sed
2940 4992 2995 5036 ut
3021 4983 3235 5037 homine
3255 4981 3532 5051 majorem.
3558 4981 3769 5039 idcirco

2190 5076 2424 5129 omnium
2450 5075 2810 5129 membrorum
2839 5074 3220 5128 nobilissimum
3245 5080 3407 5144 caput
3427 5088 3580 5128 suum
3607 5074 3766 5146 pedi-

2190 5167 2289 5222 bus
2310 5166 2506 5222 Christi
2537 5167 2789 5220 admovit.
2817 5165 2872 5220 8.
2910 5165 3142 5220 Videntes
3166 5175 3334 5221 autem
3362 5166 3602 5234 discipuli
3625 5169 3763 5237 ejus.

2191 5258 2375 5326 inquit,
2405 5257 2648 5325 indignati
2686 5265 2820 5322 sunt,
2865 5256 3082 5310 dicentes
3103 5272 3122 5310 :
3137 5256 3218 5309 Ad
3241 5258 3364 5327 quid
3383 5258 3598 5329 perditio
3619 5258 3726 5312 hac
3741 5259 3768 5314 .’

2190 5348 2243 5402 9.
2288 5347 2460 5401 Potuit
2502 5348 2635 5400 enim
2675 5355 2983 5418 unguentum
3027 5347 3119 5401 hoc
3160 5348 3450 5404 venumdari
3476 5348 3676 5413 multo,
3717 5359 3764 5403 et

2190 5441 2301 5492 dari
2337 5439 2657 5509 pauperibus.
2703 5439 2789 5493 l0.
2835 5437 3012 5494 Sciens
3056 5450 3225 5494 autem
3259 5440 3410 5494 Jesu
3457 5439 3585 5493 dixit
3613 5455 3634 5494 ι
3658 5441 3762 5494 Cur

2190 5533 2382 5586 molesti
2418 5531 2536 5584 estis
2575 5530 2690 5584 huic
2729 5531 2967 5584 mulieri!
2999 5529 3138 5599 Opus
3168 5531 3302 5585 enim
3341 5532 3525 5584 bonum
3551 5542 3764 5598 cperam

2189 5633 2259 5674 est
2287 5622 2338 5674 in
2368 5638 2463 5676 me.
2495 5623 2578 5675 Η.
2612 5621 2870 5690 Pauperes
2898 5622 3026 5675 enim
3054 5637 3249 5690 semper
3270 5621 3460 5675 habetis
3485 5620 3760 5686 uobiscum,

2188 5729 2266 5767 me
2293 5723 2456 5767 autem
2485 5730 2584 5767 non
2613 5730 2804 5782 sempcr
2831 5715 3040 5768 habetis.
3075 5713 3161 5767 12.
3195 5711 3478 5766 lmmittens
3509 5713 3642 5765 enim
3668 5713 3762 5768 hoc
