4074 6430
223 380 333 440 715

226 508 547 569 unguentum
576 496 628 548 in
651 507 833 559 corpus
876 505 1037 542 nicum
1064 527 1077 549 ,
1107 488 1175 537 ad
1204 480 1543 553 sepdieudum
1580 470 1817 569 "refecit.

228 565 324 642 i3:
358 589 515 640 Amen
546 586 658 638 dico
679 582 835 645 rubis,
861 582 1156 645 ubicumque
1187 574 1515 645 prrrdicatum
1546 567 1697 637 fuerit
1730 565 1823 617 hoc

226 677 547 749 euangelium
568 676 620 727 in
642 675 870 727 uniuerso
900 670 1108 731 mundo,
1133 676 1183 722 et
1210 664 1343 734 quod
1363 664 1471 716 lure
1490 662 1607 724 [erit
1629 659 1825 710 dicetur

230 770 284 822 iu
307 767 601 822 memoriam
626 766 753 829 rius.
784 765 845 819 Et
876 762 1021 817 unde
1047 760 1163 814 hau:
1191 759 1294 811 illis
1323 754 1574 825 cogitatio
1601 749 1822 803 subortu

227 859 356 913 est?
396 856 690 912 Audierant
732 854 999 908 dicentem
1042 850 1383 919 Magistrum.
1422 838 1822 898 Misericordia!!!

230 949 369 1011 uolo,
389 956 437 1001 et
464 964 563 1001 non
591 947 894 1015 sacriﬁcium
917 943 1069 1013 (Osee
1111 941 1163 996 Β.
1197 940 1274 1009 6).
1302 937 1623 1003 Judzeosque
1645 933 1823 987 incre-

229 1048 478 1109 pantem,
505 1037 630 1107 quia
662 1035 865 1104 majora
892 1032 1228 1102 negligebant
1250 1069 1263 1090 .
1288 1026 1547 1097 judicium
1568 1064 1584 1087 ,
1615 1020 1827 1077 miseri-

230 1128 478 1182 rordiam
504 1135 559 1181 et
584 1126 740 1180 fidem
763 1165 778 1189 ,
819 1132 873 1179 et
903 1122 1069 1177 multa
1100 1120 1151 1174 in
1182 1128 1362 1173 moiue
1393 1117 1460 1170 de
1484 1115 1824 1179 eleemosyua

232 1220 547 1287 loquentem
574 1234 588 1266 :
613 1216 842 1287 hincque
864 1213 1004 1285 apud
1042 1227 1103 1268 se
1141 1210 1465 1281 colligebant
1490 1204 1822 1275 cogitabant-

232 1323 344 1377 que
364 1348 379 1372 ,
410 1309 455 1361 si
482 1307 790 1361 holocausta
819 1314 875 1360 et
902 1312 1140 1358 veterem
1170 1301 1372 1354 cultum
1402 1312 1509 1351 non
1540 1294 1821 1357 admittat,

236 1401 415 1455 multo
444 1400 619 1453 minus
657 1397 909 1467 unguenti
940 1394 1266 1450 unctionem.
1294 1390 1399 1447 Sed
1427 1388 1480 1443 hi
1507 1388 1720 1459 quidem
1746 1387 1825 1440 sic

233 1492 565 1562 cogitabant,
589 1492 704 1560 ipse
720 1490 846 1545 vero
872 1495 1105 1543 mentem
1123 1484 1239 1554 ejus
1264 1482 1576 1551 respiciens,
1597 1478 1821 1535 dimisit.

234 1582 371 1637 Nam
395 1582 560 1637 multa
588 1581 757 1653 pietas
782 1589 897 1636 erat
922 1589 977 1634 et
1003 1574 1271 1633 ineffabile
1292 1574 1527 1630 studium
1560 1589 1575 1626 :
1600 1570 1826 1640 ideoque

232 1675 357 1745 ejus
386 1674 596 1729 afl’ectui
635 1689 694 1730 se
735 1680 1134 1742 attemperans.
1174 1666 1444 1722 concessit
1486 1672 1547 1719 ut
1588 1667 1641 1717 lu
1666 1670 1827 1731 caput

233 1768 409 1837 ipsius
432 1765 615 1821 oleum
641 1761 1019 1819 edunderetur.
1048 1760 1182 1815 Nam
1209 1758 1253 1813 si
1295 1758 1457 1812 homo
1487 1754 1603 1810 ﬁeri
1625 1796 1637 1816 .
1671 1764 1828 1809 utero

232 1860 458 1929 gestari,
501 1858 637 1912 lacte
684 1854 872 1910 nutriri
904 1868 1009 1908 non
1041 1851 1329 1915 recusavit,
1376 1848 1501 1919 quid
1530 1846 1743 1901 miraris
1778 1843 1828 1898 si

236 1951 343 2005 hoc
388 1966 495 2005 non
531 1947 803 2018 depellat?
845 1944 1306 2015 Quemadmodum
1336 1943 1479 1997 eiiim
1521 1940 1676 1995 Pater
1710 1938 1829 2007 ejus

235 2041 481 2097 nidorem
512 2049 567 2096 et
592 2038 817 2104 fumum,
841 2038 918 2092 sic
960 2044 1010 2091 et
1042 2036 1157 2105 ipse
1193 2033 1529 2103 meretricem
1556 2029 1822 2099 suscepit,

233 2133 355 2201 ejus
387 2141 620 2187 utentem
650 2140 702 2186 et
724 2130 983 2193 auiinum,
1014 2136 1072 2181 ut
1092 2125 1221 2187 dixi,
1260 2122 1583 2195 approbatis.
1617 2120 1657 2174 Ε
1687 2120 1827 2175 enim

230 2225 404 2279 Jacnb
454 2224 672 2295 cippum
721 2222 831 2277 Deo
875 2219 1101 2282 iunuxit,
1143 2228 1199 2273 et
1238 2217 1293 2273 in
1323 2214 1600 2271 sacriﬁciis
1645 2217 1828 2269 oleum

228 2313 577 2379 offerebatur,
607 2312 1023 2380 sacerdotesque
1039 2316 1308 2379 unguento
1324 2308 1657 2376 angebantur
1674 2304 1826 2371 (Gen.

230 2404 329 2459 28.
377 2405 474 2473 l8;
517 2403 678 2460 Lerit.
706 2403 762 2458 2.
794 2402 829 2459 4
871 2412 918 2456 et
953 2401 1009 2457 8.
1041 2400 1136 2471 10)
1179 2420 1192 2455 ;
1235 2414 1420 2453 verum
1462 2398 1711 2468 discipuli
1736 2398 1827 2467 qui

230 2496 477 2553 tnnlicris
505 2497 742 2552 animum
772 2509 878 2551 non
907 2494 1324 2563 cognoscebant,
1354 2492 1657 2562 importune
1681 2492 1827 2547 illam

229 2588 680 2655 criminabantur,
712 2598 767 2644 et
807 2586 1110 2643 accusando
1157 2586 1399 2642 mulieris
1448 2586 1826 2641 liberalitatem

228 2680 540 2736 ostendunt.
572 2680 703 2735 Cum
729 2679 912 2734 dicunt
937 2679 1101 2745 enim,
1133 2677 1349 2734 Poterat
1378 2678 1631 2733 trecentis
1657 2677 1831 2733 dena-

230 2771 331 2825 riis
357 2768 667 2825 renumdari
693 2811 708 2835 ,
757 2769 1048 2825 ostendunt
1088 2778 1344 2835 quantum
1389 2767 1735 2838 insumpserit
1770 2767 1825 2821 in

232 2870 566 2932 unguentum
595 2860 729 2917 illud
756 2900 771 2926 ,
803 2869 860 2916 et
887 2870 1138 2931 quantam
1166 2860 1472 2916 exhibuerit
1501 2860 1825 2916 munificen-

230 2954 386 3005 tiam.
411 2951 771 3019 Quamobrem
800 2951 942 3021 ipsos
962 2953 1215 3021 increpat,
1245 2952 1429 3007 dicens
1454 2970 1469 3007 :
1500 2952 1605 3007 Cur
1630 2953 1827 3008 molesti

230 3044 353 3099 estis
381 3043 499 3098 huic
520 3042 718 3099 mulieri
734 3043 761 3098 ?
788 3044 854 3099 Et
878 3045 1137 3099 rationem
1159 3044 1359 3115 adjicit,
1392 3053 1448 3101 ιιι
1479 3046 1585 3101 illis
1611 3051 1824 3119 passio-

231 3136 320 3192 nis
350 3138 663 3193 memoriam
689 3147 965 3194 revocaret
992 3154 1009 3191 :
1039 3138 1118 3191 Ad
1143 3138 1457 3208 sepulturam
1484 3141 1629 3195 enim
1658 3157 1824 3196 meatu

230 3231 333 3284 hoc
374 3230 512 3302 fecit.
558 3230 795 3301 Itemque
834 3231 977 3287 aliud
1024 3232 1359 3287 ratiocinium
1397 3233 1601 3289 addidit
1632 3252 1645 3289 :
1676 3232 1821 3290 Pau-

230 3340 378 3390 peres
401 3324 534 3378 enim
557 3341 755 3395 semper
777 3326 1051 3391 vobiscum,
1088 3343 1167 3381 me
1193 3339 1359 3381 autem
1380 3344 1479 3384 non
1503 3346 1701 3401 semper
1725 3334 1821 3386 lia.

229 3415 377 3471 beris.
406 3416 492 3482 Et,
518 3413 829 3488 Ubicumque
843 3418 1171 3489 prtedicatum
1190 3421 1343 3489 fuerit
1367 3420 1463 3475 hoc
1482 3423 1819 3494 evangelium,

228 3506 437 3571 etquod
457 3510 564 3563 [me
592 3510 711 3579 fecit
754 3509 965 3565 dicetur.
1001 3509 1245 3566 Vidistin’
1293 3514 1564 3582 quomodo
1611 3516 1820 3569 exitum

228 3598 298 3652 ad
326 3607 512 3669 gentes
538 3601 878 3669 pramuutiet,
916 3600 1001 3656 hic
1048 3602 1209 3657 etiam
1249 3603 1525 3673 discipulis
1553 3605 1619 3659 de
1648 3616 1822 3663 morte

227 3702 327 3743 sua
378 3687 800 3757 consolationem
850 3692 1121 3747 alit-rens?
1183 3692 1459 3763 Siquidem
1507 3705 1650 3751 tanta
1700 3707 1822 3767 post

227 3794 447 3834 crucem
478 3780 645 3836 virtus
666 3781 781 3852 ejus
808 3784 979 3839 futura
1008 3794 1113 3852 est,
1146 3794 1205 3841 ut
1231 3788 1541 3856 praedicatio
1574 3792 1587 3820 ³
1622 3804 1717 3858 per
1741 3798 1823 3844 to-

232 3880 345 3924 tum
373 3871 562 3927 urbem
588 3872 911 3931 effundatur.
957 3877 1089 3945 Quis
1130 3880 1198 3933 ita
1240 3882 1405 3935 miser
1433 3891 1534 3945 est,
1571 3890 1629 3937 ut
1658 3891 1821 3937 tanta:

227 3962 438 4017 veritati
481 3966 775 4035 repugnet?
802 3966 940 4024 Ecce
979 3970 1123 4025 enim
1164 3971 1235 4031 id,
1268 3975 1409 4043 quod
1438 3973 1594 4039 dixit,
1626 3975 1819 4030 factum

226 4064 343 4116 eSt;
392 4064 808 4126 etquocumque
863 4065 1129 4116 terrarum
1183 4064 1302 4130 ibis,
1358 4065 1494 4121 hanc
1542 4065 1820 4123 mulierem

227 4142 508 4210 pra-dicari
536 4146 721 4200 audies
752 4162 766 4199 :
796 4164 1116 4219 quamquam
1163 4154 1248 4207 illa
1298 4170 1404 4210 non
1448 4156 1671 4226 insignis
1701 4174 1821 4228 pcr-

225 4248 359 4289 sona
386 4246 549 4299 esset,
596 4253 693 4294 nec
714 4240 866 4295 multi
891 4252 1056 4298 testes
1085 4245 1332 4302 adessent
1359 4266 1371 4311 ;
1404 4263 1501 4303 nec
1525 4250 1577 4302 in
1610 4251 1821 4305 theatro

224 4325 461 4397 quodam
489 4342 576 4382 res
604 4338 749 4397 gesta
780 4341 946 4399 esset,
976 4334 1071 4388 sed
1098 4335 1149 4388 iu
1173 4335 1355 4406 domn,
1383 4348 1435 4393 et
1464 4339 1517 4394 in
1543 4340 1704 4398 domo
1745 4344 1821 4397 le-

227 4417 395 4487 prosi,
426 4415 701 4487 discipulis
729 4430 931 4476 tantum
962 4428 1332 4493 prtesentibus.

296 4512 352 4565 2.
393 4512 522 4582 Quis
552 4513 654 4568 hoc
684 4514 752 4568 ita
794 4518 1026 4585 \‘ttlgut‘il
1060 4527 1113 4573 ct
1141 4523 1446 4588 prurdicavit
1475 4524 1498 4577 ?
1529 4526 1822 4596 Loquentis

226 4603 415 4656 virtus.
461 4601 619 4658 Certe
663 4620 845 4675 regum
894 4608 1181 4663 multorum
1232 4621 1286 4665 et
1330 4612 1521 4669 ducunt
1547 4659 1561 4681 ,
1593 4635 1819 4688 quorum

224 4694 388 4747 etiam
434 4705 775 4749 monumenta
820 4706 1067 4761 manent.
1104 4714 1191 4756 res
1234 4714 1397 4772 gesta:
1439 4717 1717 4774 tacentur;
1759 4727 1823 4767 ac

225 4785 351 4839 licet
380 4784 541 4839 urbes
589 4788 939 4844 excitaveriut
960 4831 974 4853 ,
1005 4808 1187 4847 ium-os
1220 4803 1737 4869 cn-cumstruxeriul,
1770 4806 1820 4859 in

225 4878 388 4932 bellis
418 4880 650 4935 victores
694 4882 930 4945 fuerint,
965 4894 1161 4953 trapm
1191 4893 1458 4943 ercxerint
1480 4935 1495 4954 ,
1529 4906 1823 4966 gentesque

225 4969 423 5023 multas
454 4969 504 5022 in
534 4971 851 5027 servitutem
886 4978 1219 5045 redegerint,
1258 4996 1355 5035 nec
1391 4984 1525 5035 latina
1551 5024 1565 5048 ,
1598 5001 1695 5040 nec
1722 5004 1820 5039 no-

224 5062 375 5117 mine
413 5076 514 5117 suo
555 5064 665 5116 noti
694 5074 817 5117 sunt
837 5105 855 5127 .
886 5066 1093 5122 etiamsi
1122 5082 1178 5123 et
1206 5081 1406 5126 statuas
1434 5078 1701 5132 erexerint
1724 5122 1737 5144 ,
1769 5092 1823 5134 ct

227 5153 375 5224 leges
399 5152 646 5209 dederint
676 5171 687 5208 :
720 5157 860 5227 quod
885 5169 1063 5213 autem
1087 5164 1337 5217 meretrix
1370 5165 1544 5221 oleum
1576 5169 1823 5225 eﬂ‘uderit

227 5246 281 5299 in
309 5245 475 5299 domo
502 5246 694 5314 leprosi
718 5290 734 5314 ,
810 5250 997 5303 decem
1073 5252 1201 5305 viris
1224 5248 1576 5324 praesentibus
1602 5303 1616 5327 ,
1648 5264 1695 5315 id
1725 5280 1819 5332 per

227 5335 414 5389 urbem
458 5348 673 5389 cantant
705 5355 889 5393 ltﬂtttt‘S
914 5381 927 5401 ,
960 5356 1023 5395 ac
1063 5353 1178 5409 post
1210 5354 1412 5400 tantum
1458 5353 1713 5419 temporis
1746 5356 1819 5409 rei

226 5438 393 5495 gesuu
416 5432 669 5481 ltlellltilid
703 5449 807 5483 non
842 5436 1096 5487 minuitur
1127 5440 1256 5491 :sed
1289 5440 1484 5506 Persm,
1514 5443 1650 5511 ludi,
1681 5446 1817 5517 Scy—

231 5518 359 5583 thas,
384 5517 639 5583 Thraces,
669 5522 1015 5589 Sun-.mnatm,
1044 5526 1229 5591 Mauri,
1257 5531 1342 5595 qui
1376 5532 1705 5591 Britannicas
1736 5540 1819 5591 in-

229 5607 375 5661 sulas
408 5608 665 5674 incolunt,
698 5615 835 5679 qunti
867 5614 916 5667 in
948 5614 1129 5670 Judaea
1162 5619 1213 5671 in
1252 5622 1411 5675 domo
1437 5626 1689 5695 quadam,
1724 5646 1823 5686 nec

912 5790 959 5821 εκ
988 5776 1147 5823 κειιτιρι.
1178 5776 1367 5840 legunt,
1394 5784 1710 5846 evangelium.

1122 368 1185 425 ΙΝ
1225 358 1627 423 Μιττιιλῑυιι
1672 349 1896 410 ιιυιιιι.
1942 348 2153 404 LXXX.
2196 351 2263 405 al.
2310 350 2545 408 LXXXI.

3430 346 3535 399 7‘6

1934 466 2128 531 palam,
2180 480 2208 519 a
2261 467 2541 520 meretrice
2590 464 2786 519 factum
2846 474 2925 518 est
2957 505 2971 528 ,
3003 462 3314 532 pradicant.
3347 462 3533 533 Magna

1935 559 2145 614 Domini
2175 559 2475 629 benignitas
2512 558 2847 614 meretricem
2892 556 2994 611 fert
3019 596 3035 620 ,
3066 558 3404 613 meretricem
3438 572 3529 627 pe-

1930 649 2028 705 des
2056 652 2387 707 osculantem
2415 693 2429 717 ,
2458 652 2685 720 oleoque
2715 649 2978 718 rigantem
3004 689 3019 713 ,
3051 656 3106 701 et
3131 649 3530 719 abstcrgemcm

1929 742 2171 811 capillis;
2203 743 2349 797 illam
2369 742 2624 808 admittit,
2657 751 2707 797 et
2748 748 3036 811 arguentes
3057 739 3297 809 increpat
3320 756 3332 793 :
3358 754 3532 811 neque

1930 836 2075 893 enim
2100 838 2339 908 oportuit
2366 853 2464 908 pro
2495 846 2642 890 lauto
2668 836 2847 891 studio
2877 835 3157 889 mulierem
3186 835 3527 904 reprehendi.

1931 926 2015 983 'l'u
2042 943 2171 983 vero
2190 928 2321 982 mihi
2342 928 2653 983 consideres
2673 926 2822 985 illud.
2848 941 3009 996 quam
3033 923 3248 980 sublimi
3274 926 3452 980 animo
3485 938 3531 980 et

1930 1019 1999 1073 ad
2036 1017 2460 1073 misericordiam
2504 1033 2678 1090 prono
2722 1028 2907 1088 postea
2950 1025 3155 1073 essent.
3188 1015 3253 1070 Et
3298 1031 3394 1072 cur
3424 1034 3456 1070 ιι
3473 1030 3530 1067 «ιιι

1931 1111 2251 1179 simpliciter
2274 1109 2431 1175 dixit,
2462 1110 2666 1165 Bmmm
2694 1123 2832 1179 opus
2854 1107 2983 1163 fecit
3015 1125 3029 1163 :
3060 1107 3156 1163 sed
3183 1108 3333 1178 prius
3352 1148 3367 1172 ,
3394 1106 3532 1175 Quid

1931 1200 2130 1255 molesti
2157 1202 2276 1256 estis
2305 1201 2507 1255 mulieri
2526 1202 2552 1255 2
2576 1199 2643 1257 Ut
2667 1201 2941 1256 discerent
2963 1214 3072 1255 non
3099 1214 3129 1254 τι
3157 1199 3421 1269 principio
3444 1214 3526 1255 su-

1931 1288 2177 1359 blimiora
2244 1289 2315 1346 ab
2365 1290 2722 1347 imbecillibus
2772 1296 2895 1347 esse
2942 1290 3194 1361 petenda.
3245 1287 3374 1345 Ideo
3426 1306 3529 1343 non

1932 1381 2101 1451 ipsam
2132 1397 2245 1439 rem
2276 1381 2594 1451 simpliciter
2620 1382 2891 1437 examinat
2916 1422 2931 1447 ,
2960 1381 3055 1437 sed
3085 1379 3264 1436 addita
3293 1380 3532 1434 mulieris

1934 1488 2183 1543 [versuum
2216 1472 2347 1527 Nam
2376 1473 2421 1528 si
2450 1472 2626 1540 legem
2660 1471 2841 1537 ferret,
2872 1472 2941 1529 de
2972 1472 3197 1528 muliere
3223 1487 3329 1526 non
3359 1472 3517 1542 teque

1932 1574 2080 1620 retur
2109 1579 2125 1621 :
2151 1564 2246 1619 sed
2270 1573 2328 1619 ut
2352 1564 2530 1620 discas
2550 1563 2600 1619 id
2622 1564 2843 1635 propter
2873 1564 3042 1634 ipsam
3068 1562 3270 1619 dictum
3297 1578 3440 1630 esse,
3467 1580 3533 1616 ne

1931 1657 2320 1726 germinantem
2343 1656 2463 1725 ejus
2490 1654 2650 1711 (idem
2676 1656 2996 1719 obruerent.
3024 1653 3121 1710 sed
3164 1655 3338 1725 magis
3384 1654 3535 1709 fore-

1932 1756 2056 1802 rent
2083 1766 2096 1800 :
2126 1746 2250 1804 ideo
2276 1748 2357 1803 sic
2387 1747 2644 1817 loquitur,
2675 1755 2733 1801 ut
2770 1759 2871 1802 nos
2896 1744 3087 1801 doceat
3108 1784 3125 1812 ,
3158 1747 3536 1817 quodcumque

1932 1839 2130 1893 bonum
2172 1854 2204 1895 a
2252 1840 2441 1909 quovis
2482 1838 2596 1903 fiat,
2626 1838 2838 1894 etiamsi
2881 1852 2989 1893 non
3019 1836 3308 1893 admodum
3357 1838 3534 1907 perfe-

1910 1937 2081 1985 -ctum
2110 1930 2198 1995 sit,
2232 1930 2634 2000 suscipiendum
2664 1944 2727 1986 ac
2755 1929 3043 1985 fovendum
3074 1945 3218 1997 esse,
3244 1938 3298 1985 et
3323 1931 3390 1984 ad
3418 1947 3533 1985 rna-

1931 2020 2047 2093 jora
2073 2020 2485 2077 deducendum:
2513 2035 2693 2092 neque
2741 2022 2893 2077 initio
2932 2037 3150 2077 munem
3193 2023 3537 2091 perlectionk
3614 2044 3617 2049 -

1933 2113 2327 2169 accurationem
2356 2127 2478 2169 esse
2505 2112 2871 2183 qnasrendam.
2900 2107 3033 2168 Nam
3054 2112 3326 2167 Christum
3350 2114 3420 2167 ita
3446 2130 3535 2163 vn-

1934 2203 2099 2259 luisse
2124 2202 2251 2259 hinc
2281 2213 2466 2274 patet,
2493 2202 2637 2274 quod
2668 2217 2791 2258 cum
2822 2216 2927 2257 nou
2963 2202 3220 2270 haberet,
3262 2203 3350 2258 ubi
3377 2216 3533 2273 caput

1933 2308 2089 2348 suum
2117 2294 2435 2356 reclinaret,
2466 2292 2673 2348 loculos
2700 2304 2880 2348 tamen
2915 2292 3253 2349 circumferri
3290 2294 3531 2363 jusserit.

1932 2388 2038 2445 Sed
2068 2398 2194 2445 tunc
2238 2389 2367 2444 illud
2395 2397 2608 2459 tempus
2638 2404 2743 2444 non
2771 2388 3087 2459 requirebat
3106 2430 3121 2452 ,
3156 2398 3213 2443 ut
3238 2404 3326 2442 res
3351 2403 3529 2443 emen-

1932 2482 2172 2546 daretur,
2204 2480 2299 2536 sed
2328 2491 2385 2536 ut
2411 2483 2778 2551 susciperetur
2805 2489 3035 2536 tantum.
3065 2478 3531 2548 Quemadumdmn

1932 2573 2077 2627 enim
2122 2573 2167 2628 si
2205 2574 2327 2643 quis
2363 2574 2431 2630 ab
2475 2588 2543 2630 eo
2593 2573 2949 2645 quaesivisset,
2994 2574 3222 2630 muliere
3275 2589 3381 2628 non
3433 2572 3535 2627 hoc

1933 2662 2107 2732 ipsum
2134 2662 2396 2731 faciente,
2425 2679 2532 2719 non
2564 2665 2636 2720 ita
2659 2658 2967 2722 faciendum
2997 2680 3121 2722 esse
3157 2664 3383 2721 dixisset
3412 2682 3426 2719 :
3455 2666 3533 2719 sic

1932 2755 2056 2825 quia
2079 2756 2168 2812 illa
2200 2757 2312 2827 jam
2347 2758 2565 2823 fecerat,
2594 2758 2648 2815 in
2677 2758 2730 2814 id
2759 2774 2923 2814 unum
2947 2769 3152 2815 tantum
3182 2760 3400 2830 respicit
3420 2802 3436 2827 ,
3466 2777 3534 2816 ne

1933 2848 2300 2918 increpatione
2338 2848 2724 2922 discipulorum
2769 2852 2823 2906 in
2863 2852 3139 2922 angustias
3165 2851 3485 2922 conjiciatur
3513 2894 3529 2918 ,

1930 2938 2025 2994 sed
2051 2947 2106 2993 ut
2137 2939 2252 3010 ipso
2294 2950 2517 2997 curante
2558 2941 2786 2998 alacrior
2824 2941 2959 2997 facta
2982 2981 2998 3008 ,
3028 2941 3082 2997 iu
3114 2939 3308 2999 melius
3338 2957 3530 3013 proce-

1929 3030 2039 3085 dat.
2069 3030 2201 3087 Nam
2226 3040 2505 3103 postquam
2528 3032 2707 3089 oleum
2727 3032 2955 3089 eﬂ'usum
2983 3033 3101 3101 fuit,
3120 3033 3231 3102 jam
3260 3049 3368 3088 non
3398 3044 3531 3088 tem-

1928 3123 2134 3189 pestiva
2155 3131 2274 3179 erat
2294 3123 2505 3179 illorum
2529 3123 2843 3194 increpatio.
2858 3123 2926 3180 Et
2951 3132 3007 3179 tu
3034 3138 3250 3195 quoque
3274 3125 3319 3181 si
3342 3141 3500 3193 quem

1929 3214 2072 3284 piam
2114 3213 2297 3270 rideas
2337 3230 2462 3269 vasa
2504 3228 2655 3270 sacra
2698 3214 3048 3270 adornantem
3080 3224 3136 3271 et
3170 3214 3486 3271 offerentem
3512 3257 3527 3281 ,

1927 3312 2021 3360 aut
2046 3304 2213 3360 alium
2250 3306 2493 3361 ecclesia:
2519 3313 2766 3361 ornatum
2789 3305 2929 3360 circa
2956 3320 3140 3360 muros
3167 3312 3224 3360 et
3254 3306 3528 3375 pavimen-

1928 3404 2041 3452 tum
2070 3396 2482 3453 concinnantem
2508 3439 2523 3459 .
2554 3411 2622 3453 uc
2646 3396 2839 3467 jubeas
2870 3396 2961 3452 illa
2989 3396 3325 3462 venumdari,
3357 3406 3450 3452 aut
3479 3398 3529 3451 id

1926 3486 2068 3557 quod
2098 3486 2294 3544 ﬂuctum
2320 3496 2405 3543 est
2428 3488 2623 3554 everti,
2654 3501 2726 3543 ne
2764 3487 2908 3543 illius
2932 3487 3263 3543 alacritatem
3294 3489 3529 3543 minuas.

1924 3579 1979 3634 Si
2006 3594 2135 3635 vero
2166 3581 2471 3651 priusquam
2518 3579 2633 3637 ha-c
2666 3580 2927 3648 adornet,
2959 3580 3242 3636 consilium
3282 3595 3313 3635 a
3353 3589 3406 3635 te
3440 3598 3527 3649 pe-

1927 3671 2091 3739 tierit,
2115 3672 2242 3742 jnhe
2267 3673 2591 3743 pauperibus
2610 3672 2727 3729 dari
2754 3692 2765 3729 :
2800 3689 2921 3728 nam
2947 3685 3001 3730 et
3029 3675 3163 3744 ipse,
3191 3690 3258 3729 ne
3287 3674 3529 3729 mulieris

1926 3762 2191 3819 {ei-vorem
2233 3766 2629 3837 exstingueret,
2660 3766 2732 3821 ita
2780 3766 2939 3832 fecit;
2968 3777 3023 3822 et
3062 3766 3319 3838 quidquid
3362 3767 3525 3834 dicit,

1922 3855 1991 3908 ad
2035 3856 2156 3924 ejus
2196 3856 2621 3913 consolationem
2654 3858 2846 3929 vergit.
2879 3856 3081 3914 Deinde
3108 3859 3234 3927 quia
3273 3858 3523 3922 dixerat,

1926 3946 2007 3999 Ad
2029 3946 2341 4015 sepulturam
2369 3964 2530 4002 nteant
2562 3949 2678 4019 fecit
2702 3964 2720 4003 :
2749 3964 2817 4004 ne
2844 3949 3122 4005 videretur
3149 3950 3434 4006 mulierem
3477 3952 3527 4005 in

1925 4036 2145 4092 dubium
2173 4041 2441 4109 conjicere
2464 4080 2480 4106 ,
2507 4040 2636 4096 dum
2676 4043 3007 4112 sepulturam
3038 4052 3094 4099 et
3121 4053 3349 4098 mortem
3375 4060 3528 4099 eom-

1928 4140 2273 4195 mcmoraret,
2303 4130 2425 4185 vide
2450 4133 2721 4202 quomodo
2758 4135 2809 4189 in
2837 4126 3188 4205 sequentibus
3215 4137 3359 4189 illam
3390 4138 3530 4191 solu-

1927 4230 2016 4276 tur
2061 4223 2144 4276 his
2190 4221 2411 4278 verbis:
2446 4224 2595 4290 Quod
2644 4226 2756 4279 lia’c
2804 4226 2924 4296 fecit
2972 4226 3268 4281 narrabitur
3318 4230 3376 4280 ir:
3426 4238 3530 4282 tota

1926 4315 2138 4369 unmdo.
2166 4314 2278 4369 Hoc
2302 4326 2355 4369 et
2384 4316 2659 4384 discipulis
2686 4318 3041 4374 consolatiOni
3070 4328 3209 4385 erat,
3233 4334 3290 4375 et
3318 4321 3527 4376 mulieri

1927 4407 2066 4461 laudi
2104 4417 2159 4462 et
2200 4408 2471 4463 levamini.
2503 4408 2705 4466 Omnes
2725 4451 2743 4478 ,
2772 4410 2963 4482 inquit,
2994 4412 3139 4467 illam
3172 4424 3355 4483 postea
3381 4415 3527 4469 cele-

1928 4498 2193 4565 brabunt;
2226 4516 2365 4561 nunc
2394 4502 2696 4571 passionem
2730 4504 3128 4573 pra-nuntiavit,
3160 4505 3287 4561 dum
3318 4522 3379 4560 ea
3413 4524 3529 4575 qua:

1927 4594 1992 4649 ad
2015 4594 2344 4661 sepulturam
2372 4596 2640 4663 pertinent
2667 4596 2860 4650 obtulit
2888 4615 2901 4651 :
2930 4612 3001 4653 ne
3030 4597 3209 4670 itaque
3236 4600 3356 4669 quis
3385 4600 3530 4653 illam

1930 4684 2188 4753 increpet.
2234 4685 2465 4739 Tantum
2509 4688 2654 4741 enim
2702 4688 2857 4742 abest
2887 4697 2945 4744 ut
2993 4690 3135 4744 illam
3162 4690 3439 4758 damnent,
3479 4707 3525 4744 ιιι
3559 4723 3563 4726 ν

1929 4792 2047 4844 qua:
2065 4774 2411 4840 malefecerit,
2437 4786 2490 4831 ut
2513 4777 2906 4847 reprehendam
2928 4788 2987 4835 ut
3006 4797 3126 4852 quae
3146 4781 3455 4853 deliquerit,
3479 4798 3531 4837 ut

1930 4882 2035 4920 non
2063 4868 2234 4922 sinam
2262 4869 2458 4923 factum
2482 4870 2669 4937 latere,
2698 4872 2795 4947 sed
2822 4872 3055 4927 mundus
3075 4873 3208 4930 sciet
3240 4873 3290 4928 id
3314 4876 3453 4946 quod
3481 4877 3531 4929 iu

1930 4960 2093 5013 domo
2121 4969 2176 5015 et
2220 4960 2270 5014 in
2300 4960 2620 5016 abscondito
2648 4962 2849 5017 factum
2875 4973 2977 5019 est.
3006 4964 3138 5019 Nam
3176 4981 3207 5020 a
3238 4967 3324 5037 pia
3353 4978 3533 5021 menti:

1931 5050 2045 5103 inec
2074 5048 2307 5121 profecta
2334 5062 2548 5115 suut,et
2570 5068 2599 5107 a
2623 5052 2728 5109 fide
2758 5054 2969 5109 ardenti
2990 5064 3044 5110 et
3066 5056 3249 5111 animo
3278 5059 3529 5112 contrito.

1929 5140 2038 5195 Cur
2065 5157 2193 5196 vero
2220 5141 2350 5196 nihil
2382 5144 2661 5212 spirituale
2689 5146 2934 5215 promisit
2963 5146 3198 5214 mulieri,
3226 5148 3319 5201 sed
3347 5163 3530 5217 perpo—

1933 5241 2077 5286 tuam
2108 5236 2463 5289 memoriam?
2483 5236 2587 5291 Per
2607 5234 2722 5292 haec
2753 5238 2805 5291 id
2834 5237 3035 5307 effecit,
3061 5250 3115 5293 ut
3142 5239 3212 5295 de
3239 5239 3343 5295 illis
3373 5242 3536 5296 etiam

1931 5335 2192 5391 speraret.
2223 5325 2356 5381 Nam
2400 5327 2447 5381 si
2490 5344 2624 5399 apns
2654 5329 2853 5385 bonum
2895 5331 3055 5397 fecit,
3080 5332 3223 5386 haud
3262 5332 3427 5388 dubie
3456 5335 3535 5385 di-

1930 5432 2089 5485 gnam
2130 5417 2432 5471 umrcedem
2461 5421 2702 5488 recipiet.
2736 5422 2823 5477 14.
2859 5422 3001 5477 Tum:
3030 5424 3290 5493 profectus
3320 5442 3448 5477 tutus
3475 5440 3537 5476 ea:

1931 5508 2197 5560 duodecim
2222 5508 2391 5563 Judas
2410 5550 2425 5574 ,
2456 5512 2545 5580 qui
2573 5513 2833 5567 dicebatur
2861 5514 3159 5585 Iscariotes,
3188 5518 3258 5570 ad
3284 5517 3538 5583 principes

1931 5600 2271 5665 sacerdotum,
2302 5601 2385 5654 l5.
2418 5602 2547 5656 dixit
2571 5620 2588 5655 :
2614 5604 2750 5670 Quid
2776 5607 2926 5662 vultis
2950 5608 3072 5661 mihi
3092 5609 3232 5672 dare,
3262 5617 3310 5662 et
3335 5624 3425 5677 ego
3447 5624 3537 5661 vo-

1932 5690 2005 5744 bis
2036 5697 2231 5745 trrutnm
2262 5710 2373 5747 eam
2397 5697 2421 5747 ?
2446 5695 2625 5761 Tunc;
2657 5700 3038 5773 quandonatn?
3064 5700 3195 5755 Cum
3228 5700 3345 5755 haec
3384 5700 3537 5755 dicc-

1936 5797 2139 5845 rcntnr,
2176 5803 2293 5837 (‘Ulll
2320 5788 2473 5851 dixit,
2509 5790 2586 5841 Ad
2626 5801 2937 5858 sepulturam
2974 5808 3135 5847 meum
3165 5809 3183 5847 :
3213 5808 3383 5863 neque
3414 5794 3537 5847 inde

3130 5918 3202 5976 Π
