4074 6424
516 368 622 425 727

517 487 865 550 compunctus
887 487 969 533 est
1005 497 1015 531 :
1050 492 1221 548 neque
1258 479 1462 542 timuit,
1492 491 1612 531 cum
1639 474 1840 529 audivit
1863 514 1876 535 ,
1904 469 2098 541 pracdi-

517 570 741 627 aandnm
772 569 968 639 ubique
1007 585 1126 624 esse
1151 569 1521 639 Evangeliuin.
1551 566 1681 620 Nam
1711 563 1852 633 quod
1891 562 2097 616 diceba-

517 673 604 717 tur
631 662 842 716 virtutis
865 670 978 717 erat
1010 660 1288 715 inelfabilis
1321 678 1334 714 :
1376 659 1468 715 sed
1495 675 1614 713 cum
1644 657 1914 720 mulieres,
1949 655 2105 724 ipsa:-

511 769 616 821 qtte
645 754 958 808 meretrices
979 760 1181 807 tantum
1199 751 1278 806 illi
1305 751 1681 817 impendebant
1711 746 1950 810 honoris,
1980 757 2102 799 tunc

515 844 610 899 ille
634 843 951 898 diabolicum
981 841 1187 897 facinus
1208 840 1419 898 edebat.
1439 840 1547 895 Cur
1570 849 1746 894 autem
1769 838 1884 907 ejus
1907 850 2101 905 cogno-

513 947 637 988 men
663 933 884 989 dicunt?
908 933 1043 1002 Quia
1070 932 1209 988 alius
1232 931 1396 988 Iudas
1424 939 1558 988 erat.
1585 930 1768 1000 Neque
1811 937 1984 983 tamen
2019 925 2100 978 di-

513 1037 639 1078 cere
655 1023 922 1087 dubitant,
952 1021 1126 1091 ipsum
1155 1037 1187 1078 e
1216 1036 1442 1076 numero
1484 1020 1763 1076 duodecim
1809 1017 1992 1072 fuisse.
2024 1014 2097 1069 Ita

514 1112 650 1170 nihil
677 1113 944 1168 occultant
969 1127 1155 1168 eorum
1176 1126 1294 1181 qua:
1319 1110 1575 1182 probrosa
1599 1125 1721 1166 esse
1750 1107 2094 1163 videbantur:

515 1219 834 1274 quamquam
863 1211 1109 1274 poterant
1131 1202 1672 1276 simpliciterdicere,
1704 1201 1875 1270 ipsum
1903 1212 1967 1252 ex
1997 1211 2097 1250 titi-

514 1309 666 1349 mero
695 1283 1078 1364 discipulorum
1127 1293 1311 1349 fuisse.
1340 1293 1507 1348 Erant
1543 1293 1738 1362 quippe
1776 1291 1865 1344 alii
1907 1296 2100 1358 praeter

513 1385 797 1441 duodecim
824 1386 962 1441 illos.
993 1385 1142 1442 Nunc
1169 1387 1390 1450 addunt,
1422 1385 1504 1440 Ex
1530 1384 1795 1439 duodecim
1816 1426 1834 1452 ,
1861 1398 1924 1439 ac
1952 1383 1995 1439 si
2021 1382 2101 1438 di-

514 1486 720 1540 cerent,
749 1491 816 1530 en
846 1476 1018 1545 primo
1043 1476 1210 1531 choro
1239 1490 1428 1530 eorum
1451 1515 1467 1538 ,
1499 1490 1632 1544 quos
1674 1473 1827 1545 quasi
1869 1476 2100 1542 Optimos

513 1566 694 1636 elegit,
724 1565 813 1636 qui
852 1580 974 1619 cum
1017 1565 1172 1620 Petro
1195 1575 1249 1622 et
1273 1563 1479 1622 Joanne
1503 1573 1675 1620 erant.
1710 1563 1877 1620 Unam
1903 1563 2100 1633 quippe

510 1657 771 1712 curabant
797 1657 1094 1722 veritatem,
1128 1673 1227 1714 nec
1255 1673 1343 1713 res
1366 1666 1545 1728 gestas
1569 1657 1945 1713 obscurahant.
1978 1656 2100 1709 Ideo

512 1749 665 1820 signa
691 1750 849 1804 multa
874 1757 1307 1819 prmtercurrunt,
1325 1765 1390 1805 ex
1419 1749 1482 1803 iis
1500 1758 1676 1802 autem
1698 1763 1817 1817 qua:
1845 1746 2098 1816 probrosa

506 1851 630 1893 esse
660 1834 973 1894 videbantur
993 1839 1121 1893 nihil
1138 1839 1333 1903 celant,
1361 1838 1457 1894 sed
1477 1839 1589 1892 sive
1613 1837 1977 1899 verbum,sivc
2001 1851 2096 1904 ge-

510 1937 672 1994 stum,
687 1930 1020 2000 sivequidvis
1033 1931 1173 1986 aliud
1190 1947 1314 1986 cum
1334 1931 1576 1986 libertate
1588 1939 1642 1986 et
1659 1929 1846 1984 fiducia
1859 1938 2093 1983 narrant.

583 2020 637 2073 5.
678 2019 860 2090 Neque
900 2021 951 2074 hi
989 2030 1216 2086 tantum,
1249 2020 1344 2076 sed
1374 2021 1532 2076 etiam
1559 2020 1646 2090 qui
1675 2019 1987 2074 sublimiora
2021 2019 2100 2070 lo-

510 2112 775 2179 quebatur
801 2110 1054 2167 Joannes.
1088 2112 1180 2168 Ille
1206 2116 1348 2169 enim
1380 2114 1646 2182 prmcipue
1675 2121 1854 2167 narrat
1882 2121 1937 2166 et
1961 2127 2094 2166 con-

515 2201 759 2256 tumelias
803 2210 857 2256 et
902 2201 1187 2271 Opprobria
1237 2218 1355 2272 qum
1402 2203 1634 2272 pertulit.
1673 2203 1741 2257 Et
1790 2201 1912 2257 vide
1969 2201 2096 2256 mihi

510 2301 765 2362 quantum
805 2292 875 2347 sit
913 2291 1065 2348 Judte
1107 2291 1313 2358 scelus,
1341 2309 1499 2364 quam
1542 2302 1735 2363 sponte
1776 2293 2094 2358 accesserit,

505 2384 720 2451 quando
749 2385 993 2452 pactione
1016 2383 1256 2453 pecuniae
1292 2394 1346 2440 et
1375 2384 1616 2454 pecunia:
1644 2384 1858 2440 tantula:
1886 2385 1984 2440 hoc
2022 2385 2100 2442 fe-

513 2471 606 2526 cit.
635 2471 803 2526 Lucas
834 2488 962 2528 vero
991 2473 1149 2539 dicit,
1184 2474 1356 2546 ipsum
1392 2489 1514 2529 cum
1561 2474 1783 2532 ducibus
1836 2475 2098 2546 pepigisse

511 2558 658 2629 (Luc.
689 2560 899 2631 εἰμι).
945 2562 1168 2633 Propter
1213 2562 1505 2619 seditiones
1555 2565 1697 2619 enim
1748 2563 2053 2619 Judtcorum
2080 2606 2095 2629 ,

514 2651 866 2721 praefecerunt
896 2653 1118 2709 Romani
1150 2655 1377 2726 aliquos,
1416 2655 1505 2725 qui
1548 2654 1689 2710 bono
1714 2670 1893 2711 rerum
1920 2656 2096 2711 ordini

499 2742 882 2812 advigilaront.
915 2744 1045 2799 Nam
1085 2746 1410 2816 principatus
1453 2761 1638 2802 eorum
1681 2747 1794 2817 jam
1829 2747 2098 2802 defecerat

509 2835 802 2887 sectunlum
835 2836 1183 2903 prophetiam.
1214 2835 1326 2891 Hos
1355 2836 1510 2906 igitur
1548 2837 1734 2892 adiens
1757 2837 1889 2891 dixit
1918 2855 1931 2890 :
1962 2836 2097 2902 Quid

508 2923 658 2977 vultis
704 2925 827 2978 milii
853 2926 1009 2990 dare,
1044 2936 1090 2980 et
1132 2943 1224 2997 ego
1254 2927 1391 2982 vobis
1438 2943 1553 2980 eum
1598 2927 1838 2980 tradam?
1866 2925 1956 2981 Illi
1985 2943 2097 2982 vero

509 3017 867 3071 constituerunt
904 3018 948 3073 ei
991 3019 1198 3090 tn'ginta
1238 3028 1518 3090 argenteos.
1552 3019 1639 3075 16.
1671 3017 1740 3072 Et
1767 3034 1831 3073 ea:
1876 3034 1934 3073 eo
1969 3029 2095 3073 tem-

512 3111 908 3179 pore-qumrebat
945 3111 1370 3180 apportuiiitalem
1393 3152 1409 3178 ,
1435 3121 1489 3164 ut
1526 3111 1744 3166 traderet
1782 3127 1916 3166 eum.
1962 3111 2095 3165 Nam

513 3200 732 3254 timebat
760 3201 1172 3265 multitudinem,
1205 3202 1441 3273 nihilque
1460 3203 1601 3256 aliud
1623 3201 1914 3272 qumrcbat,
1935 3218 2092 3271 quam

513 3299 570 3343 nt
598 3289 742 3343 illum
770 3301 1002 3360 caperet.
1036 3291 1082 3347 Ο
1104 3293 1422 3347 stultitiam?
1450 3293 1717 3361 quomodo
1747 3294 1891 3347 illum
1917 3309 2094 3349 exem-

514 3379 655 3433 cavit
675 3381 911 3450 pecunia:
934 3382 1124 3436 amor?
1152 3382 1282 3437 Nam
1307 3384 1396 3453 qui
1425 3384 1570 3438 illum
1600 3398 1742 3453 smpe
1772 3385 1972 3438 viderat
2004 3399 2098 3452 per

513 3471 714 3525 medios
746 3480 1127 3540 transeuntem,
1157 3489 1256 3529 nec
1294 3485 1528 3544 captum,
1560 3490 1779 3546 suaeque
1803 3475 2096 3530 divinitatis

511 3572 566 3616 et
592 3564 841 3630 potentia:
870 3573 1180 3632 argumenta
1209 3566 1371 3618 multa
1402 3565 1615 3621 dantem
1636 3607 1652 3632 ,
1683 3566 1916 3636 speravit
1947 3581 2004 3620 se
2032 3567 2096 3620 il-

513 3652 621 3704 lum
651 3666 842 3720 capere
882 3667 1070 3722 posse;
1101 3655 1391 3722 prtesertim
1418 3670 1537 3709 cum
1566 3665 1643 3711 tot
1670 3655 1743 3710 illi
1783 3656 1944 3710 verba
1973 3671 2094 3725 pro-

513 3743 718 3797 tulisset
745 3743 994 3797 tcrribilia
1024 3745 1181 3798 simul
1205 3757 1258 3801 et
1285 3755 1559 3801 mansueta
1579 3787 1596 3812 ,
1625 3755 1683 3802 ut
1719 3747 1855 3801 hanc
1899 3749 2093 3801 malam

513 3833 602 3886 ille
633 3833 1014 3902 cogitationem.
1039 3834 1307 3904 abjiceret.
1339 3835 1521 3906 Neque
1549 3837 1691 3892 enim
1744 3836 1795 3891 in
1837 3851 1990 3892 omnia
2028 3837 2094 3890 ab

511 3938 577 3978 eo
602 3924 838 3979 curando
865 3925 1103 3991 destitit,
1133 3927 1228 3981 sed
1261 3942 1427 3996 usque
1468 3927 1535 3982 ad
1570 3929 1810 3981 ultimum
1842 3929 1981 3982 diem
2013 3928 2095 3981 his

512 4013 578 4068 de
606 4014 763 4070 rebus
791 4015 963 4084 ipsum
990 4015 1376 4087 alloquebatur.
1406 4017 1510 4073 Sed
1544 4019 1674 4073 nihil
1698 4021 1747 4074 id
1777 4020 1850 4073 illi
1877 4020 2092 4088 profuit.

509 4105 620 4160 Nec
649 4115 822 4161 tamen
852 4107 970 4161 ideo
1002 4108 1257 4164 Dominus
1285 4111 1518 4164 cessavit
1542 4127 1661 4182 qua:
1692 4126 1792 4165 sua
1834 4124 1989 4166 erant
2015 4113 2093 4165 fa-

509 4210 655 4252 cere.
685 4197 809 4252 llzec
851 4199 1025 4269 itaque
1065 4214 1186 4254 eum
1230 4215 1330 4254 nos
1360 4201 1609 4266 sciamus,
1642 4202 1771 4257 nihil
1817 4218 1922 4258 non
1968 4220 2094 4274 aga-

513 4304 632 4344 mus
660 4290 726 4344 ad
749 4291 1078 4346 revocandos
1101 4305 1406 4362 peceatores
1429 4305 1482 4348 et
1509 4294 1746 4359 desides,
1782 4306 2057 4351 monentes
2078 4338 2093 4361 ,

501 4381 768 4436 docentes
790 4423 807 4447 ,
837 4381 1201 4448 obsecrantes,
1234 4382 1507 4438 hortantes
1531 4425 1545 4447 ,
1575 4385 1852 4440 consilium
1884 4386 2092 4453 dantes,

507 4471 607 4526 etsi
650 4471 782 4526 nihil
823 4473 1186 4543 proﬁciamus.
1215 4473 1346 4528 Nam
1381 4473 1624 4530 Christus
1673 4476 1980 4544 prtescicbat
2005 4477 2098 4532 Ju-

513 4562 635 4617 dam
667 4577 952 4634 numquam
975 4566 1367 4620 emendandum
1399 4566 1510 4622 fore
1539 4585 1551 4622 :
1580 4575 1634 4622 et
1663 4568 1839 4624 tamen
1870 4585 1974 4622 non
2002 4569 2098 4624 de-
2146 4623 2151 4625 _

506 4653 731 4708 sistebat
749 4668 844 4708 sua
869 4655 1064 4724 facere,
1089 4657 1375 4722 monendo,
1405 4660 1804 4725 comminando,
1837 4662 2093 4716 miserum

509 4743 760 4812 dicendo,
788 4753 842 4801 et
871 4762 1157 4818 numquam
1182 4749 1346 4813 clare,
1374 4749 1467 4804 sed
1498 4752 1843 4808 subobscure.
1870 4754 1924 4808 lu
1954 4755 2096 4824 ipso-

515 4851 621 4906 que
664 4838 980 4906 proditionis
1024 4848 1301 4911 tempore,
1343 4842 1673 4899 osculantem
1716 4860 1773 4899 se
1805 4848 1958 4902 tulit:
2002 4847 2096 4903 sed

516 4928 648 4981 nihil
681 4929 767 4983 illa
792 4929 1062 4998 profuere.
1092 4931 1323 4987 Tantum
1351 4943 1433 4988 est
1459 4937 1677 4990 avaritia
1708 4939 1902 4994 tnalum
1938 4960 1949 4993 :
1983 4941 2097 4998 hare

508 5017 701 5087 quippe
717 5018 866 5074 illum
883 5033 934 5075 et
949 5021 1263 5092 sacrilegum
1286 5032 1342 5079 et
1355 5025 1679 5093 proditorem
1696 5028 1886 5084 effecit.
1910 5033 2099 5090 Audite

509 5124 694 5164 omnes
722 5113 906 5181 avari,
930 5114 1016 5182 qui
1044 5113 1195 5169 Jud:c
1231 5116 1417 5170 morbo
1474 5117 1731 5174 laboratis
1763 5138 1776 5174 :
1831 5123 2006 5178 atnlite
2046 5135 2099 5181 et

509 5212 690 5258 cavete
709 5204 859 5260 vobis
883 5205 950 5260 ab
976 5207 1065 5261 illo
1091 5208 1298 5263 morbo.
1327 5209 1456 5264 Nam
1484 5212 1526 5264 si
1569 5215 1612 5266 is
1640 5214 1726 5282 qui
1750 5229 1867 5267 cum
1891 5215 2100 5271 Christo

513 5291 764 5360 vivebat,
795 5297 883 5366 qui
915 5296 1063 5366 signa
1078 5297 1327 5354 ediderat
1350 5340 1364 5364 ,
1397 5301 1486 5370 qui
1528 5312 1670 5357 tanta
1705 5303 1979 5359 fruebatur
2002 5307 2100 5360 dn-

508 5385 699 5447 etriua,
731 5389 849 5456 quia
879 5389 1066 5443 abhoe
1087 5391 1275 5445 morbo
1296 5407 1403 5446 non
1426 5410 1484 5450 se
1504 5396 1718 5464 expedit
1735 5398 1791 5460 it,
1817 5397 1868 5451 in
1902 5410 2099 5453 tantum

510 5474 811 5530 barathrum
834 5479 1077 5549 delapsus
1095 5491 1195 5545 est;
1219 5484 1386 5536 multo
1409 5487 1576 5554 magis
1597 5502 1712 5553 vos,
1740 5489 1825 5556 qui
1850 5505 1945 5543 nec
1965 5492 2104 5544 Stri-

511 5573 694 5631 ploras
719 5567 960 5634 audistis,
986 5573 1074 5641 qtti
1093 5587 1305 5642 semper
1317 5576 1673 5643 prmscntibus
1695 5578 1889 5632 addicti
1910 5579 2096 5645 fuistis,

509 5656 574 5709 ab
601 5657 700 5713 hoc
731 5661 920 5717 morbo
943 5661 1097 5719 facile
1124 5665 1426 5734 capiemini,
1455 5668 1558 5724 nisi
1578 5669 1792 5726 assidue
1824 5671 1920 5741 ipsi
1951 5673 2100 5728 advi-

509 5747 702 5816 giletis.
723 5751 966 5820 Quotidie
991 5755 1074 5810 illc
1097 5761 1214 5810 eum
1233 5757 1447 5814 Christo
1467 5769 1600 5827 erat,
1625 5765 1717 5831 qui
1742 5776 1844 5817 non
1871 5762 2100 5819 habebat

1225 365 1281 423 8.
1323 361 1601 421 JOANNIS
1635 352 2112 416 CIIBYSOSTOMI
2152 351 2468 410 ARCIIIEP.
2509 350 3042 446 COt‘i'STANTlNOP.

3691 355 3811 410 vsa

2207 469 2295 523 ubi
2325 478 2480 538 caput
2510 485 2666 524 suum
2695 470 3016 534 reclinaret,
3063 477 3113 524 et
3147 468 3383 540 quotidie
3412 469 3481 523 ab
3527 469 3618 522 illo
3647 470 3808 524 insti-

2208 561 2451 618 tuebatur
2477 562 2726 631 operibus
2759 569 2815 615 et
2841 560 3041 627 verbis,
3075 575 3181 614 non
3208 570 3456 630 oportere
3485 575 3699 624 aurum,
3721 562 3810 614 vel

2207 659 2483 722 argentum
2512 690 2528 716 ,
2581 650 2666 704 vel
2697 650 2832 704 duas
2887 652 3092 704 tunicas
3122 649 3320 704 habere
3343 689 3358 714 ,
3407 664 3581 719 neque
3627 658 3814 704 tamen

2207 739 2431 809 resipuit
2460 758 2474 794 :
2501 747 2555 794 et
2601 738 2869 810 quomodo
2912 748 2969 794 tu
2994 755 3211 809 sperare
3259 749 3409 809 potes
3435 780 3452 806 ,
3495 749 3553 794 te
3593 739 3663 794 ab
3708 738 3814 794 hoc

2207 831 2394 886 morbo
2438 831 2771 886 liberandum
2801 847 2922 887 esse
2947 873 2962 898 ,
2992 831 3093 886 nisi
3125 831 3344 886 multam
3380 846 3563 887 curam
3594 842 3648 886 et
3688 832 3817 888 dili-

2203 922 2438 990 gentiam
2463 921 2757 976 adhibeas?
2784 921 2936 976 Acris
2956 931 3059 985 est,
3082 922 3221 977 acris
3239 930 3387 978 certe
3406 932 3490 978 est
3515 922 3630 978 haec
3650 921 3768 978 fera
3797 940 3812 976 :

2203 1017 2438 1064 attamen
2480 1009 2527 1064 si
2557 1011 2690 1066 velis
2715 1051 2729 1075 ,
2779 1010 2935 1067 facile
2965 1011 3165 1067 vinces.
3197 1011 3324 1068 Haec
3365 1012 3507 1068 enim
3537 1013 3816 1084 cupiditas

2204 1115 2310 1154 non
2341 1102 2648 1156 necessario
2676 1117 2714 1181 ag
2745 1111 2933 1157 natura
2962 1103 3179 1174 prodit,
3222 1112 3280 1158 ut
3311 1103 3488 1174 palam
3529 1115 3612 1160 est
3643 1122 3714 1161 ex
3743 1107 3814 1161 iis

2203 1191 2293 1261 qui
2324 1191 2410 1246 illa
2437 1202 2683 1262 expertes
2708 1202 2832 1248 sunt
2858 1210 2872 1248 :
2896 1209 3018 1248 nam
3044 1209 3164 1266 qua:
3181 1209 3211 1248 a
3237 1205 3428 1250 natura
3457 1195 3814 1265 proficiscun-

2205 1288 2312 1346 tur,
2339 1287 2463 1335 sunt
2487 1283 2736 1337 omnibus
2763 1284 3100 1350 communia;
3135 1284 3249 1340 htec
3279 1300 3408 1341 vero
3436 1285 3706 1355 cupiditas
3733 1302 3804 1341 ex

2205 1369 2405 1426 desidia
2436 1372 2608 1428 solum
2637 1375 2875 1428 nascitur
2900 1393 2913 1429 :
2943 1375 3066 1430 inde
3094 1377 3352 1440 nascitur,
3386 1376 3513 1431 inde
3538 1389 3768 1448 augetur
3787 1420 3807 1444 ,

2203 1475 2402 1532 eosque
2430 1463 2519 1533 qui
2546 1462 2611 1517 ad
2635 1463 2806 1533 ipsam
2825 1464 3033 1520 inhiant
3055 1481 3176 1519 cum
3207 1466 3378 1522 semel
3407 1468 3632 1538 ceperit,
3663 1470 3813 1538 cogit

2205 1561 2397 1622 pra'ter
2416 1563 2657 1609 naturam
2679 1556 2878 1610 vivere.
2899 1555 3031 1611 Nam
3049 1571 3167 1611 cum
3190 1557 3438 1628 ignorent
3453 1559 3810 1626 contribules,

2205 1643 2433 1710 amicos,
2465 1642 2676 1712 fratres,
2706 1655 2980 1715 cognatos,
3009 1661 3196 1702 omnes
3225 1648 3576 1718 simpliciter,
3605 1658 3810 1706 etcum

2207 1731 2293 1785 his
2318 1732 2479 1787 etiam
2506 1737 2736 1803 seipsos,
2770 1750 2948 1790 annon
2979 1738 3077 1791 hoc
3105 1747 3188 1792 est
3217 1747 3412 1806 praeter
3453 1749 3701 1794 naturain
3733 1741 3812 1795 vi-

2203 1823 2372 1878 vere?
2394 1823 2543 1880 Unde
2564 1827 2734 1895 palam
2751 1835 2851 1890 est,
2867 1828 3154 1897 nequitiam
3175 1843 3295 1884 esse
3316 1839 3512 1899 praeter
3536 1840 3808 1899 naturam,

2205 1928 2412 1969 necnon
2441 1917 2678 1970 avaritiae
2720 1918 2964 1972 morbum
2985 1959 3002 1985 ,
3038 1920 3090 1973 in
3119 1934 3278 1989 quem
3313 1921 3564 1991 delapsus
3596 1921 3767 1980 ludas
3789 1965 3807 1990 ,

2208 2005 2452 2084 proditor
2483 2006 2655 2062 factus
2676 2019 2778 2063 est.
2814 2009 2880 2063 Et
2906 2011 3172 2080 quomodo
3200 2012 3321 2066 talis
3349 2013 3520 2068 factus
3563 2024 3651 2070 est
3671 2055 3686 2080 ,
3717 2015 3809 2070 in-

2201 2098 2389 2168 quies.
2418 2108 2636 2155 vocatus
2677 2117 2707 2155 a
2732 2101 2986 2158 Christo?
3029 2103 3161 2170 Quia
3208 2103 3302 2160 Dei
3333 2107 3544 2162 vocatio
3588 2107 3803 2163 nullum

2203 2189 2382 2257 cogit,
2414 2205 2585 2259 neque
2629 2193 2933 2248 violentiam
2984 2194 3143 2249 infert
3171 2197 3428 2252 voluntati
3469 2213 3658 2254 eorum
3704 2202 3799 2270 qui

2205 2282 2394 2337 nolunt
2423 2284 2666 2339 virtutem
2704 2286 2902 2356 eligere
2925 2328 2951 2352 ν
2980 2288 3072 2342 sed
3105 2286 3350 2344 hortatur
3387 2289 3583 2360 datque
3622 2293 3810 2347 consi-

2205 2373 2331 2426 lium
2353 2415 2368 2436 ,
2395 2383 2554 2445 atque
2581 2375 2758 2430 omnia
2795 2377 2920 2430 facit
2945 2385 2999 2432 et
3026 2389 3280 2447 operatur
3303 2421 3318 2447 ,
3351 2390 3408 2436 ut
3427 2381 3652 2438 suadeat
3679 2397 3808 2439 esse

2203 2462 2374 2516 bonos
2403 2484 2416 2518 :
2447 2464 2492 2517 si
2521 2478 2648 2521 vero
2674 2465 2887 2532 quidam
2921 2477 3250 2538 repugnent,
3286 2484 3391 2526 non
3418 2472 3805 2530 necessitatem

2203 2552 2386 2609 infert.
2419 2552 2477 2610 Si
2521 2554 2600 2608 vis
2629 2555 2838 2611 discere
2859 2598 2872 2620 ,
2905 2557 3046 2612 unde
3074 2559 3187 2628 ipse
3215 2560 3334 2615 talis
3361 2560 3533 2616 factus
3562 2563 3669 2628 sit,
3717 2565 3805 2618 ia-

2203 2645 2385 2700 venies
2432 2645 2602 2715 ipsum
2659 2648 3001 2716 pecuniarum
3063 2650 3353 2720 cupiditate
3401 2653 3644 2722 periisse.
3697 2654 3807 2712 Sed

2199 2735 2470 2806 quomodo
2496 2777 2511 2799 ,
2562 2737 2806 2807 inquies,
2861 2738 2958 2794 hac
2991 2741 3236 2807 passione
3281 2751 3463 2811 captus
3509 2743 3634 2798 est?
3669 2744 3808 2809 Quia

2201 2827 2359 2883 deses
2382 2829 2763 2899 negligensque
2791 2829 2909 2885 fuit.
2945 2831 3077 2888 llinc
3101 2835 3244 2888 enim
3289 2835 3423 2890 tales
3453 2835 3584 2890 fiunt
3627 2849 3806 2890 mnta-

2205 2921 2398 2982 tiones.
2433 2930 2489 2974 ut
2517 2923 2847 2976 contrarium
2876 2938 2939 2978 ex
2969 2924 3242 2994 diligentia
3266 2927 3459 2980 evenit.
3491 2926 3633 2993 Quot
3653 2933 3800 2981 enim

2202 3012 2290 3082 qui
2321 3011 2724 3068 violenti‘erant
2747 3053 2760 3077 ,
2811 3029 2954 3069 nunc
2995 3026 3119 3068 sunt
3146 3015 3334 3070 ovibus
3369 3018 3804 3074 mansuetiores!

2201 3112 2332 3174 quot
2356 3104 2558 3169 lascivi,
2592 3116 2776 3174 postea
2803 3108 2933 3161 casti
2964 3107 3215 3161 fuerunt?
3238 3116 3370 3176 quot
3395 3109 3541 3162 avari
3572 3120 3626 3164 et
3651 3126 3807 3178 rapa—

2201 3209 2312 3261 ces,
2334 3211 2474 3251 nunc
2498 3211 2590 3251 sua
2614 3196 2976 3266 profundunt?
2996 3197 3333 3253 Contrarium
3358 3214 3486 3253 vero
3510 3215 3575 3255 ex
3597 3200 3806 3255 desidia

2201 3287 2389 3343 oritur.
2422 3287 2555 3342 Nam
2582 3288 2728 3343 Ciezi
2771 3305 2891 3343 cum
2923 3291 3037 3344 viro
3077 3301 3263 3346 sancto
3301 3292 3549 3356 vivebat,
3605 3302 3659 3347 et
3692 3294 3808 3363 ipse

2203 3377 2477 3448 improbus
2503 3379 2693 3443 evasit,
2725 3381 2825 3434 hoc
2856 3380 2972 3449 ipso
3001 3383 3188 3435 morbo
3219 3382 3468 3437 laborans
3488 3422 3504 3448 ,
3533 3383 3622 3452 qui
3653 3394 3808 3439 certe

2201 3472 2439 3525 omnium
2481 3470 2804 3527 deterrimus
2836 3483 2918 3526 est
2959 3473 3052 3543 (4.
3085 3472 3213 3544 Reg.
3255 3472 3351 3544 5).
3384 3474 3518 3528 Hinc
3537 3475 3809 3544 prodeunt

2199 3560 2566 3629 sepulcrorum
2597 3561 2910 3627 elfossores,
2941 3565 3063 3620 hinc
3088 3565 3384 3628 homicidae,
3421 3567 3548 3621 hinc
3579 3568 3720 3623 bella
3748 3578 3804 3624 et

2202 3667 2410 3722 pugnis,
2440 3651 2563 3707 hinc
2583 3653 2807 3723 quodvis
2831 3654 3047 3708 malum.
3082 3656 3394 3726 llujusmodi
3421 3658 3584 3712 homo
3607 3660 3808 3730 ubique

2201 3744 2400 3800 inutilis
2427 3754 2529 3810 est,
2559 3755 2666 3800 tum
2694 3746 2759 3800 ad
2785 3747 3081 3801 exercitum
3107 3747 3432 3815 ducendum,
3465 3759 3574 3804 tum
3597 3750 3664 3805 ad
3696 3766 3805 3805 ma-

2199 3836 2452 3903 gistratus
2500 3835 2732 3890 urbanos
2775 3837 3042 3906 gerendas
3095 3855 3109 3891 :
3161 3838 3273 3893 imo
3322 3853 3428 3894 non
3478 3840 3530 3895 in
3577 3841 3808 3912 publicis

2201 3925 2362 3979 modo
2391 3925 2551 3980 rebus
2573 3966 2586 3990 ,
2619 3925 2711 3979 sed
2743 3925 2794 3980 in
2821 3926 3149 3982 domesticis.
3176 3928 3231 3985 Si
3263 3944 3395 3985 uxor
3419 3930 3661 3986 ducenda
3691 3933 3762 3988 sit
3786 3973 3803 3998 ,

2203 4033 2308 4072 non
2338 4017 2555 4087 probam
2583 4018 2759 4082 ducet,
2790 4019 2882 4074 sed
2909 4022 3148 4075 omnium
3175 4023 3459 4091 pessimam
3488 4040 3501 4076 :
3535 4025 3578 4078 si
3611 4025 3806 4082 domus

2201 4110 2424 4165 emenda
2449 4151 2465 4176 ,
2497 4125 2601 4164 non
2631 4110 2800 4166 libero
2831 4112 3043 4182 dignam
3072 4123 3248 4177 emet,
3279 4115 3371 4170 sed
3399 4131 3515 4184 quze
3543 4118 3804 4186 majorem

2202 4210 2516 4270 proventum
2559 4201 2750 4257 afferre
2778 4205 2983 4271 possit;
3014 4204 3058 4258 si
3090 4205 3230 4258 servi
3269 4205 3523 4270 emendi,
3552 4208 3638 4262 vel
3670 4209 3799 4276 quid

2201 4292 2365 4356 aliud,
2393 4291 2534 4361 qttod
2561 4294 2715 4346 vilius
2740 4295 2843 4347 erit
2864 4303 3025 4349 emet.
3048 4294 3184 4361 Quid
3217 4310 3345 4349 vero
3365 4295 3553 4365 loquor
3577 4297 3646 4352 de
3666 4297 3806 4355 duce

2201 4385 2487 4450 exercitus,
2519 4382 2586 4437 de
2617 4371 2950 4454 magistratu,
2977 4385 3044 4440 de
3064 4387 3222 4440 rebus
3243 4385 3592 4441 domesticis?
3617 4388 3674 4444 Si
3710 4406 3804 4445 rex

2203 4471 2379 4536 fuerit,
2411 4475 2648 4527 omnium
2682 4475 3017 4530 miserrimus
3043 4477 3166 4541 erit,
3196 4476 3344 4531 orbis
3371 4478 3662 4546 pernicies,
3689 4497 3806 4534 niti-

2207 4565 2457 4634 niumqtte
2473 4567 2861 4634 pauperrimus.
2883 4567 3010 4622 Nam
3032 4568 3167 4621 sicut
3195 4583 3328 4622 unus
3351 4584 3383 4624 e
3401 4570 3562 4640 vulgo
3578 4572 3806 4629 affectus

2205 4655 2326 4719 erit,
2357 4668 2459 4708 non
2481 4665 2680 4725 putans
2701 4657 2939 4710 omnium
2968 4659 3106 4712 bona
3135 4672 3231 4712 sua
3255 4671 3374 4714 esse
3394 4699 3410 4726 ,
3440 4660 3532 4715 sed
3557 4675 3617 4715 se
3640 4679 3804 4716 unum

2205 4762 2270 4802 ex
2301 4748 2480 4802 multis
2505 4790 2520 4814 ,
2548 4757 2604 4804 et
2628 4748 2754 4804 dum
2782 4749 3020 4804 omnium
3050 4749 3187 4803 bona
3233 4751 3440 4820 rapiet,
3473 4753 3724 4822 pauciora
3747 4769 3805 4810 so

2207 4837 2410 4905 putabit
2438 4840 2648 4892 caneris
2672 4839 2920 4894 omnibus
2953 4838 3172 4893 habere.
3196 4839 3329 4894 Nam
3358 4842 3594 4912 illa'qua:
3625 4847 3803 4914 possi-

2205 4926 2297 4982 det
2340 4942 2658 4997 comparans
2711 4944 2832 4984 eum
2874 4931 2938 4985 iis
2978 4946 3095 4999 quae
3146 4932 3292 5000 cupit
3336 4942 3392 4987 et
3435 4934 3674 4990 nondum
3719 4949 3805 4995 est

2206 5019 2449 5088 adeptus,
2479 5020 2608 5074 nihil
2642 5021 2726 5074 illa
2758 5021 2840 5074 his
2871 5022 3228 5091 comparanda
3253 5023 3462 5092 putabit
3489 5041 3632 5081 esse.

2241 5112 2295 5163 4;
2315 5109 2467 5162 Avari
2477 5111 2662 5180 imago.
2683 5108 2900 5178 luﬁrma
2914 5112 3131 5180 nequitia
3147 5122 3240 5174 est,
3261 5115 3405 5184 fortis
3417 5115 3592 5170 virtus.
3603 5114 3805 5170 Damus

2205 5219 2319 5272 qua:
2340 5214 2531 5256 tantum
2551 5205 2617 5256 ad
2635 5219 2818 5272 corpus
2843 5204 3105 5272 pertinent,
3140 5207 3335 5259 minimi
3358 5209 3612 5278 facienda.
3630 5213 3806 5264 Anium

2209 5303 2324 5346 tum:
2351 5309 2541 5363 pauper
2561 5310 2673 5346 cum
2699 5295 2898 5348 divitias
2932 5297 3173 5363 possidet,
3205 5306 3322 5350 tunc
3346 5299 3479 5352 dives
3501 5318 3614 5353 cum
3647 5304 3797 5371 inops

2208 5384 2503 5439 est.-—ldco
2530 5385 2602 5438 ait
2627 5385 2864 5454 quidam,
2893 5389 3056 5440 Avaro
3079 5388 3206 5441 nihil
3234 5389 3452 5457 iniquius
3483 5390 3688 5460 (Eccli.
3717 5395 3802 5449 10.

2211 5477 2285 5548 9).
2309 5478 2438 5532 Nam
2463 5479 2551 5549 qui
2573 5479 2693 5533 talis
2711 5488 2812 5545 est,
2836 5479 3066 5550 scipsum
3084 5495 3294 5550 quoque
3317 5483 3555 5549 vendit‘,
3579 5496 3634 5540 et
3656 5502 3798 5540 cmu-

2276 5591 2373 5661 '_lu
2400 5590 2607 5652 vulgatis
2628 5591 2934 5661 Edtttonibtts
2955 5593 3131 5661 grecis
3149 5592 3403 5661 Bibliorum
3437 5601 3635 5661 omnino
3674 5599 3804 5647 aliud

2213 5652 2411 5714 legitur,
2439 5667 2616 5715 nempe
2647 5669 2658 5702 :
2685 5655 2913 5714 Quoniam
2949 5653 2998 5702 in
3038 5652 3133 5703 vita
3172 5668 3261 5704 sua
3284 5655 3480 5715 proiecit
3505 5659 3675 5709 intima
3698 5674 3786 5709 sua

2211 5716 2431 5779 Qlllt‘tiillll
2475 5723 2636 5779 autem
2684 5718 2984 5779 exeniptaria
3016 5716 3086 5763 sic
3136 5718 3532 5779 habenti/(raro
3577 5720 3699 5770 nihil
3738 5730 3802 5771 ea!

2215 5775 2456 5826 scriastius
2474 5789 2493 5838 ;
2518 5777 2593 5826 hic
2617 5777 2744 5827 enim
2769 5785 2813 5827 ct
2836 5775 3047 5827 atumem
3070 5790 3208 5828 suam
3238 5777 3446 5827 venalem
3467 5784 3599 5844 frixit
