4074 6422
278 393 389 450 m
424 402 426 405 ,

276 509 467 565 munis
487 504 732 562 omnium
764 497 935 554 hostis
963 495 1383 559 circumquaque
1413 480 1673 543 ambulat,
1709 473 1902 532 dolens

277 602 430 674 quod
464 613 608 656 terra
639 611 746 651 non
774 605 964 647 aurum
994 603 1090 658 pro
1119 584 1286 655 spicis
1306 577 1561 652 proferat,
1594 586 1697 627 nec
1716 567 1899 625 fontes

280 668 387 767 pro
416 696 591 764 aquis,
616 704 719 745 nec
759 694 972 741 montes
1003 696 1102 751 pro
1131 673 1300 747 petris
1330 688 1346 732 ;
1378 668 1720 726 sterilitatem
1761 673 1906 729 a'gre

280 750 415 854 iert,
448 750 501 841 iii
533 782 763 855 publicis
785 777 942 833 bonis
978 750 1313 833 Contractus,
1344 770 1673 827 omnemque
1702 750 1909 808 fastidit

279 896 535 945 causam,
567 876 710 933 unde
737 880 1019 942 argentum
1044 880 1151 921 non
1182 857 1465 933 provenit;
1498 850 1678 908 omnia
1703 846 1905 910 ferens,

281 937 420 1029 dum
454 937 594 1025 duos
633 937 1024 1037 possit‘obolos
1067 951 1292 1010 lucrari.
1321 947 1523 1004 Omnes
1566 939 1694 996 odio
1721 937 1907 1000 habet,

286 1079 563 1138 pauperes
583 1103 599 1130 ,
629 1030 825 1114 divites
854 1072 867 1109 :
918 1062 1185 1123 pauperes
1207 1086 1222 1109 ,
1253 1059 1321 1098 ne
1348 1041 1575 1113 petitum
1611 1030 1908 1099 accedant;

288 1126 517 1221 divites,
547 1126 691 1224 quod
722 1150 861 1205 bona
887 1146 1103 1199 illorum
1135 1154 1242 1193 non
1269 1131 1559 1206 possideat.
1590 1126 1795 1181 Omnes
1816 1136 1914 1191 pu-

284 1261 371 1306 tat
399 1266 495 1305 sua
525 1214 802 1317 possidere
834 1258 848 1295 :
877 1246 1037 1307 atoue
1060 1244 1120 1291 ut
1138 1232 1208 1287 ab
1228 1227 1481 1283 omnibus
1509 1223 1691 1284 laesus,
1715 1214 1913 1269 adver-

285 1360 413 1397 sum
440 1308 633 1395 oni-nes
660 1334 967 1403 indignatur
998 1342 1010 1383 :
1047 1320 1432 1395 plenitudinem
1466 1311 1660 1375 nescit,
1691 1308 1914 1363 satieta-

290 1447 406 1491 tem
436 1448 542 1487 non
573 1427 744 1489 novit,
776 1422 1017 1479 omnimu
1041 1427 1125 1475 est
1147 1412 1483 1469 miserrimus
1514 1425 1528 1461 :
1558 1398 1919 1474 quemadmo-

290 1532 428 1586 dum
457 1525 549 1597 qui
578 1523 661 1577 bis
676 1516 929 1575 omnibus
954 1520 1040 1568 cst
1058 1522 1277 1580 expers,
1302 1497 1642 1575 philosOphis
1667 1490 1920 1549 omnibus

291 1624 400 1678 erit
429 1617 658 1674 beatior.
692 1609 905 1667 Probus
945 1605 1091 1662 enim
1122 1602 1235 1661 vir,
1272 1594 1375 1652 etsi
1429 1603 1618 1647 servus
1659 1586 1759 1650 sit,
1822 1581 1925 1637 etsi

283 1706 807 1771 vinctus‘,omnium
835 1710 920 1755 est
948 1693 1314 1752 beatissimus.
1346 1685 1521 1740 Nemo
1565 1679 1713 1736 enim
1743 1676 1921 1746 ipsum

293 1803 445 1859 malo
469 1798 687 1860 afﬁciet,
712 1790 922 1848 etiamsi
955 1796 1099 1842 totus
1123 1781 1271 1839 orbis
1290 1774 1578 1834 conveniat
1604 1784 1729 1825 cum
1756 1767 1925 1823 armis

294 1905 359 1952 et
383 1891 734 1954 exercitibus,
766 1887 1049 1955 ipsumque
1074 1878 1372 1945 impugnet.
1409 1866 1690 1936 Improbus
1712 1850 1931 1920 autem,

295 1997 352 2043 et
385 1985 508 2040 talis
536 1982 750 2053 qualem
788 1970 1202 2041 descripsimus,
1226 1960 1438 2018 etiamsi
1472 1972 1562 2011 rex
1594 1955 1687 2020 sit,
1710 1949 1955 2015 etiamsi,

297 2078 454 2135 mille
471 2070 869 2132 diadematibus
890 2074 1137 2127 ornetur,
1156 2072 1186 2112 a
1218 2052 1411 2126 quovis
1433 2049 1655 2105 homine
1680 2054 1922 2100 extrema

300 2170 543 2241 patietur
576 2182 589 2219 :
624 2177 798 2233 usque
826 2158 963 2214 adeo
992 2151 1206 2208 inﬁrma
1231 2144 1470 2216 nequitia
1509 2148 1624 2203 est;
1658 2138 1729 2191 ita
1769 2134 1925 2190 fortis

300 2240 390 2319 est
419 2262 607 2317 virtus.
636 2255 777 2325 Quid
796 2254 958 2323 igitur
977 2249 1150 2317 luges,
1177 2256 1299 2297 cum
1324 2240 1377 2294 in
1401 2242 1718 2306 paupertate
1742 2243 1927 2285 versa-

301 2356 421 2411 ris?
450 2352 579 2424 quid
601 2322 779 2421 ploras
806 2322 1000 2410 festum
1025 2334 1235 2408 agens?
1265 2331 1399 2387 Nam
1426 2328 1532 2383 diei
1556 2322 1679 2381 festi
1710 2331 1925 2391 tempus

298 2458 408 2504 est.
439 2414 576 2513 Quid
602 2414 754 2496 lies?
781 2436 914 2491 Nam
953 2438 1243 2503 paupertas
1275 2432 1362 2480 est
1406 2417 1719 2477 celebritas.
1752 2414 1797 2470 si
1839 2429 1926 2467 sa-

304 2542 460 2608 piens
492 2535 677 2591 fueris.
719 2528 856 2599 Quid
885 2524 1112 2597 plangis,
1142 2536 1176 2574 ο
1200 2515 1371 2588 puer?
1400 2513 1635 2569 Puerum
1660 2508 1806 2564 enim
1842 2514 1926 2559 ta-

303 2632 413 2685 Itan
449 2628 623 2681 virum
650 2635 846 2676 vocare
871 2595 1111 2687 oportet.
1148 2604 1464 2664 Verberavit
1492 2604 1513 2634 ⁸
1540 2612 1591 2656 te
1616 2595 1921 2670 quispiam?

303 2719 377 2774 Et
403 2716 530 2787 quid
550 2711 691 2767 hoc?
718 2710 797 2765 'I‘e
827 2705 1204 2779 patientiorem
1234 2695 1486 2753 reddidit.
1516 2690 1624 2749 Sed
1664 2688 1922 2758 pecunias
1952 2732 1955 2735 .

299 2781 559 2865 abstulit?
592 2803 814 2858 Multum
842 2798 1023 2855 oneris
1075 2791 1317 2849 abstulit.
1355 2787 1578 2845 Famam
1634 2793 1778 2837 tuam
1832 2781 1927 2834 he-

300 2901 414 2957 sit?
442 2898 678 2954 Rursum
706 2891 852 2949 aliud
876 2889 1007 2944 mihi
1031 2883 1303 2942 libertatis
1326 2892 1498 2951 genus
1517 2876 1748 2931 indicas.
1783 2872 1923 2928 Audi

294 2997 524 3042 exteros
537 2988 615 3039 sic
633 2982 1112 3053 philosophantes:
1133 2978 1277 3033 Nihil
1293 2978 1421 3033 mali
1438 2989 1639 3047 passus
1650 2990 1733 3031 es.
1752 2971 1917 3025 modo

295 3080 765 3137 dissimularet-is.
786 3077 895 3132 Sed
908 3080 1138 3131 domum
1164 3074 1314 3129 illam
1336 3087 1593 3142 magnam
1616 3069 1711 3123 tibi
1735 3068 1921 3122 abstu-

297 3174 549 3242 litseptis
561 3168 860 3223 munitam?
871 3168 941 3222 At
953 3181 1083 3225 ecce
1100 3166 1359 3221 universa
1372 3173 1521 3217 terra
1538 3162 1595 3213 in
1616 3166 1919 3227 conspectu

299 3279 395 3325 tuo
424 3241 529 3334 est,
566 3264 773 3335 publica
808 3259 1053 3321 aedilieia,
1085 3256 1205 3309 sive
1235 3251 1302 3305 ad
1334 3249 1688 3316 voluptatem,
1721 3244 1834 3296 sive
1855 3241 1920 3294 ad

296 3378 458 3417 usum
489 3359 686 3413 habere
718 3355 871 3409 velis.
906 3351 1043 3420 Quid
1072 3345 1365 3420 jucundius
1409 3352 1465 3398 et
1492 3339 1795 3410 speciosius
1829 3337 1921 3389 lir-

298 3461 577 3509 mamento
595 3448 753 3505 cmli?
784 3446 1075 3514 Usquequo
1099 3437 1331 3495 mendici
1352 3446 1409 3492 et
1436 3443 1704 3505 pauperes
1728 3426 1923 3483 eritis?

297 3547 415 3604 Non
454 3538 629 3615 potest
657 3542 809 3596 dives
837 3517 981 3603 esse,
1005 3537 1093 3606 qui
1126 3549 1230 3587 non
1260 3530 1445 3584 animo
1466 3528 1535 3581 sit
1557 3525 1709 3579 dii-cs
1739 3538 1754 3575 :
1783 3522 1923 3575 sicut

299 3656 405 3694 non
442 3647 620 3705 potest
655 3648 859 3703 panper
889 3645 1031 3691 esse,
1073 3626 1164 3697 qui
1191 3631 1562 3693 paupertatem
1604 3634 1711 3671 non
1740 3616 1925 3669 animo

295 3741 493 3804 gestet.
523 3729 654 3783 Nam
678 3730 722 3781 si
755 3723 1108 3781 excellentior
1152 3720 1335 3773 anima
1364 3728 1619 3783 corpore,
1664 3724 1769 3763 non
1799 3722 1924 3777 pos-

297 3801 422 3880 sunt
453 3838 574 3893 qua:
612 3821 798 3875 viliora
828 3824 953 3871 sunt
984 3814 1129 3870 illam
1174 3810 1242 3865 ad
1275 3825 1333 3868 se
1372 3805 1671 3862 attrahere.
1707 3801 1814 3856 Sed
1858 3816 1919 3854 ea

296 3906 420 3987 qua:
447 3914 664 3969 domina
692 3921 799 3976 est,
827 3926 947 3979 qua:
976 3923 1080 3960 non
1116 3906 1185 3957 ita
1220 3902 1320 3957 sibi
1348 3897 1563 3971 propria
1594 3904 1743 3958 sunt,
1777 3892 1829 3945 in
1861 3908 1921 3946 sc

294 3986 523 4066 attrahit
541 4016 591 4063 et
612 4012 929 4061 commutat.
960 3999 1068 4055 Cor
1095 3998 1240 4054 enim
1270 4011 1394 4052 cum
1425 3991 1704 4063 quidpiam
1735 3986 1921 4043 damni

295 4099 587 4170 acceperit,
619 4106 790 4151 totum
815 4107 1013 4163 corpus
1035 4091 1114 4145 sic
1141 4073 1353 4154 afficit,
1377 4094 1435 4141 et
1462 4080 1786 4151 intemperie
1824 4092 1921 4132 sua

296 4206 470 4251 totum
498 4190 837 4261 corrumpit;
883 4189 965 4244 sin
1006 4196 1193 4242 contra
1245 4184 1382 4238 bene
1423 4186 1788 4249 temperatum
1826 4174 1919 4241 sit,

357 4456 377 4490 ί
401 4453 628 4519 Quatuor
663 4444 1055 4519 codd._habent:
1092 4436 1287 4489 Probus
1320 4439 1483 4483 autem
1502 4424 1917 4489 vir,siveseraus

293 4515 384 4578 sit,
406 4516 509 4578 sive
541 4514 704 4578 Item.
816 4516 852 4578 '__
1246 4560 1257 4578 ι
1402 4555 1412 4564 1

361 4560 383 4612 ί
407 4560 513 4630 liii
542 4560 754 4631 habent,
773 4566 996 4635 offendit,
1021 4578 1131 4629 pro,
1153 4560 1451 4614 verberavit.

304 4634 1987 4680 ________________________———

1186 374 1252 429 IN
1289 361 1701 427 MATTIIEUM
1745 356 1977 416 IIOMIL.
2022 352 2265 413 LXXXI.
2307 351 2380 408 al.
2420 348 2689 407 LXXXII.

3533 339 3642 394 73d

2013 470 2112 525 toti
2136 468 2339 524 homini
2364 466 2605 539 prodest.
2648 463 2703 521 Si
2737 460 2863 532 quid
2892 475 3020 518 vero
3050 475 3119 517 ex
3148 457 3361 516 exteris
3390 470 3640 513 cori-um»

2016 574 2197 636 patur,
2228 562 2334 618 hoc
2364 564 2510 618 intus
2551 574 2686 615 sano
2716 566 2973 613 manente
2997 598 3013 623 ,
3046 554 3206 610 facile
3255 553 3470 608 illorum
3516 565 3642 605 cor-

2015 660 2283 733 ruptelam
2310 656 2537 714 excutit.
2556 653 2621 711 Ut
2650 662 2833 709 autem
2854 649 3054 707 clarius
3073 649 3281 717 loquar,
3310 644 3462 713 quid,
3490 660 3642 715 qure-

2016 768 2099 821 so,
2153 762 2383 824 prosunt
2413 748 2549 805 rami
2589 746 2835 811 virides.
2885 743 2930 801 si
2973 741 3126 799 radix
3172 740 3246 795 sit
3288 738 3478 793 arida?
3512 733 3643 806 quid

2017 850 2226 916 damni,
2260 848 2305 904 si
2334 860 2571 917 superna
2602 842 2731 899 folia
2770 840 3137 905 exsiccéntur,
3164 833 3349 891 radice
3369 848 3496 886 sana
3530 843 3647 887 ma-

2019 945 2218 1002 nente?
2260 943 2353 999 Sic
2388 951 2445 998 et
2492 941 2597 997 hoc
2644 939 2766 995 loco
2792 935 2937 993 nulla
2966 929 3319 1006 pecuniarum
3343 927 3569 994 utilitas,
3596 926 3644 981 si

2021 1043 2178 1111 inops
2200 1039 2273 1095 sit
2296 1040 2501 1104 anima;
2521 1049 2695 1106 neque
2722 1029 3057 1104 paupertatis
3082 1028 3369 1089 damnum,
3393 1022 3438 1079 si
3464 1022 3661 1078 anima

2024 1136 2094 1190 sit
2117 1134 2293 1189 dives.
2326 1128 2396 1186 Et
2422 1126 2719 1201 quomodo,
2762 1124 3000 1197 inquies,
3045 1122 3228 1177 anima
3258 1118 3415 1174 dives
3438 1116 3565 1181 erit,
3601 1115 3648 1170 si

2024 1227 2254 1300 pecunia
2281 1224 2481 1296 egeat?
2511 1216 2666 1279 Tunc
2689 1221 2927 1277 maxime
2951 1218 3141 1283 dives;
3176 1223 3307 1270 tunc
3330 1211 3476 1267 enim
3512 1211 3653 1265 dite-

2030 1337 2190 1380 scere
2219 1319 2385 1376 solet.
2415 1315 2474 1372 Si
2514 1314 2689 1379 enim,
2727 1318 2787 1365 ut
2833 1323 2979 1380 saepe
3008 1300 3547 1367 demonstravimus,
3582 1314 3659 1354 ex»

2028 1428 2098 1471 eo
2137 1413 2297 1468 dives
2344 1407 2673 1481 agnoscitur
2713 1401 2860 1474 quod
2910 1397 3183 1471 pecunias
3229 1400 3552 1451 contemnat
3600 1398 3658 1445 et

2033 1507 2195 1575 nullo,
2215 1511 2397 1577 egeat,
2431 1515 2643 1573 pauper
2687 1512 2820 1552 vero
2860 1510 2928 1548 ex
2960 1507 3029 1548 eo
3069 1488 3218 1561 quod
3260 1486 3536 1555 indigeat;
3561 1481 3658 1535 fa-

2033 1576 2310 1670 ciliusque
2340 1598 2414 1653 sit
2443 1597 2498 1650 in
2525 1598 2852 1666 paupertate
2875 1601 3043 1657 quam
3070 1586 3127 1639 in
3151 1581 3360 1637 divitiis
3393 1576 3659 1647 pecunias

2035 1702 2415 1757 contemnere,
2428 1689 2611 1762 palam
2625 1694 2709 1743 est
2721 1691 3099 1757 paupertatem
3115 1677 3359 1747 majores
3376 1685 3570 1742 parere
3584 1669 3665 1729 di-

2037 1789 2224 1845 vitias.
2254 1786 2391 1842 Nam
2407 1784 2556 1856 quod
2572 1784 2728 1839 dives
2744 1780 2871 1852 plus
2888 1791 3052 1849 quam
3072 1788 3281 1845 pauper
3295 1769 3666 1825 divitiaseon—

2041 1885 2312 1956 cupiscat,
2344 1879 2554 1936 nemini
2583 1892 2694 1932 non
2737 1883 2927 1929 notum
2960 1879 3044 1927 est
3068 1862 3587 1939 :‘qnemadmodum
3613 1867 3669 1914 et

2042 1982 2234 2039 ebrius
2250 1979 2428 2047 magis
2450 1975 2587 2043 sitit,
2611 1988 2777 2046 quam
2805 1970 2899 2041 qui
2921 1966 3210 2024 moderato
3235 1964 3372 2017 usus
3395 1968 3482 2015 est
3510 1966 3665 2028 potu.

2044 2076 2168 2133 Non
2184 2075 2335 2131 enim
2355 2072 2482 2128 talis
2494 2079 2578 2126 est
2591 2064 3044 2135 concupiscentia
3060 2075 3185 2131 quae
3205 2073 3266 2112 ex
3288 2053 3488 2124 majori
3509 2049 3671 2119 copia

2033 2167 2435 2237 exstinguatur,
2464 2161 2575 2216 imo
2600 2157 2782 2229 potius
2811 2152 2939 2209 inde
2967 2152 3141 2222 magis
3169 2147 3497 2204 incenditur.
3522 2143 3683 2198 Nam-

2033 2262 2174 2332 ignis
2194 2235 2399 2331 quanto
2442 2252 2705 2322 majorem
2736 2260 2917 2303 escam
2949 2243 3165 2312 accipit,
3198 2248 3351 2295 tanto
3382 2238 3552 2307 magis
3581 2235 3662 2289 in-

2034 2353 2373 2413 ﬂammatur;
2416 2346 2497 2402 sic
2530 2353 2587 2399 et
2629 2340 2981 2414 pecuniarum
3015 2334 3321 2407 cupiditas,
3373 2346 3495 2385 cum
3540 2328 3662 2399 plus

2032 2445 2304 2516 acceperit
2331 2439 2486 2507 auri,
2522 2448 2652 2494 tunc
2682 2434 2851 2504 inagis
2888 2431 3132 2486 cll'értur.
3180 2427 3235 2481 Si
3285 2441 3416 2495 ergo
3456 2422 3663 2493 majora

2032 2556 2236 2614 cupere
2269 2538 2319 2593 id
2353 2541 2643 2607 paupertas
2667 2538 2754 2595 est
2777 2571 2791 2594 ,
2820 2526 2911 2598 qni
2950 2526 3002 2579 in
3042 2521 3245 2580 divit’is
3272 2530 3355 2575 est
3382 2518 3541 2579 talis,
3576 2516 3663 2571 hic

2036 2637 2271 2693 maxime
2303 2646 2507 2703 pauper
2533 2621 2857 2682 esl.'Viden’
2886 2621 3125 2676 animam
3161 2625 3274 2671 tum
3321 2613 3492 2683 magis
3525 2625 3662 2681 pau-

2034 2745 2220 2802 perem
2249 2740 2392 2785 esse,
2425 2737 2548 2777 cum
2577 2718 2731 2773 dives
2771 2722 2856 2770 est
2889 2731 2902 2767 :
2934 2722 3171 2781 tuncque
3198 2708 3487 2773 ditescere,
3538 2717 3662 2758 cum

2033 2834 2116 2881 est
2147 2818 2339 2890 inops?
2370 2816 2415 2871 si
2445 2814 2527 2868 vis
2556 2821 2737 2865 autem
2768 2817 2826 2861 ut
2855 2806 2908 2860 in
2939 2804 3150 2859 duabus
3196 2798 3443 2871 personis
3480 2796 3529 2850 id
3560 2810 3680 2849 (εκ--

2034 2920 2349 2992 ploremus,
2382 2918 2528 2965 stent
2555 2908 2663 2961 duo
2712 2901 2977 2974 quipiam,
3010 2910 3239 2966 quorum
3282 2892 3419 2947 alius
3469 2889 3660 2945 decem

2034 3010 2200 3068 millia
2245 3006 2446 3062 talenta
2484 3000 2702 3061 haheat,
2750 2995 2891 3048 alius
2925 3006 3055 3047 vero
3079 2989 3266 3043 decem
3297 2992 3503 3038 tantum
3532 2997 3545 3040 ι
3595 2980 3664 3034 ab

2034 3118 2265 3175 utroque
2304 3109 2485 3155 autem
2519 3099 2635 3149 hac
2661 3090 2975 3145 auferamus
3005 3103 3017 3139 :
3050 3093 3171 3139 uter
3202 3080 3375 3151 magis
3416 3074 3662 3132 dolebit?

2032 3215 2213 3255 annon
2263 3196 2353 3251 ille
2393 3194 2482 3265 qui
2511 3190 2699 3246 decem
2733 3182 2898 3238 millia
2931 3178 3146 3256 amisit?
3172 3174 3288 3230 Non
3320 3183 3501 3226 autem
3540 3183 3661 3222 ma—

2030 3296 2113 3367 gis
2144 3292 2375 3355 doleret,
2407 3287 2509 3342 nisi
2537 3282 2711 3352 magis
2738 3284 2982 3338 amaret;
3012 3273 3056 3329 si
3086 3269 3259 3340 magis
3292 3275 3459 3331 amat,
3490 3264 3661 3330 magis

2034 3382 2405 3453 concupiscit;
2432 3379 2475 3432 si
2502 3374 2673 3444 magis
2703 3364 3061 3438 concupiscit,
3095 3360 3270 3431 magis
3310 3371 3513 3431 pauper
3553 3362 3659 3408 cst.

2032 3482 2165 3538 Illud
2199 3480 2343 3535 enim
2378 3473 2550 3541 magis
2571 3463 3029 3535 concupiscimus,
3062 3472 3171 3529 quo
3194 3454 3429 3509 maxime
3456 3449 3663 3519 indige-

2033 3591 2154 3633 mus
2185 3592 2197 3628 :
2232 3590 2297 3627 ex
2333 3565 2631 3640 indigentia
2658 3562 2803 3618 enim
2824 3554 3115 3626 cupiditas.
3155 3548 3291 3605 Nam
3327 3546 3415 3601 ubi
3440 3543 3661 3601 satietas

2031 3682 2112 3728 eSt
2138 3713 2154 3736 ,
2210 3664 2479 3737 cupiditas
2518 3671 2775 3715 essenon
2809 3658 3010 3723 potest:
3040 3646 3195 3701 Tunc
3234 3644 3380 3700 enim
3421 3640 3660 3697 maxime

2032 3763 2119 3819 siti
2153 3773 2433 3821 vexamur,
2459 3768 2582 3809 cum
2616 3758 2745 3819 potu
2776 3757 3019 3816 egemus.
3053 3738 3182 3794 Haec
3204 3752 3234 3812 ξι
3257 3748 3344 3791 me
3373 3732 3515 3789 dicta
3534 3738 3662 3784 sunt

2033 3867 2090 3911 ut
2114 3855 2368 3927 probem,
2403 3849 2447 3903 si
2480 3843 2787 3916 vigilemus,
2822 3835 3099 3892 neminem
3122 3829 3281 3886 nobis
3310 3840 3508 3881 nocere
3529 3838 3657 3895 pos-

2032 3966 2093 4006 se
2120 3968 2132 4001 :
2162 3962 2227 4001 ac
2256 3960 2361 3999 nou
2394 3957 2461 3996 ex
2490 3943 2830 4008 paupertate,
2854 3928 2949 3984 sed
2966 3942 3035 3983 ex
3063 3922 3371 3991 nobisipsis
3398 3921 3658 3975 damnum

2033 4041 2241 4099 inferri.
2272 4039 2454 4104 Quare
2481 4046 2632 4101 rogo,
2663 4026 2807 4081 omni
2837 4022 3111 4094 diligentia
3134 4018 3374 4075 avaritia-
3407 4014 3657 4070 morbum

2034 4137 2336 4208 ejiciamus,
2388 4139 2447 4183 ut
2472 4138 2527 4183 et
2573 4124 2664 4179 hic
2685 4120 2879 4177 divites
2910 4116 3104 4182 simus,
3141 4120 3197 4168 et
3223 4120 3424 4166 :eteroa
3455 4120 3654 4163 consc-

2032 4198 2261 4303 quamur
2284 4226 2447 4287 bona,
2473 4219 2645 4290 gratia
2666 4226 2719 4272 et
2748 4211 3081 4283 benignitate
3106 4203 3319 4261 Domini
3338 4200 3506 4255 nostri
3530 4198 3657 4253 Iesu

2032 4322 2260 4387 Christi,
2294 4321 2379 4376 cui
2404 4317 2576 4389 gloria
2609 4314 2659 4366 in
2692 4307 2893 4364 saecula
2928 4303 3273 4360 smculormn.
3310 4301 3507 4353 Amen.

2111 4514 2129 4548 ι
2160 4511 2257 4565 Cfr.
2288 4507 2467 4569 Adnot.
2497 4470 2745 4556 Friderici
2771 4497 2917 4549 Fieid
2946 4494 3011 4546 ad
3033 4501 3148 4557 pag.
3176 4487 3289 4539 m.

2002 4588 3669 4642 _______________________..————-

1390 4715 1743 4780 HOMILIA
1791 4706 2095 4773 LXXXI.
2140 4703 2228 4765 al.
2274 4692 2609 4761 LXXXII.

292 4880 430 4936 CAP.
460 4874 554 4929 ‘26.
601 4890 655 4929 ν.
691 4873 780 4927 I7.
830 4869 1007 4925 Prima
1042 4875 1212 4921 autem
1263 4877 1563 4935 azymorum
1602 4863 1922 4911 accesserunt

370 4970 612 5038 discipuli
641 4966 709 5021 ad
751 4964 965 5030 Iesum,
995 4963 1217 5015 dicentes
1244 4974 1264 5011 :
1296 4956 1394 5012 Ubi
1438 4954 1513 5009 vis
1553 4966 1790 5023 paremus
1835 4947 1925 5001 tibi

368 5077 425 5121 ut
456 5064 731 5135 manduca:
770 5058 1005 5130 pascha?
1050 5056 1137 5111 18.
1184 5052 1309 5125 Ipse
1343 5059 1517 5105 autem
1554 5046 1685 5099 dixit
1716 5058 1733 5097 :
1761 5041 1843 5097 Ite
1871 5040 1939 5095 in‘

374 5161 627 5213 civitatem
662 5157 730 5209 ad
778 5152 1071 5225 quemdam,
1106 5159 1155 5204 et
1176 5148 1328 5202 dicite
1356 5147 1400 5200 ei
1426 5160 1443 5199 :
1473 5141 1723 5213 Magister
1762 5137 1921 5201 dicit,

372 5251 599 5315 Tempus
627 5262 796 5301 meum
827 5261 986 5315 prope
1009 5253 1106 5309 est,
1154 5240 1296 5311 apud
1327 5249 1375 5293 te
1404 5235 1539 5309 facio
1587 5230 1781 5303 pascha
1809 5244 1926 5307 cum

374 5342 645 5411 discipulis
672 5340 822 5393 meis.

377 5442 431 5495 I.
464 5438 701 5495 Primam
752 5446 1067 5504 azymorum
1116 5443 1237 5483 eam
1266 5426 1410 5481 diem
1451 5429 1612 5479 vocat
1650 5431 1772 5489 quae
1800 5423 1926 5471 ante

304 5549 495 5607 azyma
525 5538 644 5587 erat
676 5547 690 5583 :
724 5528 901 5581 solent
919 5525 1062 5580 enim
1090 5537 1121 5577 a
1156 5532 1380 5590 vespera
1410 5516 1626 5586 semper
1660 5511 1803 5565 diem
1830 5522 1929 5560 nu-

305 5644 519 5687 merare
554 5644 567 5679 :
601 5634 657 5679 et
694 5622 835 5677 hanc
866 5628 1132 5675 memorat
1157 5617 1210 5670 in
1252 5614 1407 5685 cujus
1451 5620 1676 5679 vespera
1728 5604 1927 5676 pascha

303 5720 700 5781 immolandum
718 5723 844 5771 erat
875 5733 890 5767 :
921 5713 1107 5784 quinta
1136 5711 1282 5767 enim
1316 5706 1526 5763 sabbati
1552 5706 1922 5757 accesserunt.

308 5819 460 5877 “anc
486 5829 617 5870 vero
646 5812 783 5867 alius
809 5810 951 5865 diem
988 5815 1115 5862 ante
1157 5818 1346 5876 azyma
1377 5810 1556 5863 vocat,
1590 5805 1804 5866 tempus
1826 5791 1927 5848 de-

310 5921 507 5971 notatis
532 5921 641 5981 quo
670 5908 1021 5962 accesserunt
1050 5916 1063 5955 :
1099 5897 1238 5955 alius
1279 5910 1410 5955 vero
1444 5894 1523 5952 sic
1561 5890 1691 5949 dicit
1722 5905 1734 5942 :
1777 5885 1925 5942 Venit

2032 4849 2141 4902 dies
2192 4856 2533 4915 azymorum,
2584 4835 2635 4889 in
2698 4848 2800 4901 qua
2846 4826 3109 4898 oportebat
3150 4821 3411 4878 immolari
3471 4817 3663 4890 pascha

2038 4938 2187 5003 (Luc.
2220 4935 2313 4990 2'2.
2366 4934 2442 5004 I).
2476 4927 2634 4994 Illud,
2663 4924 2812 4979 Venit
2838 4965 2852 4990 ,
2878 4922 2982 4976 hoc
3004 4918 3294 4990 signiﬁcat,
3328 4930 3495 4985 prope
3521 4921 3660 4977 erat,

2036 5034 2088 5087 in
2110 5030 2290 5101 januis
2304 5036 2443 5087 erat,
2462 5034 2746 5092 vesperam
2766 5014 3015 5070 videlicet
3034 5013 3179 5067 illam
3201 5020 3661 5064 commemorans.

2034 5131 2075 5182 A
2104 5099 2331 5195 vespera
2350 5120 2494 5175 enim
2519 5113 2883 5185 incipiebant:
2918 5109 3041 5163 ideo
3059 5105 3257 5176 singuli
3281 5102 3509 5168 addunt,
3533 5099 3663 5157 Cum

2034 5219 2389 5276 immolaretur
2415 5211 2628 5283 pascha.
2682 5208 2749 5263 Et
2778 5206 2961 5259 dicunt
2995 5219 3008 5255 :
3045 5199 3145 5257 Ubi
3191 5200 3265 5252 vis
3295 5211 3536 5267 paremus
3576 5194 3663 5247 tibi

2034 5314 2298 5371 comedere
2324 5303 2770 5379 paschaHtaque
2799 5300 2926 5355 hinc
2952 5305 3118 5368 patet,
3150 5295 3250 5365 ipsi
3286 5307 3388 5348 nec
3414 5293 3660 5351 domum,

2016 5424 2138 5466 .nec
2172 5402 2531 5462 diversorium
2561 5398 2757 5452 fuisse:
2795 5408 2971 5465 neque
2998 5388 3299 5457 discipulis,
3334 5394 3481 5455 puto.
3512 5383 3665 5437 Alio—

2037 5506 2168 5576 quin
2199 5502 2294 5556 illo
2320 5498 2594 5551 divertere
2633 5498 2935 5559 rogassent.
2983 5484 3091 5541 Sed
3132 5483 3242 5537 illis
3273 5478 3418 5534 nulla
3468 5477 3665 5533 domus

2038 5608 2177 5660 erat,
2210 5593 2301 5666 qui
2329 5588 2583 5647 omnibus
2606 5582 3073 5640 renuntiaverant.
3108 5577 3219 5633 Cur
3248 5583 3431 5629 autem
3462 5568 3663 5642 pascha

2038 5687 2380 5751 celebravit?
2406 5685 2471 5740 ljt
2501 5683 2557 5737 in
2586 5679 2838 5736 omnibus
2880 5673 3197 5731 Ostenderet
3226 5686 3283 5726 se
3310 5669 3378 5725 ad
3416 5668 3664 5723 ultimum

2038 5805 2212 5860 usque
2244 5786 2367 5839 vitae
2399 5796 2512 5836 suae
2553 5779 2698 5835 diem
2734 5791 2841 5829 non
2873 5771 3007 5843 legis
3051 5766 3423 5826 adversarium
3472 5762 3659 5819 fuisse.

2040 5883 2111 5939 Et
2137 5898 2219 5937 cm
2258 5878 2323 5935 ad
2363 5878 2605 5948 ignetum
2632 5868 2907 5927 hominem
2949 5864 3145 5921 mittit?
3194 5861 3330 5918 Iliuc
3364 5856 3660 5916 ostendens
