4074 6422
523 338 619 393 '75!

513 468 575 509 se
601 467 707 507 non
735 465 1014 520 passurum
1039 445 1201 502 fuisse
1221 447 1265 501 si
1291 445 1562 500 voluisset.
1585 443 1716 497 Nam
1740 443 1829 513 qui
1862 443 2098 496 animum

519 545 662 597 illius
704 542 880 598 verbis
907 531 1108 594 tanlum
1142 537 1385 602 induxit,
1446 543 1504 589 ut
1542 535 1659 588 illos
1689 535 1974 601 reciperet,
2006 547 2105 587 cur

521 653 625 689 non
656 651 748 689 eos
775 636 862 703 qui
895 649 952 688 se
979 632 1356 702 crucifigebant
1385 637 1658 691 mutasset,
1691 628 1734 679 si
1765 625 1867 694 pati
1897 625 2101 679 noluis-

515 729 632 781 set?
660 729 918 798 Quodque
944 729 1085 782 circa
1128 727 1330 781 asinam
1361 724 1576 785 iecerat,
1609 722 1695 774 hic
1719 735 1931 788 quoque
1955 719 2098 772 fecit.

515 820 586 871 lbi
616 835 842 890 namque
867 820 1000 872 dixit
1025 837 1038 872 :
1066 818 1125 872 Si
1143 834 1252 886 quis
1270 817 1407 870 vobis
1427 813 1684 883 quidpiam
1705 811 1908 874 dixerit,
1932 811 2098 873 dicite,

515 912 658 979 Opus
682 920 751 965 est
774 908 996 963 Domino
1014 908 1226 977 (Matth.
1246 907 1336 961 21.
1359 906 1442 974 5);
1461 905 1537 960 sic
1554 911 1607 958 el.
1628 903 1729 957 hoc
1751 903 1869 956 loco
1893 921 1906 954 :
1928 901 2098 971 Magi-

506 1013 608 1055 stcr
649 1001 791 1064 dicit,
819 1001 973 1072 Apud
1001 1011 1048 1054 te
1073 1001 1204 1070 facio
1234 998 1442 1068 pascha.
1477 997 1587 1066 Ego
1621 1011 1748 1050 vero
1776 1009 1878 1048 non
1916 993 1966 1046 id
2006 1009 2095 1046 so-

513 1095 620 1146 lum
654 1094 840 1159 miror,
887 1093 1024 1162 quod
1054 1092 1287 1161 ignotum
1325 1089 1642 1157 susceperit,
1675 1087 1766 1140 sed
1804 1085 1943 1153 quod
1974 1097 2094 1137 eum

512 1196 713 1237 tanuun
741 1185 1025 1238 adversmn
1049 1199 1108 1237 se
1131 1183 1261 1237 iram
1283 1181 1536 1236 concitari
1565 1185 1924 1246 exSpectaret,
1944 1185 1998 1228 et
2026 1175 2098 1227 ir-

510 1273 909 1328 reconeiliabile
936 1273 1165 1337 bellum,
1194 1272 1480 1326 multorum
1526 1269 1710 1323 odium
1755 1277 2095 1334 contempse—

508 1365 599 1418 rit.
631 1364 832 1419 Deinde
862 1347 1226 1434 ignorantibus
1268 1364 1474 1431 signum
1525 1361 1705 1424 dedit,
1753 1358 1909 1428 quale
1947 1356 2092 1412 Sauli

509 1456 765 1525 propheta
797 1474 811 1510 :
841 1455 1108 1509 Invenietis
1138 1455 1387 1508 hominem
1430 1454 1815 1515 ascendentem,
1847 1461 1894 1504 et
1931 1459 2093 1503 utrem

507 1545 770 1600 habentem
791 1547 808 1617 (
827 1548 847 1600 l
864 1587 875 1598 .
895 1546 1020 1617 Reg.
1047 1547 1131 1601 l0.
1155 1545 1244 1615 3);
1270 1545 1355 1599 hic
1374 1560 1522 1611 vero,
1553 1543 1861 1614 Amphoram
1884 1553 2094 1611 portan-

509 1647 605 1689 tem
629 1637 779 1706 (an.
810 1636 898 1690 2‘2.
932 1636 1037 1708 10).
1071 1635 1168 1692 llic
1206 1637 1366 1690 etiam
1388 1634 1508 1689 vide
1528 1633 1780 1704 potentia:
1803 1647 2094 1701 argumen-

512 1739 643 1782 tum.
675 1727 787 1782 Non
809 1729 949 1783 enim
966 1729 1138 1782 solum
1160 1727 1312 1794 dixit,
1339 1725 1540 1780 Pascha
1569 1726 1738 1795 facio:
1764 1726 1856 1780 sed
1886 1724 2088 1792 adjicit,

508 1824 728 1891 Tempus
754 1838 917 1874 meum
935 1837 1092 1892 prope
1111 1831 1203 1874 est.
1228 1820 1340 1874 lloc
1364 1829 1542 1874 autem
1569 1819 1815 1883 iaciebat,
1851 1825 1906 1870 ut
1933 1816 2091 1871 simul

507 1912 780 1981 discipulis
823 1913 1131 1980 frequenter
1169 1912 1473 1980 passionem
1516 1915 1963 1963 commemdraret
1987 1949 2000 1972 ,
2037 1916 2094 1962 ut

507 2019 572 2058 ex
619 2003 982 2072 prmdictionis
1008 2003 1302 2074 frequentia
1328 2012 1712 2058 exercerentur
1760 2001 1813 2055 in
1860 2000 2088 2054 medita-

509 2096 653 2148 tione
683 2098 757 2150 rei
796 2097 1020 2160 futurcc;
1053 2105 1214 2164 utque
1256 2095 1565 2150 ostenderet
1591 2093 1714 2159 illis,
1748 2101 1802 2147 et
1854 2107 1912 2146 se
1939 2090 2088 2146 exci-

505 2187 689 2255 pienti,
742 2187 1096 2256 omnibusque
1131 2185 1361 2251 J-udaiis,
1403 2194 1462 2239 ut
1501 2200 1646 2253 saepe
1690 2183 1822 2246 disi,
1870 2197 1929 2236 se
1982 2197 2088 2235 non

506 2278 730 2332 inritum
761 2278 826 2333 ad
859 2278 1163 2348 passionem
1201 2277 1406 2332 venire.
1455 2275 1673 2331 Addidit
1715 2285 1891 2328 autem
1913 2315 1930 2339 ,
1963 2273 2090 2328 Cum

503 2371 771 2441 discipulis
819 2372 964 2436 meis,
1006 2380 1062 2424 ut
1112 2369 1382 2424 sufficiens
1425 2378 1711 2438 apparatus
1750 2377 1914 2430 esset,
1957 2380 2092 2421 neve

503 2462 830 2517 existimaret
853 2462 965 2527 ille,
997 2461 1170 2531 ipsum
1198 2461 1432 2518 latebras
1451 2475 1713 2530 quaerere.
1741 2459 1833 2514 20.
1872 2457 2091 2528 Vespere

503 2562 667 2606 autem
689 2548 843 2624 facto,
870 2551 1210 2605 discumbebat
1237 2567 1347 2604 cum
1366 2551 1651 2620 discipulis.
1677 2549 1721 2604 Ο
1741 2549 1892 2604 ludat
1919 2549 2092 2617 impu-

503 2642 768 2697 dentiam!
799 2642 931 2697 Nam
957 2650 1013 2696 et
1057 2642 1143 2696 ille
1177 2642 1295 2696 istic
1320 2641 1527 2705 aderat,
1554 2640 1806 2710 venitque
1828 2640 2098 2707 particeps

504 2734 711 2787 futurus
741 2742 796 2788 ct
823 2732 1199 2804 mysteriorum
1229 2741 1284 2786 et
1326 2745 1528 2785 mensa:
1553 2745 1572 2784 :
1601 2737 1653 2784 et
1679 2729 1730 2782 in
1762 2730 1873 2797 ipsa
1903 2742 2090 2783 mensa

503 2825 846 2895 arguebatur,
894 2825 983 2878 ubi
1015 2822 1221 2878 etiamsi
1249 2821 1360 2876 fera
1387 2831 1559 2886 esset,
1588 2820 1916 2876 mansuetior
1948 2818 2092 2872 futu-

504 2929 598 2969 rus
620 2923 756 2969 erat.
789 2914 1022 2984 Ideoque
1053 2914 1164 2982 ipse
1190 2912 1516 2984 evangelista
1547 2910 1832 2982 signiﬁcat,
1865 2908 2090 2963 mandu-

503 3006 746 3062 cantibus
772 3007 899 3074 illis,
932 3005 1202 3061 Christum
1233 3005 1301 3060 de
1323 3004 1626 3074 proditione
1653 3005 1927 3074 loquutum
1961 3003 2092 3058 fuis-

505 3113 586 3160 se,
635 3107 691 3151 ut
714 3105 813 3151 eta
842 3106 1086 3164 tempore
1129 3105 1183 3150 et
1212 3111 1240 3146 a
1273 3108 1456 3149 mensa
1484 3092 1770 3163 proditoris
1797 3095 2087 3163 nequitiam

503 3189 833 3245 ostenderet.
880 3190 1167 3259 Postquam
1215 3188 1358 3243 enim
1405 3187 1640 3242 fecerant
1666 3186 1913 3256 discipuli
1954 3187 2091 3241 sicin

507 3282 611 3338 illis
639 3280 793 3337 Jesus
846 3289 1207 3353 praeceperat,
1253 3293 1478 3349 vespere
1509 3280 1682 3345 facto,
1722 3279 2093 3335 discumbebat

503 3390 626 3428 cum
671 3374 952 3429 duodecim
981 3373 1274 3442 discipulis.
1316 3372 1407 3426 21.
1455 3370 1884 3425 Manducantibus
1925 3381 2097 3424 autem

505 3467 612 3520 illis
635 3465 799 3520 dixit:
824 3465 982 3519 Anien
1007 3465 1120 3518 dico
1163 3464 1319 3529 vobis,
1351 3480 1485 3518 unus
1506 3480 1568 3518 ex
1586 3463 1721 3518 vobis
1759 3479 1838 3518 me
1869 3464 2093 3516 traditu-

504 3575 598 3612 rus
619 3566 690 3613 est
706 3572 728 3623 ;
754 3566 880 3612 ante
907 3571 1114 3613 cenam
1155 3572 1283 3612 vero
1311 3556 1474 3626 pedes
1499 3557 1614 3625 ejus
1655 3555 1802 3610 lavit.
1832 3554 1965 3610 Vide
1989 3571 2093 3609 au-

507 3660 614 3706 tem
643 3650 914 3722 quomodo
966 3651 1223 3721 proditori
1252 3659 1454 3720 parcat.
1485 3650 1602 3705 Non
1633 3650 1774 3704 cnim
1803 3649 1974 3716 dixit,
1998 3650 2090 3705 Ille

508 3759 594 3798 tne
618 3744 823 3810 tradet;
865 3744 960 3800 sed
984 3784 1000 3810 ,
1052 3743 1300 3817 Unusﬂea:
1338 3745 1474 3797 vobis
1497 3784 1512 3806 ,
1549 3753 1606 3797 ut
1648 3759 1832 3798 rursus
1879 3743 1975 3812 ipsi
2004 3743 2086 3798 la-

508 3836 639 3892 tenti
684 3835 972 3905 pamitendi
1002 3834 1301 3890 facultatem
1337 3835 1488 3890 daret
1519 3852 1532 3887 :
1568 3835 1856 3904 maluitque
1900 3849 2089 3890 omnes

509 3939 738 3991 terrere,
773 3938 829 3981 ut
860 3927 1000 3981 hunc
1047 3927 1252 3980 salvum
1279 3926 1498 3981 faceret.
1525 3924 1671 3980 Unus
1697 3939 1763 3980 ex
1792 3924 1943 3979 vobis
1963 3922 2094 3978 duo-

507 4021 702 4084 decim,
747 4020 938 4089 inquit,
967 4020 1056 4088 qui
1101 4020 1297 4088 ubique
1324 4033 1532 4072 mecum
1563 4026 1708 4081 sunt,
1739 4030 1967 4086 quorum
1998 4030 2090 4084 pe-

511 4113 608 4167 des
648 4113 746 4165 lavi
770 4151 785 4174 ,
825 4111 1018 4180 quibus
1062 4120 1138 4162 tot
1185 4119 1434 4179 tantaque
1465 4109 1704 4177 promisi.
1737 4107 1888 4162 Tunc
1919 4108 2091 4161 luctus

509 4209 695 4275 ingens
725 4220 932 4259 sacrum
958 4205 1100 4258 illum
1121 4204 1341 4257 chorum
1372 4203 1580 4256 invasit.
1610 4199 1844 4255 Joannes
1865 4201 2077 4270 quidem

508 4301 600 4360 ait,
635 4299 774 4366 ipsos
808 4297 1044 4351 turbatos
1099 4296 1280 4359 fuisse,
1331 4307 1377 4349 et
1427 4309 1485 4350 se
1513 4304 1697 4348 mutuo
1747 4295 2085 4362 respexisse,

507 4393 848 4462 singulosque
895 4391 1069 4458 ipsum
1102 4391 1458 4458 interrogasse
1500 4390 1748 4443 timentes
1791 4387 1915 4450 sibi,
1963 4387 2088 4441 licet

509 4487 705 4540 nullius
729 4487 801 4538 rei
837 4483 1141 4554 lmjusmodi
1185 4483 1285 4536 sibi
1332 4483 1576 4536 conscios
1604 4481 1798 4549 (Joan.
1834 4479 1918 4535 l8.
1946 4479 2086 4551 2'2);

510 4581 598 4635 hic
627 4596 750 4634 vero
793 4580 862 4633 ait
899 4597 910 4632 :
958 4579 1049 4632 2‘2.
1083 4576 1375 4631 Contristati
1417 4575 1562 4628 valde
1600 4583 1856 4644 coeperunt
1903 4573 2091 4643 singuli

509 4675 694 4734 dicere,
729 4673 988 4742 Numquid
1014 4688 1103 4741 ego
1142 4689 1273 4734 sum,
1319 4667 1568 4723 Domine?
1594 4667 1684 4722 25.
1713 4666 1834 4736 Ipse
1863 4682 1975 4720 vero
2005 4683 2090 4720 νοτ

507 4774 758 4834 spondens
782 4765 850 4815 ait
886 4781 902 4817 :
933 4760 1024 4816 Cui
1045 4778 1133 4831 ego
1162 4763 1425 4813 intinctam
1465 4759 1630 4812 cibum
1669 4773 1959 4829 porrexero,
1984 4760 2094 4828 ipse

509 4868 580 4911 cst
608 4855 765 4928 (Ibid.
797 4870 842 4906 υ.
875 4851 986 4923 26).
1024 4851 1155 4905 Vide
1186 4851 1398 4921 quando
1427 4851 1596 4921 ipsum
1630 4849 1921 4916 revelarit,
1969 4865 2088 4904 eum

510 4949 668 5002 \‘cllet
698 4962 886 5015 nempe
912 4957 1136 4999 caeteros
1159 4959 1187 4995 a
1222 4943 1309 4996 tali
1338 4943 1500 4997 animi
1529 4943 1800 4998 anxietate
1824 4943 2087 4997 liberare:

514 5056 633 5094 nam
681 5055 873 5107 patore
922 5037 1070 5105 quasi
1118 5035 1313 5089 mortui
1350 5046 1534 5098 erant;
1583 5036 1807 5105 ideoque
1836 5035 2093 5103 urgebant

513 5133 920 5199 interrogantes.
951 5130 1132 5197 l‘icqnc
1161 5137 1360 5180 tantum
1391 5136 1446 5180 ut
1473 5127 1592 5182 illos
1617 5143 1645 5180 a
1678 5137 1826 5181 tanto
1848 5137 1992 5180 metu
2026 5127 2092 5179 li-

505 5225 756 5283 beraret,
804 5221 895 5275 sed
943 5221 1099 5275 etiam
1133 5229 1192 5272 ut
1245 5218 1571 5287 proditorem
1617 5216 1960 5282 emendaret,
1992 5217 2094 5271 hoc

510 5317 653 5370 fecit.
688 5315 817 5381 Quia
847 5315 987 5368 enim
1035 5327 1154 5368 cum
1197 5327 1338 5380 srepe
1378 5310 1685 5364 indistincte
1737 5311 1788 5364 id
1832 5309 2090 5374 audisset,

511 5426 614 5463 non
650 5407 977 5469 movebatur,
1006 5416 1060 5459 ut
1089 5406 1255 5472 magis
1275 5405 1422 5458 illum
1453 5403 1864 5472 perstringeret,
1891 5403 2089 5456 larvam

509 5502 626 5569 ejus
657 5500 872 5565 dejecit.
920 5498 1053 5550 Cum
1085 5513 1212 5566 ergo
1243 5497 1315 5550 illi
1343 5507 1634 5550 maerentes
1678 5495 2090 5564 interrogarent,

511 5592 775 5661 Numquid
802 5608 892 5662 ego
929 5607 1059 5652 sum,
1096 5590 1328 5652 Domine,
1355 5590 1660 5658 respondens
1696 5587 1864 5640 dixit:
1894 5586 1992 5650 Qui
2017 5587 2096 5639 in-

510 5689 656 5757 ;ingit
701 5703 892 5740 mecum
933 5700 1137 5738 manum
1177 5684 1228 5735 in
1281 5684 1570 5753 parOpside,
1607 5674 1686 5733 hic
1715 5697 1792 5732 me
1819 5679 2095 5733 traditurus

513 5794 601 5837 est.
624 5781 712 5836 24.
748 5782 853 5837 Sed
878 5779 1046 5836 Filius
1063 5777 1264 5850 quidem
1284 5777 1497 5831 hominis
1529 5778 1684 5843 radit,
1704 5784 1830 5828 sicut
1851 5782 2092 5845 scriptum

1239 333 1295 387 S.
1333 329 1609 387 JUANNIS
1645 327 2113 384 CIIRYSOSTOMI
2152 328 2469 386 ARClilEP.
2512 327 3041 388 CONSTANTINOP.

3695 335 3812 390 ’ΒΞ

2212 451 2285 496 est
2326 443 2389 494 de
2414 443 2502 496 illo
2521 459 2542 506 ;
2563 460 2636 497 me
2664 455 2829 498 autem
2858 446 3050 500 homini
3079 445 3175 510 illi,
3201 463 3290 512 per
3313 463 3455 517 quem
3499 447 3668 501 Filius
3699 452 3804 505 Ao-

2209 535 2356 588 minis
2378 538 2601 591 tradetur
2621 557 2642 592 :
2664 540 2846 594 bonum
2862 552 2966 594 erat
2992 543 3062 608 ei,
3086 543 3130 594 si
3152 552 3302 596 natus
3327 560 3427 596 non
3451 545 3628 613 {uisset
3651 545 3823 599 homo-

2209 626 2316 679 ille.
2364 627 2588 692 Quidam
2624 641 2842 685 narrant
2867 633 3038 702 ipsum
3067 633 3136 688 ita
3161 634 3488 703 petulantem
3519 636 3714 698 fuis~e,
3747 646 3806 690 ut

2208 720 2520 785 magistrum
2551 738 2654 776 non
2678 735 3035 790 revereretur,
3064 725 3156 780 sed
3199 742 3318 780 eum
3342 729 3456 795 ipso
3479 729 3802 798 intingeret;

2207 809 2338 862 mihi
2366 821 2542 864 autem
2585 814 2800 869 videtur
2829 816 2930 871 hoe
2975 809 3166 871 fecisse
3197 818 3440 873 Christus
3464 861 3480 884 ,
3536 831 3592 871 ut
3646 820 3801 874 illum

2205 901 2396 968 majori
2429 902 2668 959 afficeret
2690 906 2913 975 pudore,
2943 917 2998 962 et
3023 909 3087 962 ad
3123 909 3399 964 meliorem
3433 910 3686 966 affectum
3717 912 3804 980 ip-

2205 1002 2321 1044 sum
2374 994 2748 1062 pertraheret;
2798 1013 2903 1067 qua
2947 999 3001 1053 in
3050 1014 3110 1054 re
3149 999 3348 1071 aliquid
3378 1003 3550 1070 majus
3598 1002 3802 1073 deprc-

2205 1078 2475 1136 ltenditur.

2273 1174 2327 1229 2.
2371 1174 2474 1229 Ine
2499 1189 2665 1232 matus
2689 1181 2920 1234 sedandi.
2947 1211 3017 1222 -—
3045 1181 3170 1237 Hinc
3196 1197 3356 1251 porro
3381 1199 3486 1237 non
3526 1185 3800 1255 simplici—

2204 1271 2285 1317 ter
2334 1268 2790 1332 przetercurreuda
2837 1280 2981 1332 sunt,
3035 1271 3128 1326 sed
3175 1272 3226 1325 in
3277 1273 3471 1326 animis
3522 1274 3804 1342 infigenda

2199 1355 2417 1418 nostris,
2460 1367 2516 1408 ut
2562 1359 2764 1412 nullum
2811 1375 3061 1430 umquam
3086 1361 3178 1416 ira:
3207 1362 3378 1416 locum
3410 1362 3620 1419 demus.
3661 1364 3811 1432 Quis

2200 1445 2339 1500 enim
2381 1460 2587 1501 caenam
2615 1448 2762 1503 illam
2805 1459 2984 1505 mente
3023 1453 3321 1520 revolvens,
3353 1455 3808 1526 proditoremque

2199 1549 2322 1588 cum
2348 1539 2584 1591 omnium
2627 1537 2916 1596 Servatore
2956 1543 3386 1610 recumbentem,
3425 1561 3658 1616 eumque
3701 1549 3806 1617 qui-

2197 1629 2503 1697 prodendus
2524 1641 2639 1686 erat
2663 1644 2768 1688 :am
2794 1635 2907 1688 miti
2932 1649 3181 1691 sermone
3209 1645 3465 1706 utentem,
3494 1653 3602 1692 non
3641 1640 3797 1693 virus

2200 1729 2370 1773 totum
2416 1721 2509 1775 ira:
2555 1732 2715 1792 atque
2759 1724 2953 1778 furoris
3001 1724 3221 1793 ejiciat?
3257 1724 3388 1782 Vide
3425 1728 3586 1796 igitur
3625 1745 3800 1798 quam-

2197 1822 2476 1868 mansuete
2503 1828 2806 1870 sermonem
2835 1815 2900 1868 ad
2931 1816 3102 1885 ipsum
3142 1826 3438 1872 convertat.
3476 1817 3646 1872 Filius
3673 1819 3795 1889 qui-

2197 1899 2310 1953 dem
2360 1903 2576 1957 hominis
2612 1905 2770 1971 vadit,
2816 1906 2944 1958 sicut
2989 1907 3234 1976 scriptum
3279 1917 3352 1961 est
3392 1909 3456 1963 de
3504 1908 3617 1961 illo.
3665 1908 3798 1965 llzee

2196 2003 2359 2059 porro
2386 1991 2519 2045 dixit
2545 2003 2602 2047 ut
2625 1994 2915 2064 discipulos
2943 1999 3309 2064 confirmaret,
3342 2006 3400 2052 ut
3424 2013 3491 2054 ne
3521 2000 3652 2053 illud
3685 2000 3793 2054 im-

2195 2081 2471 2136 becillitati
2512 2085 2825 2154 tribuerent,
2858 2097 3019 2157 utque
3059 2089 3217 2142 etiam
3248 2090 3576 2160 proditorem
3603 2108 3796 2147 cmen-

2194 2171 2367 2226 daret.
2415 2172 2501 2228 Va:
2540 2185 2707 2230 autem
2733 2178 2926 2230 homini
2966 2179 3046 2232 illi
3071 2196 3160 2250 per
3194 2197 3340 2249 quem
3371 2181 3538 2235 Filius
3569 2183 3794 2238 hominis

2197 2265 2422 2318 tradetur
2444 2280 2462 2320 :
2484 2267 2667 2320 bonum
2692 2279 2799 2322 erat
2821 2269 2920 2335 illi,
2946 2270 2992 2324 si
3008 2281 3156 2325 natus
3181 2287 3282 2325 non
3307 2273 3484 2343 fuisset
3505 2275 3658 2327 homo
3679 2275 3792 2330 ille.

2198 2356 2330 2413 Vide
2359 2374 2568 2413 rursum
2601 2361 2653 2415 in
2681 2363 2953 2432 arguendo
2985 2364 3304 2421 ineﬂ'abilem
3347 2367 3643 2422 lenitatem.
3672 2369 3802 2426 Non-

2197 2449 2337 2501 cnim
2369 2448 2456 2503 hic
2497 2451 2713 2516 acriter,
2766 2454 3180 2516 sedmiserahili
3214 2459 3387 2526 potius
3433 2461 3592 2515 modo
3623 2464 3800 2518 verba-

2197 2538 2344 2603 facit,
2393 2551 2556 2611 atque
2610 2559 2822 2599 rursum
2872 2549 3205 2604 subobscure
3249 2567 3262 2604 :
3300 2567 3622 2622 quamquam
3681 2572 3794 2614 non

2193 2631 2355 2685 modo
2380 2636 2625 2702 superior
2651 2637 2918 2703 vecordia,
2945 2639 3043 2694 sed
3069 2651 3120 2696 et
3143 2643 3408 2711 posterior
3430 2646 3803 2717 impudentia,

2194 2721 2394 2792 ingenti
2435 2723 2592 2796 digna
2621 2737 2764 2782 esset
2807 2728 3190 2800 indignatione.
3240 2733 3372 2788 Nam
3400 2746 3684 2806 postquam
3718 2741 3791 2795 ita

2193 2815 2468 2870 convictus
2487 2819 2674 2882 fuerat,
2689 2819 2821 2874 dixit
2841 2839 2854 2876 :
2872 2822 2963 2876 25.
2986 2823 3250 2895 Numquid
3267 2843 3358 2898 ego
3373 2845 3506 2893 sum,
3531 2829 3802 2887 Domine."

2193 2903 2603 2962 O'vecordiamt
2631 2908 2829 2963 llerum
2865 2912 2963 2965 sibi
3005 2916 3254 2970 conscius
3288 2917 3621 2974 sciscitatur:
3664 2937 3798 2977 nam

2192 2999 2515 3068 evangelista
2555 3000 2672 3068 ejus
2700 3001 2972 3058 admirans
3001 3006 3344 3074 petulantiam
3373 3009 3488 3066 haec
3515 3012 3610 3069 ait.
3648 3013 3805 3080 Quid

2191 3102 2320 3159 ergo
2367 3090 2676 3146 lenissimus
2727 3094 3145 3168 mitissimusque
3190 3097 3387 3155 Jesus?
3450 3101 3526 3156 Tu
3588 3105 3792 3163 dixisti.

2192 3180 2523 3254 Quamquam
2550 3185 2729 3242 dicere
2757 3191 3017 3258 potuisset
3046 3212 3060 3248 :
3085 3191 3320 3249 Sceleste
3355 3205 3409 3251 ct
3432 3201 3790 3269 exsecraude,

2193 3284 2352 3345 atque
2376 3276 2756 3347 impurissime,
2790 3290 2937 3336 tanto
2974 3291 3215 3355 tempore
3245 3286 3346 3344 hoc
3373 3289 3570 3344 malum
3601 3301 3792 3363 partu-

2193 3367 2358 3435 riens,
2391 3381 2512 3440 post
2540 3375 2841 3442 pactionem
2871 3375 3187 3433 diabolieam
3217 3391 3666 3454 numeratamque
3694 3400 3792 3456 pe-

2192 3458 2426 3526 cuniam,
2457 3476 2486 3515 a
2515 3477 2602 3518 me
2621 3468 2918 3533 convictus,
2939 3467 3106 3524 audes
3129 3468 3305 3524 adhuc
3331 3469 3700 3543 interrogate?
3717 3477 3801 3532 At

2195 3547 2391 3606 horum
2429 3553 2561 3608 nihil
2601 3555 2774 3610 dixit:
2799 3556 2894 3612 sed
2938 3559 3101 3628 quid?
3141 3557 3218 3613 Tu
3263 3561 3462 3628 dixisti,
3510 3565 3590 3620 sic
3631 3564 3790 3622 nobis

2193 3641 2339 3713 leges
2375 3652 2616 3699 statuens
2663 3646 2896 3702 ferenda:
2938 3649 3164 3716 injuri:e.
3207 3649 3406 3706 Verum
3445 3653 3590 3710 dicet
3631 3657 3795 3727 quis-

2192 3735 2331 3803 piam
2359 3750 2372 3789 :
2404 3735 2458 3790 Si
2489 3738 2743 3806 scriptum
2789 3748 2872 3794 est
2900 3739 3168 3796 Christum
3211 3743 3282 3797 ita
3312 3759 3591 3815 passurum
3634 3763 3797 3819 esse,

2191 3838 2288 3879 cur
2334 3836 2614 3883 accusatur
2640 3828 2804 3884 Judas
2829 3833 2853 3883 ἲ
2895 3846 3015 3886 nam
3042 3847 3159 3902 qua:
3189 3834 3386 3902 scripta
3414 3846 3569 3892 erant
3604 3840 3790 3909 perfe-

2192 3918 2282 3970 cit.
2314 3918 2384 3972 At
2414 3934 2521 3972 non
2553 3920 2652 3974 hoc
2680 3921 2765 3975 ille
2789 3922 2969 3976 animo
2998 3923 3143 3989 fecit,
3177 3925 3271 3980 sed
3297 3941 3365 3980 ex
3407 3929 3635 3984 scelere.
3667 3929 3784 3987 Nisi

2192 4021 2370 4065 autem
2402 4012 2636 4064 animum
2674 4013 3060 4080 exploraveris,
3110 4017 3280 4084 ipsum
3308 4016 3578 4072 diabolum
3623 4035 3652 4073 a
3684 4023 3802 4076 cri-

2195 4108 2338 4160 mine
2369 4105 2636 4162 liberabis.
2686 4104 2792 4159 Sed
2837 4121 2940 4160 non
2985 4108 3076 4174 ita,
3111 4123 3222 4162 non
3266 4108 3336 4163 ita
3363 4117 3510 4166 certe
3547 4127 3637 4168 res
3680 4125 3788 4168 est.

2192 4200 2468 4255 Sescentis
2511 4200 2651 4253 enim
2693 4209 2748 4253 et
2792 4199 2877 4254 hic
2915 4209 2968 4254 et
3011 4200 3100 4256 ille
3143 4211 3267 4256 sunt
3299 4203 3441 4271 digni
3485 4205 3794 4275 suppliciis,

2193 4294 2399 4350 etiamsi
2442 4293 2587 4347 orbis
2632 4292 2757 4347 hinc
2799 4304 3045 4348 servatus
3089 4294 3178 4348 sit.
3227 4294 3409 4367 Neque
3449 4299 3593 4352 enim
3635 4299 3798 4356 ludar

2193 4385 2425 4456 proditio
2455 4385 2678 4439 salutem
2725 4384 2879 4440 nobis
2908 4395 3127 4454 operata
3167 4395 3270 4450 est,
3320 4386 3414 4442 sed
3459 4388 3657 4444 Christi
3696 4407 3795 4445 sa-

2193 4478 2414 4547 pientia,
2443 4478 2530 4546 qui
2554 4477 2684 4530 mira
2711 4476 2924 4531 solertia
2955 4476 3180 4531 aliorum
3213 4478 3509 4535 sceleribus
3538 4481 3606 4534 ad
3645 4482 3792 4536 salu-

2195 4578 2302 4624 tem
2351 4577 2587 4623 nostram
2627 4578 2708 4623 est
2735 4583 2881 4622 usus.
2910 4567 3049 4635 Quid
3090 4581 3238 4638 ergo,
3289 4570 3516 4640 inquies,
3549 4573 3592 4626 si
3622 4573 3798 4629 ludus

2195 4677 2300 4717 non
2359 4661 2702 4732 prodidisset,
2753 4675 2931 4714 annon
2986 4659 3122 4714 alius
3162 4661 3468 4729 proditurus
3516 4666 3671 4719 erat?
3723 4667 3789 4721 Et

2195 4754 2321 4827 quid
2361 4755 2464 4809 hoc
2505 4752 2570 4807 ad
2615 4768 2727 4807 rem
2769 4753 3090 4822 qumsitam?
3130 4754 3186 4808 Si
3224 4754 3476 4825 crucitigi'
3505 4757 3796 4826 Oportebat

2194 4828 2483 4912 Christum,
2520 4845 2744 4914 inquies,
2793 4859 2887 4914 per
2916 4844 3198 4916 quemdam
3247 4845 3546 4913 Oportebat.
3589 4848 3646 4903 Si
3692 4862 3790 4919 per.

2196 4938 2498 5010 quemdam,
2530 4951 2625 5006 per
2669 4935 2940 4990 hominem
2987 4934 3293 5003 hujusmocti
3327 4937 3698 5005 proculdubio.
3730 4939 3786 4995 Si

2197 5044 2356 5100 porro
2399 5029 2522 5082 boni
2572 5027 2797 5081 fuissent
2835 5041 3042 5090 omnes,
3095 5027 3216 5081 hinc
3257 5027 3549 5083 cohibitum
3596 5030 3790 5088 fuisset

2197 5121 2381 5176 salutis
2407 5129 2604 5174 nostra:
2632 5117 2923 5188 negotium.
2949 5117 3122 5170 Absit.
3152 5116 3270 5187 ipse
3299 5135 3464 5184 enim,
3497 5123 3786 5190 sapientis-

2198 5214 2360 5267 simus
2391 5229 2512 5266 eum
2557 5221 2723 5274 esset,
2773 5210 2976 5266 sciebat
3014 5212 3285 5279 quomodo
3314 5222 3492 5268 nostra
3535 5227 3682 5272 esset
3709 5218 3791 5274 di-

2198 5315 2544 5374 spensaturus
2579 5337 2592 5362 ,
2655 5301 2866 5356 etiamsi
2933 5317 3021 5356 res
3073 5301 3092 5334 ⁸
3140 5301 3212 5359 ita
3307 5306 3589 5360 cecidisset
3629 5312 3791 5379 :ojus

2198 5397 2392 5465 quippe
2421 5395 2676 5464 sapientia
2705 5405 2753 5448 et
2795 5404 2981 5463 potens
3011 5401 3062 5446 et
3093 5392 3653 5464 incomprehensibilis
3682 5414 3785 5456 est.

2202 5490 2324 5544 Ideo
2351 5500 2526 5543 autem
2557 5504 2621 5542 ne
2653 5487 2772 5557 quis
2800 5494 3026 5554 putaret,
3053 5485 3244 5539 .ludam
3275 5486 3432 5556 hujus
3471 5496 3789 5550 manentia:

2201 5581 2365 5637 fuisse
2392 5581 2714 5643 ministrum,
2743 5579 2997 5632 miserum
3037 5575 3186 5631 illum
3216 5579 3489 5649 praedicat.

2262 5784 2279 5814 ι
2307 5782 2386 5831 Sic
2411 5782 2560 5832 Sasil.
2596 5783 2770 5833 Morel.
2804 5790 2971 5834 autem
2998 5787 3051 5832 et
3071 5797 3198 5834 unus
3225 5782 3331 5834 cod.
3357 5784 3543 5835 habent
3566 5797 3665 5834 non
3687 5781 3775 5834 ita.
