4074 6426
256 413 364 470 733

334 528 505 592 Quart:
554 523 686 577 Deus
723 522 979 591 improbos
1018 523 1157 575 nasci
1199 522 1475 590 permittat.
1504 548 1575 558 -——
1604 521 1670 572 At
1717 516 1859 569 dicet

257 618 455 671 iterum
504 615 807 687 quispiam:
839 614 897 670 Si
942 614 1139 670 bOuum
1195 622 1311 669 erat
1353 627 1474 667 eum
1521 627 1626 665 non
1676 620 1858 664 natum

256 710 445 773 fuisse,
490 723 590 763 cur
628 706 869 777 permisit
916 705 1065 761 illum
1110 704 1353 775 produci,
1405 718 1513 758 non
1557 704 1719 765 hunc,
1764 700 1857 755 sed

253 802 421 856 etiam
452 800 725 872 improbos
764 798 993 854 omnes?
1021 795 1156 853 Cum
1185 804 1459 865 Oporteret
1503 802 1555 848 te
1585 791 1861 862 improbos

253 906 448 947 omnes
476 891 742 955 incusare,
769 890 911 961 quod
938 905 1059 945 cum
1094 903 1250 945 sec-us
1277 888 1451 942 facere
1491 894 1730 956 possent,
1761 885 1863 937 im-

255 981 412 1052 probi
442 982 731 1051 evaserint,
764 992 841 1049 tu,
884 983 987 1036 illis
1015 980 1412 1050 praetermissis,
1445 994 1564 1047 qua:
1592 977 1659 1030 ad
1690 977 1857 1030 Deum

252 1081 504 1141 spectant
528 1070 792 1127 curiosius
830 1071 1078 1141 inquiris,
1110 1084 1309 1141 gnarus
1340 1079 1516 1123 tamen
1556 1068 1758 1121 nullum
1791 1080 1859 1121 ex

253 1164 585 1217 necessitate
612 1162 813 1218 malum
854 1176 997 1218 esse.
1027 1161 1157 1228 Sed,
1187 1161 1417 1231 inquies,
1446 1160 1618 1216 bonos
1650 1154 1857 1212 ta'ntum

255 1254 405 1308 nasci
431 1256 777 1325 oportuisset,
806 1267 977 1324 neque
1005 1262 1131 1308 tunc
1167 1262 1311 1307 esset
1334 1251 1595 1323 gehenute
1625 1250 1862 1306 necessi-

253 1357 361 1411 tas,
390 1361 490 1402 nec
516 1362 688 1417 pmnaa
717 1346 1053 1418 suppliciive,
1086 1360 1261 1417 neque
1288 1346 1453 1399 ullum
1480 1344 1734 1412 nequitiae
1762 1358 1859 1397 ve-

251 1438 509 1509 stigium;
537 1440 707 1495 malos
731 1451 911 1494 autem
943 1454 1231 1510 numquam
1256 1451 1376 1493 esse
1407 1454 1502 1509 par
1534 1437 1743 1502 fuisset,
1774 1437 1858 1491 vel

252 1532 299 1584 si
333 1532 442 1585 uati
468 1543 671 1596 essent,
701 1533 879 1586 statim
924 1532 1203 1588 recedere.
1239 1531 1418 1586 Primo
1449 1532 1540 1586 tibi
1568 1532 1857 1603 dicendum

252 1631 339 1676 cst
366 1623 716 1693 apostolicum
744 1623 872 1677 illud
901 1641 915 1677 ε
945 1624 1115 1692 Atqui,
1142 1640 1173 1698 o
1193 1623 1366 1689 homo,
1398 1632 1452 1676 tu
1477 1625 1563 1692 qui
1586 1639 1637 1676 es
1662 1622 1750 1693 qui
1777 1640 1858 1677 re-

250 1715 512 1780 spondeas
544 1712 692 1767 Deo?
721 1712 865 1767 Num
894 1715 1025 1767 dicet
1064 1715 1363 1785 ﬁgmentum
1392 1716 1436 1767 ei
1476 1716 1562 1784 qui
1592 1731 1645 1769 se
1685 1716 1856 1784 ﬁnxit,

253 1805 366 1858 Cur
404 1821 482 1857 me
508 1806 579 1857 ita
609 1805 844 1874 formasti
864 1805 1038 1875 (Rom.
1065 1808 1118 1861 9.
1153 1805 1282 1876 20)?
1308 1806 1364 1859 Si
1410 1815 1591 1859 autent
1638 1807 1857 1861 ratioci-

249 1895 343 1948 nia
371 1898 589 1968 qua-ris,
622 1897 727 1952 hoc
751 1897 1067 1963 dixerimus,
1102 1899 1292 1967 majori
1314 1897 1655 1953 admirationi
1685 1898 1858 1955 bonos

247 2005 400 2054 esse,
431 2005 551 2045 cum
577 1990 734 2046 malis
766 1992 1060 2061 permixtos
1086 2008 1100 2043 :
1131 2006 1254 2045 nam
1283 2000 1410 2045 tunc
1440 1991 1655 2045 illorutn
1685 2003 1740 2047 et
1767 2007 1859 2061 pa-

249 2082 440 2156 tientia
462 2091 515 2138 et
541 2082 877 2151 philosOphia
905 2084 1074 2152 magis
1093 2084 1400 2152 conspicuae
1425 2092 1566 2137 sunt.
1600 2082 1679 2137 Tu
1702 2098 1854 2151 vero,

246 2174 345 2243 qui
373 2174 485 2229 hzec
511 2173 665 2238 dicis,
694 2189 909 2229 omnem
942 2175 1086 2229 tollis
1112 2176 1463 2230 certaminum
1491 2177 1853 2232 occasionem.

247 2268 365 2322 Cur
392 2282 543 2335 ergo,
572 2268 801 2338 inquies,
837 2277 895 2323 ut
931 2269 1022 2323 alii
1050 2269 1308 2325 meliores
1335 2270 1639 2338 videantur,
1676 2272 1728 2325 hi
1762 2288 1856 2342 pu-

251 2361 511 2415 nientur?
542 2360 728 2425 Absit;
768 2360 863 2417 sed
907 2360 978 2416 ob
1019 2376 1171 2417 suam
1204 2364 1496 2432 nequitiam
1540 2366 1853 2435 puniuntur.

251 2451 439 2521 Neque
465 2453 610 2506 enim
635 2454 762 2523 quia
792 2453 902 2507 nati
932 2465 1077 2521 sunt,
1111 2455 1341 2525 improbi
1369 2456 1614 2521 fuerunt;
1660 2458 1755 2513 sed
1785 2458 1856 2513 ob

252 2544 522 2613 ignaviam
548 2560 700 2600 suam
721 2546 762 2610 ί,
791 2532 1017 2616 ideoque
1043 2547 1369 2616 plectuntur.
1401 2548 1684 2616 Quomodo
1710 2550 1854 2605 enim

254 2653 362 2690 non
390 2638 651 2706 supplicio
679 2636 827 2707 digni
857 2638 983 2701 sint.
1012 2639 1104 2709 qui
1130 2649 1207 2694 tot
1233 2640 1445 2694 virtutis
1472 2640 1726 2696 doctores
1756 2643 1852 2695 ha-

252 2730 439 2795 beant,
471 2730 709 2800 nihilque
735 2730 858 2785 inde
886 2731 1018 2787 lucri
1046 2730 1326 2788 referant?
1354 2732 1503 2789 Sicut
1524 2735 1667 2787 enim
1696 2736 1854 2804 probi

251 2819 456 2890 duplici
488 2820 555 2877 de
581 2836 740 2876 causa
783 2830 911 2876 sunt
959 2825 1181 2893 prtemio
1226 2823 1399 2893 digni,
1432 2832 1541 2877 tum
1572 2826 1693 2894 quia
1726 2826 1854 2881 boni

251 2922 397 2977 sunt,
449 2920 559 2966 tum
603 2913 727 2982 quia
775 2914 905 2968 nihil
954 2916 1024 2969 ab
1062 2916 1322 2987 improbis
1365 2926 1489 2971 sunt
1519 2918 1630 2972 laesi
1662 2918 1771 2973 :ita
1800 2926 1856 2973 et

251 3006 484 3074 improbi
511 3005 706 3075 duplici
750 3016 874 3061 sunt
900 3006 1043 3079 digni
1090 3010 1377 3079 supplicio,
1417 3018 1531 3065 tum
1572 3013 1696 3081 quia
1728 3013 1851 3067 mali

246 3107 399 3167 sunt,
439 3113 562 3155 eum
608 3114 728 3155 esse
769 3100 896 3156 boni
941 3102 1260 3172 potuissent,
1309 3113 1367 3157 ut
1406 3120 1472 3160 ex
1524 3106 1679 3160 bonis
1724 3107 1854 3177 ipsis

250 3190 529 3260 probatur,
562 3200 673 3246 tum
696 3194 817 3263 quia
844 3194 977 3250 nihil
1004 3210 1071 3250 ex
1094 3196 1354 3251 bonorum
1384 3202 1632 3269 exetnplo
1662 3200 1853 3262 lucrati

247 3293 398 3337 sunt.
432 3285 502 3336 At
540 3283 817 3340 videamus
854 3285 980 3356 quid
1024 3288 1169 3342 dicat
1211 3290 1377 3345 miser
1406 3291 1496 3346 ille
1533 3308 1563 3346 a
1594 3293 1854 3364 Magistro

246 3383 553 3442 correptus.
599 3375 735 3441 Quid
777 3391 907 3446 ergo
944 3377 1115 3433 dicit?
1147 3379 1415 3447 Numquid
1458 3398 1549 3455 ego
1580 3402 1712 3451 sum,
1750 3386 1851 3441 Do-

247 3466 382 3520 mine
402 3465 429 3520 2
456 3465 520 3520 Et
547 3480 643 3521 cur
668 3482 773 3521 non
796 3468 874 3523 sic
904 3468 971 3523 ab
998 3470 1152 3525 initio
1192 3472 1585 3544 interrogavit?
1614 3476 1669 3532 ld
1698 3488 1854 3549 puta-

247 3555 338 3609 hat
366 3556 553 3621 latere,
586 3558 728 3627 quod
769 3558 1013 3627 dixisset,
1050 3559 1195 3617 Unus
1220 3575 1438 3619 vestrum
1456 3582 1475 3631 ;
1506 3582 1629 3622 cmn
1669 3580 1851 3626 autent

248 3648 402 3703 illum
456 3648 807 3713 declarasset.
864 3668 1028 3708 ausus
1074 3664 1158 3709 est
1206 3656 1557 3729 interrogare,
1611 3663 1850 3721 doctoris

246 3743 646 3798 mansuetudini
678 3744 867 3809 fidens,
909 3761 969 3800 se
1012 3762 1238 3816 sperans
1280 3764 1387 3805 non
1420 3753 1849 3824 redarguendum

242 3836 383 3905 (ore.
418 3834 648 3905 Ideoque
669 3836 821 3893 illum
852 3837 1019 3894 Rabbi
1048 3840 1276 3895 vocavit.

317 3928 374 3983 ὅ.
424 3926 659 3983 Pecunia
702 3945 847 3982 amor
890 3944 1044 3998 quam
1092 3948 1245 4000 prave
1284 3933 1509 3989 animum
1548 3937 1755 4007 ofﬁciat.
1780 3971 1853 3982 —

243 4018 291 4075 0
316 4018 642 4073 cmcitatem!
688 4034 967 4089 quousque
1006 4020 1075 4076 ab
1117 4020 1205 4076 illa
1239 4022 1502 4093 impulsus
1544 4030 1664 4082 est?
1703 4029 1851 4088 Talis

242 4121 328 4167 est
358 4110 598 4181 pecunia:
623 4125 776 4166 amor
802 4128 816 4166 :
846 4112 1040 4167 stultos
1062 4112 1249 4180 efficit,
1278 4117 1577 4184 petulantes
1605 4130 1659 4175 et
1686 4136 1849 4178 canes

241 4218 307 4257 ex
342 4201 685 4264 hominibus;
717 4201 828 4257 imo
857 4203 1079 4258 canibus
1110 4204 1432 4272 deteriores,
1459 4217 1512 4262 et
1534 4224 1597 4264 ex
1626 4212 1849 4269 canibus

240 4294 539 4349 dmmonas.
575 4292 672 4347 llic
700 4293 897 4364 quippe
918 4293 1190 4349 diabolum
1218 4296 1319 4351 sibi
1358 4296 1701 4356 insidiantem
1733 4302 1848 4357 adi-

239 4385 357 4452 bat,
389 4382 571 4440 Jesum
597 4392 780 4440 autem
818 4386 920 4441 sibi
966 4387 1267 4442 benelicum
1309 4389 1566 4459 prodidit,
1609 4409 1733 4449 cum
1773 4411 1845 4451 ex

241 4478 519 4546 proposito
541 4476 653 4545 jam
680 4476 928 4533 diabolus
974 4478 1199 4534 effectus
1239 4492 1405 4539 esset.
1452 4482 1611 4539 Tales
1649 4488 1848 4557 quippe

238 4570 408 4626 eflicit
439 4570 756 4625 insatiabilis
799 4570 1146 4639 pecuniarum
1176 4574 1464 4641 cupiditas,
1507 4578 1722 4643 stultos,
1755 4579 1845 4633 fu-

239 4663 439 4729 riosos,
489 4668 631 4716 totos
662 4663 904 4731 pecunia:
947 4663 1213 4729 addictos,
1245 4680 1293 4719 ut
1337 4664 1505 4722 Judas
1542 4668 1660 4727 fuit.
1693 4672 1845 4738 Quo-

238 4751 406 4808 modo
442 4760 623 4807 autem
666 4751 950 4807 Mattlunus
979 4762 1034 4808 et
1082 4756 1171 4809 alii
1203 4756 1410 4827 dicunt,
1452 4770 1579 4816 tunc
1627 4762 1775 4818 illum
1812 4780 1843 4820 a

236 4845 456 4902 diabolo
495 4853 709 4917 captum
742 4847 925 4913 fuisse,
956 4862 1080 4902 cum
1108 4848 1176 4903 de
1205 4851 1508 4920 proditione
1546 4864 1700 4924 pacta
1743 4857 1845 4913 ini-

236 4947 341 5005 ret,
370 4938 607 4993 Joannes
633 4953 783 5005 vero,
820 4937 945 4993 Post
985 4940 1263 4995 buccellam
1309 4944 1609 5014 ingressum
1660 4949 1713 5002 in
1748 4950 1841 5005 illo

235 5046 363 5087 esse
382 5039 648 5095 satanam,
672 5045 793 5084 cum
822 5030 951 5085 illud
984 5033 1096 5100 ipse
1124 5035 1327 5088 sciret?
1355 5038 1524 5105 Supra
1555 5040 1698 5093 cnim
1726 5042 1836 5096 ait:

236 5121 394 5177 (liena
418 5125 574 5191 facta,
601 5136 717 5175 cum
734 5121 849 5188 jam
880 5121 1113 5176 diabolus
1141 5126 1428 5180 immisisset
1468 5129 1519 5181 in
1550 5146 1637 5182 cor
1662 5132 1838 5200 Iudae,

236 5222 294 5266 ut
330 5214 549 5266 traderet
589 5227 705 5265 eum
736 5210 914 5282 (loan.
947 5214 1034 5268 15.
1070 5214 1152 5283 2).
1187 5215 1469 5283 Quomodo
1515 5236 1643 5289 ergo
1683 5222 1835 5290 dicit,

238 5302 366 5357 Post
390 5303 910 5357 buccellan'intravit
954 5306 1005 5358 in
1043 5322 1159 5359 euut
1182 5319 1387 5363 satanas
1414 5311 1578 5379 (Ibid.
1620 5330 1666 5368 υ.
1703 5316 1839 5385 '27)?

234 5396 369 5463 Quia
399 5411 504 5449 non
545 5394 825 5450 confertim
856 5396 1039 5457 intrat,
1083 5397 1178 5451 sed
1220 5401 1517 5468 periculum
1551 5404 1674 5459 facit
1714 5419 1840 5463 ante

235 5490 561 5557 diligenter:
591 5488 733 5555 quod
769 5490 853 5542 hic
892 5504 1110 5557 Quoque
1153 5494 1397 5561 contigit.
1449 5496 1659 5550 Sensim
1694 5500 1838 5554 enim

235 5580 499 5636 accedens
544 5580 715 5644 initio,
761 5590 816 5633 et
864 5581 1065 5649 placide
1114 5595 1454 5652 congressus,
1491 5597 1548 5639 ut
1588 5588 1730 5642 videt
1778 5591 1840 5642 il-

235 5671 351 5728 lum
378 5671 445 5725 ad
491 5687 550 5726 se
599 5672 966 5741 recipiendum
1006 5683 1272 5741 paratum,
1319 5684 1485 5729 totum
1531 5694 1589 5732 se
1621 5679 1838 5739 demum

300 5825 317 5857 ‘
345 5830 395 5873 In
422 5825 587 5877 ιιρτυι.
616 5826 813 5891 legitur,
843 5830 924 5879 sed
950 5828 1008 5879 ob
1034 5831 1267 5883 notitiam
1292 5840 1335 5883 et
1362 5832 1601 5897 ἱῃνι.ιίιετ.σιηι
1626 5853 1781 5890 suam.

1195 406 1261 463 ΞΝ
1298 402 1707 462 ΜᾹΤΤΙΙΛΞΕΜ
1751 399 1961 454 1103111.
2025 402 2267 462 LXXXI.
2309 407 2381 460 al.
2423 406 2689 462 LXXXII.

3482 416 3583 472 ’131

1970 518 2227 586 spirando
2258 520 2499 584 immisit,
2529 532 2583 578 et
2608 523 2771 593 plane
2798 527 3072 595 superavit
3103 528 3271 584 illum.
3299 531 3584 598 Quomodo

1970 618 2148 663 autem
2176 612 2221 665 si
2251 612 2448 681 pascha
2482 614 2863 681 comedebant,
2893 628 3080 672 contra
3119 620 3291 690 legem
3323 624 3373 676 id
3416 623 3580 678 faeie-

1968 696 2133 753 bant?
2164 700 2278 756 Non
2327 704 2471 757 enim
2520 706 2897 762 recumbentes
2939 713 3223 777 oportebat
3263 716 3559 772 comedere

1967 789 2104 856 Quid
2132 808 2262 863 ergo
2301 794 2633 851 dicendum?
2663 797 2815 867 Ipsos
2842 808 3126 870 postquam
3156 807 3353 872 pascha
3397 824 3583 863 cumc-

1968 882 2195 951 dissent,
2237 886 2435 944 deinde
2480 890 2794 962 recubuisse
2824 894 2891 949 ad
2924 896 3271 955 ccenandum.
3301 902 3455 956 Alius
3485 920 3581 956 an-

1969 982 2075 1028 tem
2104 980 2431 1048 evangelista
2473 982 2570 1045 ait,
2596 983 2741 1053 quod
2769 1000 2996 1054 vespera
3026 987 3115 1042 illa
3159 1004 3265 1043 non
3294 993 3454 1047 modo
3481 1008 3581 1049 co-

1968 1069 2198 1123 mederit
2219 1072 2438 1140 pascha,
2471 1074 2568 1129 sed
2604 1076 2767 1133 etiam
2796 1076 2995 1133 dixerit
3026 1098 3039 1132 :
3072 1078 3344 1136 Desiderio
3373 1084 3575 1141 deside—

1966 1160 2075 1213 ravi
2105 1164 2201 1215 hoc
2228 1168 2420 1232 pascha
2443 1168 2757 1223 manducare
2781 1171 3035 1225 vobiscum
3070 1173 3221 1241 (Luc.
3251 1175 3341 1229 22.
3373 1179 3491 1245 l5);
3524 1179 3575 1233 id

1967 1262 2071 1317 est,
2106 1252 2209 1308 hoc
2236 1272 2399 1310 anno.
2444 1257 2663 1323 Quare?
2706 1260 2838 1329 Quia
2868 1271 2995 1317 tunc
3033 1264 3180 1319 orbis
3208 1267 3356 1321 salus
3402 1268 3574 1327 futura

1968 1354 2105 1407 erat,
2134 1350 2386 1417 mysteria
2408 1351 2687 1418 tradenda,
2714 1354 2883 1408 tristia
2910 1370 3006 1423 per
3024 1366 3253 1411 mortem
3284 1360 3573 1431 solvenda;

1968 1437 2045 1490 sic
2071 1438 2145 1491 illi
2172 1453 2303 1493 crux
2335 1457 2399 1495 ex
2430 1452 2556 1496 voto
2590 1444 2902 1501 accedebat.
2942 1447 3138 1503 Verum
3187 1450 3339 1506 illam
3382 1455 3575 1509 imma-

1970 1540 2092 1580 nem
2126 1528 2291 1583 feram
2320 1531 2454 1585 nihil
2486 1534 2770 1605 mitigavit,
2807 1536 2939 1590 nihil
2962 1537 3131 1595 ﬂexit.
3166 1541 3257 1596 Va:
3290 1555 3470 1599 autem
3504 1547 3575 1600 illi

1961 1611 2097 1673 dixit
2171 1619 2258 1676 his
2323 1626 2505 1682 verbis
2565 1646 2579 1682 :
2639 1624 2728 1680 Vw
2753 1628 2949 1681 homini
2982 1630 3080 1683 illi.
3108 1630 3323 1687 Terruit
3354 1652 3571 1707 quoque

1967 1714 2115 1768 illum
2171 1716 2624 1774 dicenszBonum
2661 1717 2708 1772 ei
2748 1729 2882 1784 erat,
2921 1718 2967 1772 si
3035 1736 3186 1779 natus
3233 1744 3333 1781 non
3374 1730 3573 1796 fuisset.

1960 1800 2179 1859 Pudore
2220 1820 2349 1860 eum
2390 1805 2574 1872 allicit,
2623 1806 2856 1869 dicens,
2898 1804 3001 1860 Cui
3037 1823 3131 1877 ego
3180 1808 3405 1861 tinctam
3448 1810 3578 1861 buc-

1961 1893 2155 1950 cellam
2210 1913 2516 1965 perrexere.
2573 1901 2645 1949 At
2711 1896 2850 1950 nihil
2912 1897 3107 1950 horum
3171 1899 3352 1969 ipsum
3415 1914 3575 1953 coer-

1961 1987 2117 2054 cuit,
2159 1990 2254 2044 sed
2294 1990 2453 2058 quasi
2504 1989 2723 2043 insania
2760 2000 2963 2056 captus
3003 2000 3086 2043 est
3125 1992 3371 2046 avaritiae
3401 2035 3415 2059 ,
3464 1993 3576 2046 imo

1964 2079 2210 2146 graviore
2240 2081 2428 2134 morbo
2475 2091 2781 2153 correptus.
2830 2082 2963 2137 Nam
2996 2086 3213 2155 gravior
3256 2098 3403 2142 certe
3432 2089 3578 2144 furor

1966 2178 2067 2222 est.
2100 2168 2237 2235 Quid
2272 2170 2415 2225 enim
2464 2187 2716 2241 umquam
2768 2173 2945 2229 simile
2990 2174 3177 2230 furens
3209 2175 3373 2231 homo
3411 2177 3576 2232 fecit?

1965 2259 2081 2314 Non
2125 2263 2405 2317 emittebat
2449 2263 2537 2318 hic
2584 2279 2833 2333 spumam
2879 2282 2945 2320 ex
2984 2281 3100 2334 ore,
3153 2269 3251 2324 sed
3294 2271 3579 2327 emittebat

1967 2353 2177 2407 Domini
2206 2354 2408 2409 cmdem
2440 2371 2453 2408 :
2486 2371 2593 2410 non
2626 2358 2910 2427 torquebat
2941 2374 3155 2427 manus,
3181 2362 3275 2417 sed
3310 2364 3425 2419 illas
3453 2376 3576 2420 ten-

1965 2444 2144 2510 debat,
2178 2454 2233 2499 ut
2257 2446 2551 2515 pretiosum
2581 2448 2897 2517 sanguinem
2931 2452 3208 2507 venderet.
3244 2453 3371 2509 ldeo
3402 2456 3579 2524 major

1965 2536 2116 2591 furor
2143 2548 2281 2600 erat,
2313 2541 2437 2608 quia
2477 2554 2641 2595 sanus
2666 2540 2900 2597 furebat.
2928 2542 3038 2599 Sed
3083 2560 3189 2599 non
3219 2546 3457 2616 loquitur
3488 2550 3568 2603 in-

1964 2630 2133 2694 sulsa,
2166 2632 2352 2686 dices?
2389 2633 2592 2703 Ecquid
2623 2634 2884 2689 insulsius
2914 2636 3004 2690 illa
3052 2652 3210 2703 voce,
3243 2637 3383 2703 Quid
3423 2642 3576 2697 vultis

1963 2722 2090 2774 milii
2115 2722 2257 2790 dare,
2288 2732 2332 2775 et
2363 2740 2453 2793 ego
2474 2724 2610 2779 vobis
2638 2726 2838 2779 tradam
2866 2743 2980 2781 eum
3000 2728 3027 2780 γ
3054 2728 3306 2783 Diabolus
3337 2732 3575 2787 insonuit

1965 2827 2062 2881 per
2085 2826 2146 2868 os
2172 2815 2307 2882 ejus.
2336 2814 2440 2869 Sed
2481 2830 2587 2869 non
2615 2818 2883 2885 percussit
2920 2827 3123 2873 terram
3153 2821 3379 2890 pedibus
3406 2824 3576 2879 calci-

1965 2908 2151 2957 trans'!
2183 2904 2250 2960 Et
2273 2914 2475 2975 quanto
2504 2909 2698 2963 melius
2726 2909 3031 2978 calcitrare,
3065 2928 3225 2983 quam
3254 2915 3333 2969 sic
3364 2926 3573 2973 rectum

1963 2995 2277 3052 δίει-εἴδεά
2316 2998 2585 3068 lapidibus
2608 3002 2848 3069 seipsum
2889 3017 2994 3057 non
3032 3008 3343 3073 percussit?
3376 3008 3573 3065 Verum

1963 3097 2166 3155 quanto
2191 3088 2385 3143 melius
2427 3089 2477 3143 id
2507 3089 2716 3157 fuisset,
2743 3107 2901 3161 quam
2935 3094 3039 3148 tale
3079 3093 3288 3151 facinus
3318 3101 3576 3169 aggredi?

2039 3178 2195 3232 Avari
2236 3180 2509 3235 deteriores
2554 3184 2906 3237 da'moniaris.
2931 3185 3207 3243 --,Vultis
3252 3189 3303 3243 in
3337 3192 3576 3249 medium

1962 3268 2293 3324 adducamus
2318 3270 2683 3326 dannoniacos
2724 3284 2778 3325 et
2802 3289 3017 3341 avaros,
3053 3284 3108 3331 et
3142 3288 3399 3350 utrosque
3424 3297 3575 3337 com-

1963 3361 2256 3429 paremus?
2300 3360 2405 3418 Sed
2455 3378 2614 3417 nemo
2658 3363 2710 3417 id
2755 3365 2807 3418 in
2854 3368 2935 3420 sui
2963 3371 3344 3424 contumeliam
3376 3384 3572 3429 vertat.

1961 3450 2079 3505 Non
2123 3452 2266 3506 enim
2300 3462 2548 3507 naturam
2588 3454 2888 3524 culpamus,
2937 3456 3033 3511 sed
3080 3474 3195 3513 rem
3240 3460 3574 3532 hujnsmodi.

1961 3543 2263 3615 Numquam
2310 3546 2677 3602 dmmoniacus
2720 3549 2962 3604 vestibus
3012 3550 3269 3617 induitur,
3308 3555 3576 3626 lapidibus

1962 3638 2197 3705 seipsum
2220 3636 2456 3703 czedcns,
2488 3653 2551 3693 ac
2579 3653 2675 3707 per
2703 3640 2843 3695 invia
2886 3650 2941 3697 et
2965 3657 3155 3712 aspera
3180 3644 3294 3701 loca
3324 3662 3572 3719 currens,

1961 3728 2316 3783 vehementer
2354 3744 2382 3782 a
2423 3729 2670 3786 daemone
2700 3742 2873 3786 actus.
2918 3733 3112 3788 Annon
3159 3733 3274 3791 haec
3304 3738 3574 3798 horrenda

1963 3820 2259 3877 videntur?
2290 3822 2428 3890 Quid
2467 3838 2596 3894 ergo
2623 3824 2666 3878 si
2695 3825 3046 3881 ostendamus
3076 3844 3269 3885 avaros
3301 3831 3385 3885 his
3414 3833 3573 3893 dete-

1962 3912 2153 3975 tiores,
2202 3913 2384 3983 pejora
2434 3914 2489 3969 in
2535 3914 2771 3971 animam
2824 3931 2977 3972 suam
3008 3929 3244 3989 patrare,
3296 3932 3459 3994 atque
3500 3928 3571 3983 ita

1974 4000 2185 4071 pejora,
2207 4014 2265 4057 ut
2293 4004 2407 4061 haec
2433 4005 2596 4063 ludus
2622 4024 2747 4064 esse.
2770 4010 3104 4067 videantur?
3133 4011 3328 4069 Nonne
3366 4016 3593 4087 fugietis

1974 4094 2141 4149 talem
2162 4098 2415 4153 morbum
2437 4100 2610 4170 ?Age,
2631 4103 3068 4174 videamuquuis
3083 4122 3275 4162 eorum
3292 4108 3363 4164 sit
3382 4111 3591 4166 tolera-

1974 4184 2159 4241 bilior.
2181 4188 2327 4244 Nihil
2346 4200 2497 4246 certe
2514 4195 2676 4246 ambo
2694 4194 2981 4251 differunt:
3008 4198 3173 4251 ambo
3193 4200 3341 4253 enim
3358 4216 3588 4258 sexcen-

1958 4280 2028 4335 tis
2050 4280 2207 4335 nudis
2238 4280 2547 4336 hominibus
2577 4289 2706 4336 sunt
2732 4282 3021 4351 turpiores.
3047 4282 3230 4354 Longe
3269 4288 3415 4341 enim
3457 4302 3574 4344 me-

1956 4373 2062 4429 lius
2083 4382 2166 4429 est
2186 4372 2388 4429 nudum
2408 4374 2647 4429 vestibus
2668 4390 2807 4443 esse,
2835 4391 2995 4443 quam
3020 4392 3085 4431 ex
3108 4378 3293 4447 rapina
3325 4380 3574 4435 indutum

1957 4466 2229 4533 incedere,
2264 4466 2401 4521 sicut
2435 4467 2761 4521 baechanles
2791 4469 3066 4525 incedunt.
3099 4470 3571 4537 Quemadmodum

1957 4557 2101 4611 enim
2132 4557 2206 4611 illi
2240 4558 2418 4612 larvas
2472 4567 2526 4615 et
2562 4569 2740 4614 veste:
2786 4560 3077 4616 furentium
3123 4563 3343 4623 habent.
3395 4566 3473 4619 sic
3516 4576 3574 4621 et

1955 4646 2065 4702 isti.
2119 4651 2197 4703 Ac
2246 4650 2702 4720 quemadmodum
2751 4651 3211 4708 dremoniacorum
3264 4656 3563 4714 nuditatem

1954 4741 2105 4795 furor
2140 4741 2327 4806 eflicit,
2360 4742 2429 4796 ita
2472 4756 2685 4812 quoque
2712 4752 2766 4797 et
2795 4744 2937 4797 hunc
2978 4744 3234 4800 amictum
3269 4746 3437 4802 furori
3470 4751 3569 4825 tri-

1953 4832 2226 4889 buendum
2252 4850 2451 4889 censeo
2476 4852 2488 4888 :
2514 4836 2604 4904 qui
2646 4836 2877 4891 amictus
2906 4837 3151 4892 nuditate
3183 4839 3295 4908 ipsa
3329 4828 3569 4897 deterior

1952 4938 2053 4983 est.
2091 4928 2143 4982 Id
2172 4929 2315 4998 quod
2349 4928 2473 4983 hinc
2501 4928 2878 4983 demonstrare
2908 4931 3169 4985 conabor.
3204 4931 3376 4997 Quem
3417 4936 3565 4989 enim

1951 5019 2186 5073 maxime
2231 5017 2412 5074 furere
2450 5018 2715 5075 dicamus.
2756 5034 2824 5072 an
2864 5019 2955 5089 qui
3000 5021 3238 5090 seipsum
3278 5024 3455 5087 Gl'dlt,
3498 5041 3564 5078 an

1952 5113 2041 5183 qui
2075 5127 2257 5167 secum
2298 5122 2525 5167 caeteros
2552 5126 2741 5166 omnes
2772 5112 2996 5167 obvios?
3028 5114 3251 5169 Planum
3294 5124 3397 5178 est,
3426 5116 3567 5172 hunc

1950 5220 2071 5261 esse
2102 5214 2453 5275 postremum.
2505 5204 2668 5276 Igitur
2716 5205 2791 5259 illi
2831 5220 2950 5260 sese
2994 5206 3288 5270 denudent,
3336 5207 3389 5261 hi
3438 5224 3565 5264 vero

1950 5297 2137 5351 obvios
2184 5312 2393 5351 omnes.
2442 5298 2516 5351 At
2565 5296 2639 5350 illi
2686 5297 3007 5352 vestimenta
3059 5299 3411 5355 discindunt?
3455 5302 3561 5357 Sed

1949 5398 2208 5460 quantum
2243 5390 2598 5445 nmllentlmsi
2622 5390 2817 5459 singuli
2844 5391 3159 5447 vestimenta
3184 5408 3278 5447 sua
3307 5393 3559 5459 discindi,

1949 5500 2108 5552 quam
2153 5498 2343 5537 omnes
2389 5483 2490 5535 sibi
2543 5482 2830 5537 facultates
2878 5484 3089 5553 abripi?
3134 5485 3240 5539 Sed
3285 5487 3463 5557 plagas
3504 5487 3559 5540 in

1950 5575 2153 5629 vultum
2212 5592 2315 5628 non
2373 5575 2647 5629 inferunt?
2702 5576 2862 5643 Atqui
2914 5574 3015 5631 hoc
3073 5580 3307 5632 maxime
3362 5578 3560 5631 faciunt

1948 5669 2092 5723 avari
2123 5670 2192 5722 illi
2234 5684 2476 5739 rapaces,
2510 5683 2614 5721 non
2658 5678 2837 5723 tamen
2866 5685 3074 5739 omnes,
3108 5671 3203 5727 scd
3250 5673 3302 5727 in
3344 5680 3559 5727 ventres

2016 5892 2030 5919 ³
2065 5888 2257 5949 Μυκη,
2288 5893 2323 5939 .‘t
2342 5905 2420 5938 um
2444 5889 2633 5942 sentitis
2660 5889 2756 5942 tim
2771 5892 2963 5944 morbi?
