4074 6424
601 369 709 432 185

595 483 824 538 aliorum
849 477 1003 535 famis
1029 488 1083 533 et
1109 477 1429 548 paupertatis
1449 477 1724 548 graviores
1753 476 2045 530 immittunt
2077 474 2175 530 do-

1434 366 1492 424 s.
1520 363 1796 423 JOANNIS
1834 361 2308 419 CHRYSOSTOMI
2348 365 2658 423 ARCIIIEP.
2701 368 3234 433 CONSTANTINOP.

3773 385 3896 443 756

2282 475 2455 530 riam?
2483 477 2757 535 Undenam
2780 484 2803 537 ?
2830 483 2934 539 Sed
2968 488 3141 554 primo
3167 489 3252 543 die
3281 491 3410 544 mihi
3439 493 3582 548 unde
3609 493 3714 551 hoc
3740 502 3882 553 velis

602 576 760 629 iores.
789 571 894 628 Sed
918 585 1022 625 non
1053 569 1605 626 mordentdentibus?
1633 569 1843 626 Utinam
1865 567 2178 623 morderent
2279 567 2504 636 discere,
2527 585 2555 623 a
2589 575 3023 641 praesentibusue,
3057 593 3124 632 an
3151 595 3180 634 a
3208 580 3441 636 futuris?
3468 585 3539 639 At
3569 585 3878 644 futurorum

596 663 863 729 dentibus,
893 671 948 718 et
972 677 1078 716 non
1105 661 1410 730 rapacitatis
1439 661 1584 727 telis,
1620 676 1738 730 quae
1767 661 2012 730 graviora
2044 658 2175 713 den-

597 756 736 810 tibus
748 763 890 809 sunt.
909 752 1042 809 Nam
1064 753 1251 808 Dentes
1264 769 1436 808 eorum
1455 770 1598 806 arma
1617 763 1665 807 et
1683 753 1880 823 sagith
1893 754 1910 822 (
1923 752 2063 806 Psal.
2080 752 2169 807 56.

593 846 672 914 5).
707 844 835 901 Uter
859 844 1027 913 magis
1055 843 1223 906 dolet,
1253 844 1341 911 qui
1373 843 1538 898 semel
1567 841 1860 908 mordetur,
1905 853 1960 897 et
1993 842 2167 896 statim

590 945 827 998 curatur,
856 950 924 988 an
957 935 1043 1004 qui
1071 950 1282 1003 semper
1303 934 1627 1003 paupertatis
1654 932 1904 988 dentibus
1931 932 2170 988 corrodi-

590 1025 715 1078 tur?
745 1024 1031 1091 Paupertas
1059 1025 1254 1092 quippe
1297 1023 1655 1078 involuntaria
1697 1021 1916 1078 fornace
1945 1033 1998 1077 et
2036 1021 2167 1076 [eris

588 1114 802 1183 gravior
829 1123 930 1168 est.
963 1112 1066 1169 Sed
1097 1129 1200 1167 nou
1234 1128 1327 1182 per
1353 1112 1562 1168 deserta
1592 1122 1850 1183 vagantur
1878 1123 1933 1167 ut
1966 1113 2166 1167 datmo-

589 1202 763 1259 niaci?
794 1203 1000 1259 Utinam
1025 1219 1118 1271 per
1147 1203 1380 1270 deserta,
1414 1219 1518 1258 non
1557 1220 1650 1273 per
1676 1205 1834 1259 urbes
1862 1215 2160 1270 currerent,

588 1306 643 1351 et
673 1306 797 1350 tunc
816 1309 1000 1350 onmes
1025 1296 1110 1364 qui
1141 1296 1192 1348 in
1217 1295 1434 1350 urbibus
1458 1305 1582 1349 sunt
1610 1296 1661 1348 in
1688 1296 1866 1366 quiete
1887 1295 2158 1366 degerent,

589 1404 730 1446 nuuc
757 1401 883 1440 vero
914 1387 1014 1441 illis
1041 1385 1289 1440 omnibus
1313 1385 1752 1440 intolerabiliores
1781 1397 1926 1450 sunt,
1959 1387 2078 1453 quia
2111 1387 2162 1439 in

589 1479 802 1533 urbibus
833 1479 944 1530 lure
969 1477 1185 1539 faciunt,
1214 1476 1353 1547 quod
1381 1477 1455 1531 illi
1485 1478 1536 1530 in
1559 1476 1806 1542 desertis,
1836 1477 1976 1546 ipsas
2003 1478 2164 1531 urbes

587 1587 640 1625 lli
672 1571 881 1625 deserta
923 1579 1209 1634 mutantes,
1246 1585 1310 1623 ac
1340 1571 1480 1623 velut
1521 1570 1572 1622 in
1617 1570 1832 1623 deserto
1875 1570 1963 1624 tibi
2005 1585 2162 1623 nemo

585 1667 835 1720 cohibere
869 1672 1066 1735 potest,
1096 1667 1172 1718 sic.
1199 1664 1434 1718 omnium
1468 1664 1604 1718 bona
1636 1663 2024 1733 depcasdantes.
2058 1663 2160 1717 Sed

583 1757 769 1810 obvios
814 1772 917 1809 non
948 1755 1207 1823 lapidibus
1234 1754 1485 1808 οιικιυιιιῖ
1517 1755 1580 1808 Et
1606 1756 1735 1824 quid
1778 1753 1917 1807 hoc?
1951 1757 1987 1807 Α
2031 1755 2154 1822 lapi-

582 1846 736 1901 dibus
765 1848 903 1900 enim
946 1845 1044 1898 sibi
1084 1860 1276 1900 cavere
1320 1843 1476 1898 facile
1512 1848 1664 1909 est‘;
1712 1860 1830 1911 quze
1865 1860 1992 1898 vero
2038 1861 2158 1897 cum

580 1938 762 1992 charta
792 1949 843 1992 et
870 1949 1168 1993 atramento
1193 1939 1402 1992 miseris
1430 1938 1747 2007 pauperibus
1781 1939 1997 1993 vulnera
2027 1939 2157 1991 inle-

579 2041 722 2094 runt,
754 2030 978 2084 scliedas
1008 2030 1154 2084 mille
1187 2029 1350 2098 plagis
1369 2029 1588 2082 onusms
1614 2029 2013 2094 coneinnantes,
2041 2029 2159 2099 quis

577 2123 746 2192 possit
767 2123 954 2176 obvius
981 2136 1171 2177 cavere
1199 2131 1252 2183 et
1277 2120 1556 2176 avertere?

647 2214 703 2269 ι.
745 2213 1031 2268 Videamus
1058 2223 1238 2269 autem
1269 2221 1398 2282 quot
1425 2213 1525 2267 sibi
1568 2212 1696 2282 ipsis
1735 2214 1874 2266 maia
1902 2210 2153 2266 inferunt.

575 2306 710 2362 Nudi
751 2307 1020 2362 ambulant
1059 2322 1153 2376 per
1197 2306 1420 2362 urbem:
1449 2315 1648 2361 vestem
1699 2309 1894 2376 quippe
1946 2306 2155 2361 virtutis

574 2416 681 2454 non
722 2400 938 2454 habent.
959 2399 1110 2466 Quod
1140 2401 1184 2454 si
1210 2399 1258 2455 id
1288 2400 1394 2453 illis
1425 2407 1578 2467 turpe
1607 2414 1712 2453 non
1740 2397 1974 2453 videatur
2009 2413 2151 2463 esse,

571 2488 674 2544 hoc
711 2503 774 2544 es
824 2489 1012 2558 grandi
1056 2489 1259 2543 insania
1308 2489 1571 2558 procedit,
1624 2490 1766 2560 quod
1814 2489 2153 2558 ignominiam

571 2595 676 2636 non
707 2583 971 2649 sentiant;
1013 2581 1108 2637 sed
1133 2595 1359 2652 corpore
1385 2582 1512 2637 nudi
1551 2582 1894 2647 erubescunt,
1921 2582 2151 2636 animam

566 2681 698 2729 Vero
727 2673 922 2728 nudam
948 2673 1386 2728 circumferentes
1413 2673 1723 2742 gloriantur.
1766 2672 1822 2728 Si
1865 2673 2023 2729 vultis
2059 2691 2152 2728 au-

569 2774 697 2831 tem,
721 2781 817 2820 cur
841 2763 1041 2820 nullum
1069 2778 1284 2819 sensum
1314 2763 1580 2818 habeant'
1609 2765 1802 2819 dicam.
1833 2765 1962 2833 Quae
1991 2765 2150 2836 igitur

566 2869 726 2911 causa
762 2855 884 2910 est?
931 2853 1076 2909 Inter
1125 2855 1324 2909 multos
1369 2855 1540 2910 nudos
1587 2855 1874 2922 nudantur,
1923 2857 2148 2927 idquue

565 2961 673 3000 non
717 2945 1060 3010 erubescunt,
1107 2953 1167 2999 ut
1205 2960 1377 3014 neque
1413 2960 1512 3000 nos
1551 2946 1604 3001 in
1645 2947 1871 3003 balneis.
1910 2945 2060 3014 Quod
2100 2949 2145 3003 si

563 3036 716 3090 multi
745 3047 924 3091 essent
950 3037 1146 3093 virtute
1187 3037 1374 3103 induti,
1420 3037 1593 3108 major
1623 3038 1751 3108 ipsis
1783 3041 1956 3109 pudor
1980 3051 2143 3098 esset.

563 3128 714 3184 Nunc
739 3140 913 3183 autem
943 3129 1069 3184 illud
1097 3130 1326 3184 maxime
1351 3131 1600 3201 Iacrymis
1627 3132 1846 3203 dignum
1875 3144 1977 3199 est,
2003 3135 2143 3205 quod

562 3235 684 3274 cum
719 3219 869 3274 multi
895 3221 1000 3275 sint
1026 3218 1174 3284 mali,
1206 3220 1385 3276 nullus
1408 3229 1493 3276 est
1528 3222 1698 3292 pudor
1722 3239 1787 3278 ex
1817 3225 1977 3279 malo.
2010 3225 2142 3280 Cum

559 3311 681 3367 aliis
703 3312 844 3366 enim
875 3314 976 3367 boc
1011 3312 1172 3367 etiam
1199 3311 1322 3368 fecit
1349 3312 1614 3380 diabolus,
1642 3323 1699 3368 ut
1723 3330 1896 3386 neque
1921 3330 2141 3371 sensum

559 3403 820 3458 malorum
842 3404 1005 3458 ullum
1033 3402 1300 3472 habeant;
1331 3417 1494 3476 utque
1521 3422 1585 3464 ex
1614 3407 1976 3478 improborum
2003 3408 2143 3463 mul-

561 3495 786 3550 titudine
805 3495 976 3565 pudor
993 3495 1275 3566 obtegatur
1303 3513 1318 3552 :
1347 3513 1469 3553 nam
1499 3498 1546 3554 si
1572 3501 1626 3554 in
1654 3499 1992 3557 multitudine
2020 3500 2140 3570 phi-

557 3585 900 3656 los0phorunt
942 3597 1265 3654 venaretur,
1311 3603 1462 3645 suam
1505 3591 1593 3646 ille
1633 3591 1928 3646 nuditatem
1973 3593 2141 3663 magis

557 3686 760 3734 nosset.
791 3678 1012 3734 Planum
1058 3695 1187 3750 ergo
1225 3689 1308 3736 est
1346 3681 1466 3736 illos
1507 3681 1850 3738 daemoniacis
1886 3698 2006 3738 esse
2049 3700 2139 3736 nu-

555 3767 765 3832 diorcs;
795 3769 934 3838 quod
961 3778 1138 3825 autem
1179 3769 1393 3838 deserta
1425 3772 1540 3827 loca
1570 3772 1926 3844 l'requentent,
1978 3791 2137 3829 nemo

555 3871 703 3916 certe
743 3863 1032 3932 negaverit.
1077 3862 1206 3918 Lata
1253 3864 1449 3935 quippe
1489 3877 1545 3920 et
1587 3868 1820 3936 spatiosa
1862 3867 1944 3922 via
1988 3869 2133 3922 omni

553 3953 768 4009 deserto
801 3954 1063 4011 desertior
1101 3965 1202 4011 est.
1245 3956 1358 4011 Etsi
1389 3970 1620 4028 namque
1661 3958 1893 4013 viatores
1939 3959 2135 4012 multos

554 4045 780 4114 habeat,
826 4045 920 4100 sed
967 4044 1237 4102 hominem
1291 4048 1533 4104 nullum:
1578 4063 1763 4104 verum
1815 4058 2130 4119 serpentes,

549 4137 882 4204 scorpiones,
906 4136 1079 4205 lupos,
1103 4137 1332 4206 viperas,
1355 4137 1587 4205 aspidas.
1613 4139 1773 4194 Tales
1795 4139 1990 4210 quippe
2006 4147 2134 4194 sunt

551 4225 587 4280 ii
625 4226 714 4294 qui
747 4227 1034 4296 nequitiam
1077 4236 1371 4282 sectantur.
1404 4227 1528 4284 Haec
1556 4243 1662 4287 non
1700 4229 1912 4285 deserta
1957 4230 2128 4285 solum

546 4329 651 4387 est,
680 4317 772 4376 sed
801 4322 958 4375 etiam
981 4321 1244 4390 asperior.
1277 4320 1331 4376 Id
1360 4321 1499 4392 quod
1529 4321 1653 4381 hinc
1681 4322 1853 4392 palam
1871 4331 1954 4378 est
1984 4346 1997 4378 :
2021 4338 2126 4378 non

544 4409 688 4464 enim
735 4410 957 4480 lapides,
1005 4417 1292 4480 praerupta,
1341 4413 1616 4468 cacumina
1664 4412 2017 4468 ascendentes
2058 4414 2126 4468 ita

545 4500 799 4566 lacerant,
829 4509 885 4555 ut
929 4501 1112 4570 rapina
1153 4511 1207 4557 ct
1235 4503 1457 4557 avaritia
1485 4505 1689 4558 animas
1714 4520 1833 4573 qua:
1860 4505 2003 4559 illam
2041 4506 2127 4560 ad-

543 4592 779 4644 mittunt.
824 4591 974 4658 Quod
1003 4600 1180 4646 autem
1224 4593 1362 4646 circa
1406 4593 1648 4663 sepulcra
1679 4596 1838 4648 vitam
1884 4607 2042 4665 agant
2070 4604 2127 4650 ut

541 4682 876 4746 ammoniaci,
910 4683 1018 4738 imo
1057 4685 1232 4753 potius
1263 4684 1405 4756 quod
1441 4687 1541 4754 ipsi
1583 4686 1826 4758 sepulcra
1852 4687 1977 4752 sint,
2003 4687 2126 4743 hinc

542 4773 878 4828 manifestum
900 4783 1002 4830 est.
1032 4775 1168 4844 Quid
1195 4776 1338 4832 enim
1367 4785 1451 4833 est
1471 4778 1816 4848 sepulcrum?
1846 4779 2002 4850 Lapis
2032 4780 2122 4851 qui

541 4875 874 4922 mortuorum
916 4882 1138 4939 corpora
1177 4869 1437 4926 continet.
1471 4869 1530 4926 in
1571 4887 1678 4942 quo
1719 4888 1849 4943 ergo
1873 4872 2124 4929 dilTerunt

539 4961 752 5016 illorum
797 4977 1024 5031 corpora
1068 4962 1135 5018 ab
1177 4962 1481 5033 hujusmodi
1513 4963 1814 5035 lapidibus?
1855 4965 1966 5021 lmo
2006 4967 2122 5024 hmc

542 5053 648 5107 illis
686 5054 1071 5109 miserabiliora
1111 5064 1252 5109 sunt.
1286 5056 1399 5110 Non
1430 5057 1571 5112 enim
1603 5059 1738 5128 lapis
1785 5068 1869 5113 est
1893 5059 2122 5114 cadaver

539 5145 837 5210 continens,
881 5144 977 5200 sed
1020 5160 1215 5216 corpus
1254 5145 1518 5216 lapidibus
1559 5149 1937 5214 insensibilius,
1978 5166 2123 5204 mor-

540 5245 683 5290 tuam
713 5237 1094 5292 circumferens
1116 5239 1371 5293 animam.
1392 5238 1750 5305 Quamobrem
1777 5257 1881 5296 non
1908 5243 2122 5297 aberrat

537 5328 582 5383 si
613 5328 730 5397 quis
751 5327 868 5383 illos
891 5330 1130 5399 sepulcra
1161 5332 1451 5386 vocaverit.
1483 5331 1614 5386 Nam
1656 5333 1909 5389 Dominus
1934 5343 2120 5389 noster

536 5433 615 5473 sic
644 5417 855 5473 Judzeos
897 5423 1142 5485 vocavit;
1188 5422 1414 5494 ideoque
1456 5423 1730 5494 subjunxit
1758 5441 1772 5479 :
1805 5425 2117 5481 lnlrinsecus

533 5513 718 5581 rapina
761 5520 806 5566 et
834 5514 1044 5567 auaritia
1081 5515 1217 5584 pleni
1255 5527 1370 5570 sunt
1401 5515 1614 5586 (Matth.
1658 5516 1748 5571 23.
1785 5516 1900 5589 25).
1945 5517 2117 5574 Vultis

533 5602 747 5659 demum
787 5601 1065 5661 ostendant
1100 5606 1370 5679 quomodo
1396 5607 1662 5679 lapidibus
1699 5609 1872 5680 capita
1901 5625 1995 5666 sua
2032 5610 2113 5667 le-

609 5818 628 5897 :
654 5816 914 5897 loquore]?
942 5821 1131 5897 lapides
1151 5823 1279 5897 enim
1298 5827 1441 5897 facile
1463 5833 1779 5897 est‘efﬁigere.

607 5879 628 5910 -
646 5879 756 5942 an,
781 5893 868 5932 cur
890 5879 1070 5938 imi
1091 5879 1437 5952 impudentiam
1460 5879 1678 5950 iétéibiii

2279 657 2352 711 illi
2373 675 2476 714 non
2495 677 2735 732 magnam
2758 667 3017 722 rationem
3037 670 3263 725 habent:
3281 671 3347 726 de
3363 679 3724 742 praesentibus
3743 696 3879 752 ergo

2277 749 2616 822 loquendum.
2641 755 2845 822 Quibus
2872 759 3136 829 lapidibus
3155 765 3433 833 graviores
3448 781 3552 820 non
3580 780 3707 823 sunt
3728 749 3876 827 cura:

2275 842 2401 910 illis,
2433 861 2551 915 quae
2573 863 2675 901 non
2709 850 2882 918 capita
2915 852 3130 917 feriunt,
3156 855 3248 909 sed
3277 857 3510 911 animam
3539 861 3875 919 corrodunt?

2283 932 2493 990 Timent
2513 937 2675 1001 enim,
2701 953 2766 993 ne
2784 943 2904 1007 jure
2926 957 2988 995 ex
3012 941 3170 996 domo
3192 955 3386 999 exeant
3413 947 3498 1000 illa
3527 963 3647 1018 quae
3667 951 3873 1019 injuste

2272 1033 2419 1092 parta
2461 1036 2616 1092 sunt;
2652 1039 2891 1084 extrema
2934 1030 3250 1099 formidant,
3295 1037 3629 1104 irascuntur,
3679 1052 3874 1096 contra

2271 1126 2418 1178 suos,
2465 1128 2648 1170 contra
2693 1129 2979 1175 extraneos
3023 1123 3296 1178 irritantur
3328 1143 3342 1180 ε
3371 1142 3588 1193 mceror,
3635 1139 3871 1197 tremor,

2270 1201 2416 1257 furor
2443 1205 2542 1259 sibi
2576 1217 2760 1263 mutuo
2800 1211 3108 1278 succedunt,
3143 1225 3196 1268 et
3220 1217 3372 1285 quasi
3403 1232 3432 1272 a
3473 1219 3777 1290 prarcipiti'o
3816 1223 3871 1276 in

2269 1293 2618 1364 pra:cipitium
2673 1308 3047 1367 transeuntes,
3115 1319 3233 1374 qua:
3291 1306 3526 1362 nondum
3583 1311 3877 1378 possident

2269 1386 2503 1452 quotidie
2543 1398 2877 1456 exspectant.
2919 1393 3256 1462 Quapropter
3294 1411 3466 1468 neque
3499 1398 3715 1468 placent
3759 1402 3869 1457 illis

2267 1492 2328 1530 ea
2370 1493 2487 1546 qua:
2517 1481 2808 1548 possident,
2839 1484 2980 1552 quod
3025 1495 3136 1538 tuto
3183 1490 3382 1542 seri-ari
3429 1505 3533 1543 non
3563 1493 3867 1560 conlidanl,

2267 1569 2513 1636 quodque
2556 1580 2667 1623 toto
2712 1574 2890 1626 animo
2917 1575 2979 1626 ad
3012 1591 3093 1640 ea,
3140 1592 3258 1645 qure
3292 1579 3526 1633 nondum
3555 1584 3868 1651 possident,

2267 1657 2535 1712 anhelent.
2559 1663 2637 1714 Ac
2661 1664 3106 1730 quemadmodum
3136 1667 3179 1720 is
3200 1669 3287 1736 qui
3310 1667 3557 1724 diuturna
3586 1674 3672 1725 siti
3699 1689 3868 1726 vexa-

2269 1757 2351 1799 tus
2376 1758 2478 1814 est,
2513 1749 2718 1804 etiamsi
2755 1755 2950 1808 inultos
2971 1757 3280 1812 exhauserit
3307 1761 3501 1824 fontes,
3529 1763 3864 1833 voluptatem

2266 1854 2370 1893 non
2402 1841 2580 1904 sentit,
2615 1841 2756 1910 quod
2787 1846 2966 1898 satiari
2999 1856 3264 1914 nequeat:
3301 1849 3370 1902 ita
3398 1864 3453 1904 et
3476 1852 3526 1903 hi
3560 1869 3664 1904 non
3697 1853 3866 1906 modo

2268 1947 2372 1985 non
2408 1932 2760 1998 delectantur,
2806 1937 2898 1989 sed
2928 1951 2993 1988 eo
3034 1941 3200 2005 magis
3240 1942 3546 1995 cruciantur
3571 1958 3676 2012 quo
3705 1945 3872 2013 plura

2266 2031 2463 2088 tenent,
2489 2024 2628 2092 quod
2652 2024 2827 2078 nullus
2857 2027 2926 2078 sit
2951 2026 3256 2094 cupiditatis
3285 2029 3426 2084 linis.
3454 2033 3517 2085 Et
3539 2031 3654 2088 base
3680 2051 3864 2104 quau-

2264 2123 2372 2167 tum
2411 2113 2476 2168 ad
2506 2117 2787 2182 praesentia
2819 2133 2834 2170 :
2869 2132 3006 2171 nunc
3037 2119 3105 2172 de
3125 2117 3303 2174 futuro
3342 2121 3433 2176 illo
3459 2122 3543 2176 die
3583 2123 3860 2178 dicamus.

2261 2205 2406 2261 Licet
2430 2208 2570 2260 enim
2608 2207 2682 2261 illi
2713 2223 2816 2262 non
2848 2210 3158 2275 attendant;
3187 2220 3241 2266 at
3265 2227 3447 2281 Operae
3479 2216 3710 2282 pretium
3754 2218 3868 2271 erit

2259 2297 2326 2352 de
2356 2298 2449 2351 illo
2477 2298 2674 2353 dicere.
2712 2299 2767 2353 In
2809 2299 2987 2354 futuro
3028 2301 3205 2372 itaque
3230 2303 3320 2358 die
3349 2305 3583 2375 undique
3616 2307 3691 2360 illi
3721 2324 3855 2362 cru-

2257 2388 2559 2441 ciabuutur.
2608 2386 2740 2442 Nam
2783 2403 2905 2442 cum
2948 2388 3097 2455 dixit,
3146 2387 3372 2458 Esuriri,
3408 2404 3455 2447 et
3496 2410 3598 2448 non
3643 2395 3869 2450 dedistis

2259 2478 2382 2529 mihi
2425 2478 2750 2542 manducare,
2803 2479 2954 2544 sitivi,
3006 2490 3052 2533 et
3092 2496 3213 2534 non.
3245 2492 3419 2551 potum
3475 2486 3598 2538 mihi
3645 2486 3862 2541 dedistis

2262 2568 2473 2639 (Matth.
2519 2569 2612 2624 25.
2657 2569 2774 2641 42),
2810 2570 2892 2625 his
2923 2571 3099 2625 verbis
3125 2573 3386 2642 castigat;
3432 2584 3486 2629 et
3528 2590 3650 2630 cum
3698 2577 3862 2643 dicit,

2256 2657 2337 2714 Ite
2370 2660 2424 2714 in
2471 2661 2634 2732 ignem
2661 2671 2905 2714 internum
2935 2671 3172 2732 paratum
3219 2662 3421 2720 diabolo
3447 2664 3609 2734 (Ibid.
3653 2683 3702 2721 υ.
3733 2669 3851 2737 41),

2253 2766 2347 2807 eos
2393 2752 2484 2822 qui
2529 2752 2667 2807 male
2711 2753 2876 2822 partis
2919 2752 3120 2808 divitiis
3163 2753 3392 2811 afﬂuunt
3422 2757 3514 2813 illo
3559 2761 3743 2814 mittit.
3787 2761 3862 2815 Et

2253 2859 2445 2900 servus
2475 2845 2564 2899 ille
2594 2861 2845 2914 nequam,
2888 2845 2978 2917 qui
3009 2849 3284 2902 conservis
3325 2847 3462 2903 bona
3492 2850 3697 2905 domini
3741 2869 3857 2907 non

2251 2935 2490 3005 largitur,
2523 2937 2575 2991 in
2601 2938 2788 2992 eadem
2816 2947 2900 2992 est
2937 2937 3147 3005 classe;
3178 2955 3385 2996 necnon
3416 2941 3461 2996 is
3489 2948 3608 3013 quis
3638 2945 3728 3014 qui
3765 2956 3851 3000 ta-

2251 3027 2453 3082 lentum
2482 3028 2716 3095 suil'odit,
2760 3041 2811 3084 et
2853 3031 3088 3100 quinque
3108 3023 3376 3101 virgines.
3396 3032 3462 3087 Et
3500 3049 3856 3107 quocumque

2248 3119 2468 3185 abieris,
2507 3134 2698 3174 avaros
2725 3120 2885 3189 plecti
2926 3121 3151 3176 videbis.
3201 3127 3278 3178 Ac
3309 3139 3450 3180 nunc
3492 3126 3710 3194 quidem
3743 3145 3845 3182 au-

2247 3208 2414 3274 dient,
2451 3210 2617 3265 Chaos
2654 3222 2729 3266 est
2751 3212 2882 3265 inter
2920 3227 3011 3266 nos
3037 3223 3085 3266 et
3127 3227 3214 3265 vos
3237 3211 3387 3284 (Luc.
3410 3216 3505 3270 .16.
3538 3216 3670 3288 26);
3702 3235 3848 3276 nunc

2258 3292 2501 3354 Recedite
2541 3319 2574 3354 η
2618 3318 2697 3353 me
2746 3303 2802 3353 in
2842 3317 3011 3369 ignem
3053 3298 3253 3370 [vobis]
3291 3313 3585 3369 paratum;
3629 3315 3685 3360 et
3718 3313 3854 3364 tunc

2251 3385 2302 3439 in
2328 3386 2462 3440 duas
2485 3396 2661 3456 partes
2685 3385 2892 3442 discissi
2919 3387 3012 3442 illo
3043 3388 3193 3444 ibunt
3222 3388 3312 3444 ubi
3341 3391 3540 3446 stridor
3572 3391 3843 3459 dentium,

2247 3490 2408 3548 atque
2437 3480 2672 3548 undique
2703 3480 2837 3548 pulsi
2862 3480 3206 3549 videbuntur,
3238 3497 3503 3554 nusquam
3531 3483 3711 3540 locum
3741 3488 3844 3542 ba-

2247 3571 2436 3625 bentes
2465 3571 2563 3624 nisi
2595 3571 2646 3624 in
2675 3572 2938 3639 gehenna.

2317 3660 2370 3714 5.
2415 3661 2564 3716 Sana
2587 3661 2712 3728 ﬁdes
2733 3677 2833 3714 non
2851 3659 3055 3732 prodest
3077 3662 3187 3717 sine
3204 3663 3534 3732 aperibus.—
3551 3664 3691 3733 Quid
3713 3681 3849 3737 ergo

2245 3750 2399 3806 nobis
2423 3766 2552 3805 sana
2595 3750 2729 3805 ﬁdes
2768 3751 3010 3821 proderit
3046 3749 3113 3806 ad
3142 3751 3398 3820 salutent,
3423 3769 3545 3808 cum
3586 3754 3703 3811 haec
3746 3775 3846 3810 au-

2241 3844 2489 3901 diemus?
2535 3842 2668 3909 illic,
2713 3843 2913 3898 stridor
2952 3843 3218 3909 dentium,
3246 3844 3484 3900 tenebrae
3513 3847 3846 3914 exteriores,

2241 3947 2296 3992 et
2350 3937 2488 4005 ignis
2541 3943 2759 4005 paratus
2805 3934 3040 4000 diabolo,
3095 3934 3362 4002 discissis,
3411 3938 3703 4008 expulsio;
3752 3940 3846 3996 hic

2243 4042 2391 4091 vero,
2439 4025 2750 4089 inimicitiae,
2777 4026 3079 4091 calumniae,
3115 4027 3382 4097 pericula,
3415 4013 3847 4100 sollicitudines,

2241 4115 2484 4182 insidiae,
2531 4116 2712 4172 odium
2762 4117 3383 4181 omnium,abominatio
3427 4121 3573 4190 apud
3616 4139 3836 4190 omnes,

2239 4210 2401 4264 etiam
2422 4223 2518 4264 eos
2540 4209 2629 4278 qui
2659 4208 2865 4263 adulari
2889 4208 3154 4264 videntur.
3182 4209 3335 4266 Sicut
3357 4213 3502 4268 enim
3533 4213 3707 4270 bonos
3727 4231 3846 4276 non

2237 4300 2364 4355 boni
2390 4299 2586 4366 solum,
2611 4300 2707 4354 sed
2736 4301 2898 4360 etiam
2929 4299 3157 4370 improbi
3183 4301 3488 4359 mirantur:
3519 4303 3599 4360 sie
3628 4307 3841 4378 impro-

2237 4393 2334 4447 bos
2359 4406 2465 4445 non
2491 4389 2617 4444 boni
2647 4399 2875 4456 tantum,
2897 4390 2989 4446 sed
3015 4392 3178 4446 etiam
3207 4392 3438 4464 improbi
3458 4393 3583 4450 odio
3605 4395 3839 4455 habent.

2235 4484 2365 4550 Quae
2389 4497 2476 4538 res
2504 4481 2642 4536 adeo
2665 4497 2793 4536 vera
2821 4490 2924 4547 est,
2959 4491 3016 4536 ut
3057 4497 3248 4538 avaros
3292 4485 3438 4553 ipsos
3481 4485 3713 4542 libenter
3753 4489 3842 4544 in.

2188 4583 2190 4585 '
2239 4586 2531 4645 terrogem,
2562 4589 2742 4628 annon
2787 4574 2922 4628 alter
2961 4573 3116 4629 alteri
3164 4574 3368 4629 invisus
3415 4577 3504 4639 sit.
3535 4585 3589 4632 et
3630 4579 3676 4634 si
3722 4595 3838 4636 non

2236 4667 2458 4737 perinde
2484 4666 2592 4720 sint
2620 4667 2759 4720 inter
2785 4679 2846 4721 se
2877 4665 3099 4734 inimici,
3130 4681 3193 4720 ac
3221 4665 3269 4722 si
3312 4682 3373 4724 se
3416 4679 3602 4724 mutuo
3642 4669 3840 4728 admo-

2233 4762 2358 4815 dum
2386 4760 2671 4824 laesissent,
2704 4773 2885 4813 annon
2923 4773 2981 4812 se
3010 4767 3198 4813 mutuo
3237 4759 3613 4838 criminentur,
3645 4776 3836 4822 annon

2232 4851 2613 4907 contumeliam
2658 4865 2771 4904 rem
2815 4850 3006 4920 ipsam,
3051 4863 3210 4920 quam
3239 4856 3424 4920 agunt,
3470 4864 3591 4907 esse
3637 4854 3834 4910 exigu-

2231 4951 2399 5009 ment,
2430 4957 2551 4997 eum
2581 4941 2701 5011 quis
2731 4939 2837 4996 illis
2872 4940 2975 4994 hoc
3004 4939 3350 5009 opprobrium
3379 4941 3583 5010 objicit.
3611 4943 3832 5013 Oppre-

2233 5036 2405 5091 brium
2425 5036 2621 5105 quippe
2658 5031 2760 5088 hoc
2783 5040 2867 5086 est
2889 5040 3216 5098 extremum,
3239 5040 3293 5086 et
3327 5046 3555 5088 summa:
3578 5035 3833 5106 maligni-

2231 5129 2354 5182 tatis
2378 5135 2772 5197 argumentum.
2804 5122 2939 5178 Nam
2979 5124 3023 5178 si
3065 5124 3323 5194 pecunias
3344 5134 3692 5182 contemnere
3718 5142 3831 5184 non

2229 5227 2400 5289 potes,
2429 5217 2702 5287 quomodo
2733 5216 2920 5271 vinces
2945 5215 3459 5286 concupiscentiam,
3484 5231 3678 5272 vanam
3707 5219 3831 5290 glo—

2228 5311 2385 5373 riam,
2417 5309 2673 5372 furorem,
2700 5308 2874 5362 iram?
2902 5307 2968 5362 Et
2994 5308 3266 5378 quomodo
3304 5307 3424 5379 qui
3451 5307 3536 5363 his
3574 5310 3630 5365 in
3659 5310 3830 5369 rebus

2227 5400 2603 5471 obtemperet?
2631 5397 2767 5454 Nam
2795 5399 3288 5467 concupiscentiam
3317 5413 3638 5469 corporum,
3663 5401 3825 5470 iram,

2228 5493 2499 5560 furorem,
2534 5492 2711 5546 carnis
2763 5490 3122 5560 complexioni
3182 5490 3457 5558 tribuunt,
3517 5492 3826 5566 medicique

2227 5587 2354 5642 huic
2392 5586 2784 5640 vehementiam
2810 5593 3052 5640 motuum
3081 5584 3428 5651 adscribunt;
3475 5585 3827 5645 calidiorem.

2225 5694 2329 5750 que
2354 5686 2407 5733 et
2435 5676 2790 5731 humidiorem
2838 5675 3092 5730 lascivum
3122 5689 3244 5730 esse
3278 5683 3481 5744 putant,
3513 5691 3637 5731 eum
3667 5694 3821 5745 vero,

2225 5772 2315 5841 qui
2343 5771 2566 5825 sicciore
2594 5769 2664 5823 sit
2690 5767 3029 5838 intemperie,
3059 5767 3360 5834 ardentem,
3400 5768 3740 5837 iracundum,
3768 5782 3820 5828 et

2226 5864 2507 5922 furiosum.
2557 5864 2630 5920 De
2660 5863 2885 5920 avaritia
2934 5871 3113 5919 autem
3158 5863 3291 5920 nihil
3335 5861 3528 5922 horum
3559 5865 3758 5923 dicitur
3785 5880 3816 5922 ι
