4050 6428
217 373 332 431 737

221 488 486 543 medicis.
508 484 601 541 Si:
625 499 692 540 ex
724 482 943 554 ignavia
968 491 1174 537 tantum
1202 491 1255 536 et
1283 482 1447 537 animi
1474 490 1697 551 stupore
1724 480 1840 535 hare

218 577 499 648 :cgritndo
544 576 804 630 nascitur.
834 574 1195 639 Quamobrem
1245 588 1454 643 precor,
1494 572 1611 627 ha~e
1655 572 1838 625 omnia

218 668 609 731 emendemus,
634 674 971 734 ueteresque
994 665 1156 718 animi
1188 664 1406 717 morbos
1429 664 1517 733 qui
1540 662 1835 717 secundum

218 771 449 814 astatem
471 760 748 822 accidunt,
771 759 822 811 in
848 757 1177 811 contrarium
1201 756 1610 810 transferamus.
1630 755 1686 811 Si
1710 770 1838 810 vero

219 866 329 917 per
375 850 615 919 singulas
652 852 774 903 vita:
816 860 997 919 partes
1030 845 1332 918 navigando
1374 848 1589 900 virtutis
1621 846 1837 901 labores

219 942 556 1007 devitemus,
587 951 641 996 et
666 940 864 1009 ubique
894 938 1172 1008 naufragia
1205 935 1485 1002 facientes,
1514 936 1581 991 ad
1620 946 1836 1007 portum

218 1034 567 1104 appellamus
618 1032 877 1087 sarcinis‘
928 1030 1301 1099 spiritualibus
1359 1030 1547 1093 vacui,
1592 1038 1837 1083 extrema

224 1129 527 1196 patiemur.
573 1125 823 1180 Praesens
851 1123 1049 1194 quippe
1074 1124 1181 1177 vita
1214 1122 1438 1192 pelagus
1459 1129 1544 1176 est
1570 1122 1829 1191 amplum.

218 1220 293 1272 Iit
325 1220 468 1273 sicut
512 1218 565 1272 in
597 1217 700 1272 hoc
744 1216 880 1271 mari
919 1215 1054 1270 varii
1099 1225 1225 1269 sunt
1271 1215 1443 1277 sinus,
1471 1214 1561 1283 qui
1590 1214 1834 1268 diversas

218 1308 429 1364 habent
466 1316 848 1378 tempestates:
876 1305 1229 1379 Egaeumque
1256 1320 1407 1361 mare
1438 1322 1465 1358 a
1498 1304 1674 1360 ventis
1704 1304 1839 1359 infe-

222 1410 437 1465 statur;
470 1401 811 1476 Tyrrhenum
841 1400 1055 1465 fretum,
1076 1409 1361 1471 angustum
1389 1410 1504 1463 est;
1532 1397 1837 1469 Charybdis

221 1507 381 1558 vero,
400 1507 523 1561 qua:
540 1502 625 1546 est
648 1492 793 1546 circa
816 1491 1040 1562 Lybiam
1070 1490 1143 1547 ob
1172 1492 1351 1546 brevia
1383 1488 1623 1561 pericula
1645 1489 1831 1553 offert;

216 1581 518 1652 Propontis
561 1591 712 1637 extra
756 1581 1314 1648 Euxinum-Pontum,
1358 1588 1431 1637 ob
1478 1581 1735 1650 impetum
1781 1589 1837 1635 et

219 1674 625 1731 vehementiam
662 1690 847 1745 aqua;
890 1691 1011 1745 quae
1041 1685 1199 1732 extra
1219 1674 1419 1739 Gades,
1441 1674 1587 1745 quod
1615 1674 1835 1745 pelagus

217 1764 358 1820 illud
406 1765 477 1819 sit
507 1763 964 1832 infrequentatum
1006 1773 1062 1821 et
1106 1765 1369 1837 ignotum,
1398 1766 1627 1835 aliaeque
1670 1765 1834 1819 maris

216 1864 412 1923 partes
439 1854 511 1910 ob
539 1854 675 1909 alias
703 1870 897 1910 causas
926 1871 943 1909 :
987 1855 1069 1912 sic
1094 1865 1149 1911 et
1179 1857 1230 1911 in
1256 1856 1364 1912 vita
1403 1865 1588 1912 nostra
1615 1855 1829 1910 accidit.

219 1944 576 2015 Primumque
601 1947 825 2018 pelagus
853 1957 937 2004 est
958 1948 1183 2017 puerilis
1212 1956 1362 2013 setas,
1397 1964 1519 2019 qute
1550 1948 1731 2003 multis
1750 1960 1833 2004 est

214 2037 635 2105 tempestatibus
661 2037 915 2104 obnoxia,
943 2038 1014 2093 ob
1058 2039 1496 2108 imprudentiam,
1522 2039 1830 2095 facilitatem

217 2128 471 2193 nimiam,
497 2142 796 2198 parmnque
829 2129 989 2183 lixam
1020 2128 1276 2185 indolem.
1316 2130 1549 2199 Ideoque
1580 2131 1831 2199 paedago-

216 2234 321 2289 gos
342 2229 395 2273 et
420 2218 675 2274 doctores
717 2218 899 2289 pueris
928 2220 1236 2286 statuimus,
1264 2220 1357 2290 qui
1386 2220 1439 2275 id
1465 2222 1608 2287 quod
1652 2222 1703 2273 in
1732 2237 1832 2273 na-

218 2320 341 2365 tura
373 2310 557 2366 deficit
583 2311 893 2381 suppleant,
916 2320 977 2365 ut
1002 2310 1054 2365 iu
1086 2312 1219 2365 mari
1243 2326 1338 2381 per
1363 2320 1534 2366 artem
1560 2311 1835 2381 guberna-

218 2403 441 2457 loriam.
471 2402 599 2457 Post
630 2402 769 2457 hanc
794 2410 1010 2456 aetatem
1042 2401 1425 2457 adolescentiae
1457 2416 1608 2457 mare
1637 2417 1830 2458 succe-

215 2494 324 2560 dit,
354 2494 443 2548 ubi
473 2494 621 2548 venti
651 2495 1020 2554 vehementes.
1052 2502 1109 2546 ut
1152 2492 1205 2547 in
1252 2490 1442 2560 ,Εεπο
1486 2490 1643 2556 mari,
1673 2501 1829 2546 aucta

216 2600 419 2655 nempe
461 2583 923 2655 concupiscentia.
967 2582 1026 2639 In
1073 2583 1174 2639 hac
1214 2585 1447 2637 maxime
1491 2592 1653 2637 actate
1693 2597 1830 2637 rara:

284 2780 303 2811 ί
331 2776 390 2828 In
416 2776 579 2827 ttorel.
605 2790 702 2828 non
726 2777 912 2842 legitur
934 2790 1048 2837 vox,
1068 2777 1294 2829 sarcinis.

1170 366 1234 423 IN
1275 364 1685 424 MATTIIAZUM
1719 366 1958 424 IIOMIL.
1992 366 2258 423 LXXXII.
2303 371 2374 423 al.
2418 368 2700 424 LXXXIII.

3449 371 3555 425 75.5

1944 491 2067 535 stmt
2095 482 2537 547 emendationes;
2572 500 2678 536 non
2709 484 2870 536 modo
2894 486 3030 552 quod
3065 482 3153 537 illa
3184 484 3560 543 vehementius

1945 574 2283 645 exagitetur;
2316 576 2409 630 sed
2431 575 2576 647 quod
2604 584 2823 645 peccata
2848 591 2954 629 non
2978 586 3400 645 redarguuntur;
3432 590 3561 635 tunc

1945 666 2086 719 enin!
2119 665 2308 719 doctor
2336 676 2389 719 et
2419 666 2741 735 paedagogus
2776 666 3184 720 abscesserunt.
3212 666 3344 721 Cum
3378 675 3560 739 itaque

1945 767 2091 812 venti
2126 757 2501 811 vehementius
2531 758 2826 821 rellant,.si
2855 759 3186 827 gubernator
3213 761 3283 814 sit
3314 762 3554 816 imbecil-

1945 849 2067 914 lior,
2092 864 2360 918 nemoque
2391 850 2459 904 sit
2482 850 2572 919 qui
2597 850 2897 905 subsidium
2927 852 3137 915 aflerat,
3158 852 3333 921 cogita
3360 865 3556 923 quanta

1943 942 2016 995 sit
2048 941 2387 1010 tempestatis
2416 940 2753 1011 magnitudo.
2779 941 2914 996 Iluic
2942 942 3187 997 succedit
3212 940 3378 997 altera
3402 954 3555 1010 tetas,

1942 1048 2061 1101 quae
2088 1043 2174 1086 est
2201 1032 2461 1094 virorum,
2495 1033 2547 1086 in
2576 1047 2679 1101 qua
2709 1033 2789 1087 rei
2812 1032 3105 1087 familiaris
3130 1032 3553 1099 administratio,

1943 1132 2056 1177 tum
2096 1137 2233 1178 uxor
2275 1123 2512 1188 ducitur,
2562 1124 2717 1177 liberi
2771 1136 3149 1192 procreantur,
3184 1124 3380 1178 domus
3426 1139 3554 1178 cara

1941 1215 2168 1284 geritur,
2216 1215 2470 1284 milleque
2518 1214 2912 1269 sollicitudines
2956 1215 3368 1284 superveniunt.
3404 1213 3559 1268 Tunc

1942 1307 2178 1362 maxime
2203 1308 2386 1377 vigent
2414 1306 2638 1362 avaritia
2671 1316 2726 1361 et
2768 1305 2988 1361 invidia.
3030 1306 3085 1362 Si
3121 1307 3281 1377 igitur
3318 1308 3557 1377 singulas

1940 1398 2063 1452 vita:
2119 1410 2303 1468 partes
2355 1412 2478 1453 cum
2537 1397 2834 1468 naufragiis
2884 1386 3229 1464 emetiamur,
3281 1398 3559 1467 quomodo

1941 1499 2268 1558 praesentem
2319 1489 2486 1543 vitam
2542 1488 2938 1543 transibimus?
2988 1488 3261 1557 quomodo
3312 1488 3557 1543 futurum

1940 1580 2263 1649 supplicium
2306 1580 2600 1635 vitabimus
2621 1567 2748 1635 i'Si
2776 1581 2923 1635 enim
2953 1580 3007 1634 in
3036 1580 3207 1648 prima
3238 1589 3398 1640 aetate
3425 1581 3558 1635 nihil

1938 1671 2056 1725 sani
2083 1669 2455 1735 didicerimus,
2485 1670 2537 1724 in
2574 1671 2868 1739 juventute
2898 1672 3245 1727 continenter
3274 1688 3381 1727 non
3410 1674 3561 1727 vixe-

1941 1762 2133 1827 rimus,
2168 1761 2377 1815 virilem
2417 1761 2600 1829 adepti
2644 1770 2863 1816 mtatcm
2908 1762 3190 1817 avaritiam
3222 1778 3330 1819 non
3360 1763 3558 1819 viceri-

1940 1869 2096 1917 mus;
2131 1855 2180 1907 iu
2211 1863 2548 1909 senectutem
2588 1854 2743 1923 quasi
2784 1854 2837 1907 in
2870 1854 3140 1910 sentinam
3173 1856 3408 1922 devecti,
3431 1870 3556 1910 cum

1942 1960 2038 2012 per
2068 1944 2169 1999 hos
2197 1959 2387 1998 onmes
2412 1945 2565 2015 quasi
2598 1945 2823 2015 laqueos
2864 1946 3063 2001 anima:
3111 1947 3415 2003 naviculam
3446 1949 3556 2003 im-

1941 2036 2273 2090 becilliorem
2329 2036 2752 2102 reddiderimus,
2800 2036 3111 2109 tabulisque
3158 2039 3454 2105 dissolutis,
3488 2041 3557 2095 ad

1941 2126 2090 2181 illum
2116 2138 2333 2197 portum
2376 2128 2780 2195 devenerimus,
2815 2144 2916 2199 pro
2956 2130 3329 2201 spiritualibus
3358 2134 3557 2189 merci-

1940 2220 2041 2275 bus
2085 2220 2312 2275 multum
2368 2231 2777 2290 eomportantes
2829 2223 3001 2278 lutum
3046 2243 3059 2277 :
3104 2224 3321 2279 diabolo
3366 2225 3554 2288 risum,

1941 2312 2099 2365 uob‘s
2148 2310 2350 2365 luctum
2404 2311 2737 2379 parabimus,
2767 2313 3241 2387 intolerabiliaque
3290 2318 3555 2387 supplicia

1941 2401 2250 2457 alI‘eremus.
2277 2403 2355 2458 Ne
2381 2404 2563 2473 itaque
2594 2404 2711 2459 lure
2737 2404 2868 2459 ﬁant
2911 2420 3013 2462 nos
3038 2407 3277 2478 undique
3304 2411 3556 2465 munien-

1941 2504 2042 2557 les,
2074 2494 2443 2565 adversusque
2470 2512 2663 2551 omnes
2699 2499 2866 2553 animi
2906 2499 3128 2555 morbos
3154 2510 3383 2568 stantes,
3414 2502 3557 2557 divi-

1941 2588 2135 2641 tiarum
2155 2588 2506 2657 cupiditatem
2537 2589 2843 2659 eiiciamus,
2866 2600 2927 2645 ut
2951 2592 3125 2646 futura
3158 2608 3557 2663 consequamur

1942 2676 2101 2737 bona,
2133 2683 2304 2747 gratia
2340 2688 2394 2731 et
2426 2679 2760 2749 benignitate
2806 2679 3022 2735 Domini
3065 2680 3193 2737 Jesu
3224 2683 3445 2751 Christi,
3469 2685 3556 2740 cui

1941 2767 2112 2837 gloria
2147 2769 2197 2821 in
2226 2768 2423 2822 sa-cula
2450 2770 2797 2825 sa‘culorum.
2831 2774 3029 2827 Amen.

218 2901 3555 2929 MM

1234 2976 1583 3039 HOMILIA
1626 2975 1957 3040 LXXXII.
2004 2977 2091 3037 al.
2136 2974 2497 3040 LXXXIII.

215 3125 353 3182 Car.
421 3124 513 3180 26.
566 3138 622 3177 v.
669 3123 759 3179 26.
829 3123 1155 3179 (latrantibus
1210 3134 1380 3177 autem
1433 3122 1578 3187 illis,
1632 3120 1827 3189 accepit

291 3218 446 3271 Iesus
475 3232 679 3285 partem,
712 3225 758 3269 ct
787 3216 979 3285 gratias
1015 3231 1190 3286 agens,
1228 3215 1377 3285 fregit
1406 3212 1641 3281 deditque
1668 3210 1825 3263 disci—

296 3308 454 3377 pulis,
502 3316 548 3360 et
595 3307 669 3358 ait
705 3322 723 3359 :
768 3308 1011 3375 Accipite,
1054 3306 1336 3368 comedite;
1377 3306 1470 3357 hoc
1518 3312 1590 3356 est
1642 3316 1827 3370 corpus

292 3414 483 3451 meum
508 3396 598 3451 ‘27.
628 3397 689 3449 fit
714 3397 970 3466 accipiens
999 3397 1227 3453 calicem.
1260 3396 1453 3467 gratias
1469 3395 1590 3464 egit,
1623 3402 1668 3445 et
1688 3392 1827 3444 dedit

294 3491 387 3552 cis,
419 3489 592 3543 dicens
621 3504 639 3543 :
679 3488 843 3542 Bibitc
873 3505 935 3542 ca:
961 3489 1055 3542 hoc
1085 3506 1278 3543 euntes.
1318 3488 1409 3543 28.
1446 3487 1546 3541 llic
1592 3496 1663 3540 cst
1690 3486 1827 3539 enim

294 3582 507 3652 sanguis
534 3598 675 3635 uicus
716 3582 831 3635 novi
873 3582 1175 3643 testamenti.
1204 3582 1289 3652 qui
1322 3596 1414 3651 pro
1442 3579 1617 3634 multis
1654 3577 1826 3646 c/I'mt-

295 3671 447 3724 detur
476 3671 529 3724 in
548 3672 898 3725 remissionem
924 3683 1261 3739 peccatorum.

299 3812 353 3864 I.
402 3809 578 3879 l‘apm,
608 3818 805 3880 quanta
842 3807 1055 3863 caecitas
1084 3808 1407 3879 proditoris!
1450 3807 1825 3879 Ilysteriorum

222 3917 474 3967 ennsiirs,
499 3901 637 3955 idem
665 3900 992 3970 permansit;
1024 3909 1080 3955 et
1102 3900 1229 3954 dum
1253 3900 1529 3955 tremenda
1563 3899 1828 3953 frueretur

223 4009 436 4058 ltnrnsa,
468 4010 574 4047 unu
626 4003 863 4047 mttlultts
910 4001 1014 4048 est.
1048 3993 1114 4048 Et
1165 3992 1267 4049 hoc
1316 3994 1487 4049 Lucas
1538 3991 1825 4063 signiﬁcat,

223 4088 438 4145 dn'ctts,
476 4093 587 4151 post
645 4083 759 4138 Int'c
802 4084 853 4136 in
885 4099 1006 4137 cum
1040 4083 1340 4153 ingressum
1373 4085 1539 4139 fuisse
1584 4093 1827 4137 satanam

226 4174 383 4242 (Luc.
411 4175 501 4227 29..
536 4176 588 4243 5)
619 4192 631 4227 :
675 4190 782 4227 non
812 4174 952 4243 quod
980 4174 1310 4229 dominicum
1357 4189 1554 4243 corpus
1580 4173 1827 4244 despice-

228 4276 333 4326 rct,
352 4265 444 4318 sed
468 4265 608 4332 quod
638 4265 1024 4333 impudentiam
1058 4266 1347 4335 prodituris
1373 4266 1641 4321 irrideret.
1662 4263 1830 4336 Majas

228 4356 371 4408 cnim
432 4364 707 4423 pet-catum
751 4359 999 4423 utrinque
1054 4358 1210 4411 fiebat
1241 4374 1254 4410 :
1284 4358 1505 4427 etquod
1558 4373 1680 4413 cum
1738 4358 1830 4413 tali

228 4449 413 4502 anime
439 4447 503 4502 ad
534 4449 787 4519 mysteria
820 4451 1121 4515 accederet,
1159 4460 1212 4504 et
1242 4451 1382 4521 quod
1411 4467 1533 4506 cum
1563 4452 1828 4507 accessis-

229 4548 336 4602 set,
370 4552 471 4592 ncc
502 4538 716 4604 timore,
764 4555 863 4592 nec
906 4536 1189 4605 beneficio,
1236 4556 1336 4594 ncc
1387 4540 1592 4596 honore
1639 4542 1833 4597 melior

228 4629 504 4683 evaderet.
534 4627 781 4684 Christus
826 4644 952 4685 vero
1002 4631 1209 4685 etiamsi
1259 4632 1438 4685 omnia
1490 4643 1692 4698 uOSset,
1723 4648 1829 4687 non

231 4721 541 4789 prohibuit;
575 4732 630 4773 ut
666 4720 843 4774 discas
884 4722 1055 4790 ipsum
1100 4723 1232 4776 nihil
1265 4738 1451 4777 eorum
1506 4726 1829 4793 praetermit-

234 4822 369 4874 tere,
393 4827 511 4880 qua:
539 4810 604 4863 ad
644 4813 1077 4866 emendationem
1123 4814 1429 4868 conferunt.
1476 4813 1599 4869 Ideo
1624 4827 1677 4870 et
1706 4826 1832 4873 arte

231 4914 281 4957 et
328 4914 508 4971 postea
539 4902 848 4973 lrequeutcr
870 4905 1040 4974 ipsum
1067 4912 1272 4961 monuit
1294 4924 1354 4961 ac
1378 4910 1829 4974 relinuit,verbis,

231 4994 510 5063 operibus,
545 4994 757 5059 timore,
807 4997 987 5060 minis,
1032 4997 1238 5049 honore
1281 5009 1331 5049 et
1359 5000 1527 5053 cultu.
1562 5000 1666 5054 Sed
1700 5002 1829 5055 nihil

230 5100 354 5138 cum
383 5100 411 5137 a
444 5097 547 5139 tam
591 5087 738 5155 gravi
769 5089 956 5141 morbo
990 5088 1221 5142 reduxit.
1253 5090 1456 5146 Idcirco
1498 5093 1587 5146 illo
1614 5092 1829 5147 demum

217 5178 440 5242 ‘relieto,
469 5177 746 5247 discipulis
778 5194 872 5247 per
901 5182 1158 5249 mysteria
1193 5198 1381 5237 necem
1414 5198 1563 5237 suam
1596 5201 1833 5240 commc-

223 5274 427 5328 morat,
457 5277 508 5320 et
550 5268 691 5320 inter
722 5268 1040 5322 cmnandum
1088 5271 1156 5324 de
1196 5286 1355 5327 cruce
1402 5273 1658 5343 loquitur.
1692 5294 1781 5343 pra
1806 5304 1830 5317 -

219 5358 481 5411 dictionis
513 5358 807 5427 frequentia
843 5362 1146 5430 passionem
1180 5380 1331 5417 suam
1365 5367 1595 5422 toleratu
1628 5369 1833 5423 facilio-

221 5466 344 5501 rem
396 5449 651 5507 reddens.
704 5452 834 5506 Nam
884 5458 927 5508 si
959 5466 1079 5525 post
1110 5466 1185 5509 tot
1219 5472 1303 5509 res
1348 5472 1527 5528 gestas
1556 5475 1607 5517 et
1638 5467 1833 5527 νιτρώ-

220 5560 240 5573 α
264 5554 435 5595 its-nes
469 5542 665 5598 turbati
699 5556 843 5612 sunt,
866 5548 911 5601 si
957 5548 1087 5601 nihil
1123 5550 1315 5600 horum
1346 5554 1673 5618 andisscnt',
1707 5557 1831 5624 quid

220 5648 337 5687 non
378 5636 587 5703 passuri
635 5638 825 5693 erant?
858 5638 924 5691 Et
970 5642 1397 5698 manducmztit’ms
1432 5646 1533 5699 illis
1583 5650 1834 5717 accipiens

299 5792 313 5818 ⁵
343 5791 455 5853 Alit,
482 5805 521 5843 ει
546 5805 604 5843 nc
628 5794 733 5842 huc
759 5795 951 5858 ίίηνίςίιλλη
980 5799 1251 5861 ςε.“.ξζίί·ς‹’>.νι;
1282 5817 1372 5850 non
1407 5809 1549 5853 male.

1935 3134 2119 3188 panem
2150 3120 2322 3189 fregit.
2350 3119 2463 3174 Cur
2484 3131 2611 3178 tunc
2643 3131 2886 3194 tempore
2914 3127 3187 3196 paschalis
3217 3130 3319 3188 hoc
3350 3143 3553 3205 θυμίας

1935 3212 2078 3265 rium
2123 3212 2463 3268 celebravit?
2507 3213 2581 3270 Ut
2624 3216 2863 3288 undique
2906 3220 3105 3286 discas,
3156 3220 3313 3277 illuni
3340 3224 3555 3282 Veteris

1935 3302 2267 3357 Tcstamenti
2297 3303 2467 3375 fuisse
2493 3304 2880 3377 legislaturem,
2901 3320 2958 3366 et
2982 3326 3043 3365 ea
3074 3328 3196 3381 quze
3220 3314 3273 3369 in
3304 3315 3397 3371 illo
3426 3330 3555 3373 sunt

1934 3404 2156 3464 propter
2202 3394 2320 3450 haec
2370 3396 2687 3453 adumbrata
2740 3398 2931 3457 fuisse.
2970 3402 3205 3476 Ideoque
3249 3407 3340 3462 ubi
3394 3419 3554 3481 typus

1933 3493 2069 3548 erat,
2102 3484 2176 3539 ibi
2206 3485 2488 3541 veritatem
2516 3488 2819 3544 constituit.
2855 3490 3093 3563 Vespera
3145 3505 3328 3553 autem
3378 3500 3554 3570 pleni-

1935 3578 2136 3632 tudinis
2162 3587 2467 3649 temporum
2504 3580 2717 3651 signum
2750 3593 2887 3649 erat,
2921 3584 3303 3660 indicabatque
3334 3606 3423 3648 res
3452 3593 3551 3650 de-

1936 3684 2084 3724 mum
2108 3670 2176 3724 ad
2206 3670 2370 3726 linem
2398 3671 2682 3729 accedere.
2712 3674 3035 3748 Gratiasque
3055 3680 3188 3750 agit,
3218 3681 3422 3740 docens
3451 3700 3552 3740 nos

1932 3760 2209 3831 quomodo
2237 3772 2485 3831 oporteat
2517 3764 2620 3819 hoc
2664 3768 2988 3838 mysterium
3028 3771 3330 3839 celebrare,
3364 3788 3551 3832 osten-

1932 3852 2071 3909 dens
2096 3868 2156 3908 se
2184 3870 2293 3909 non
2324 3855 2549 3910 invitum
2577 3857 2644 3912 ad
2669 3860 2983 3929 passionem
3011 3867 3219 3934 venire,
3238 3867 3555 3925 instituens-

1934 3960 2041 4015 que
2068 3960 2187 4011 nos,
2206 3954 2265 4000 ut
2285 3947 2542 4018 quidquid
2565 3951 2859 4019 patiamur,
2878 3969 3002 4009 cum
3023 3958 3317 4026 gratiarum
3338 3962 3555 4019 actione

1935 4034 2195 4102 feramus,
2230 4038 2538 4109 bonamque
2586 4041 2711 4098 inde
2753 4060 2905 4114 spem
2935 4046 3188 4103 aﬂ‘erens.
3223 4049 3354 4105 Nam
3383 4054 3428 4108 si
3473 4064 3554 4126 ty-

1936 4141 2038 4196 pus
2063 4137 2119 4183 et
2148 4128 2317 4199 figura
2348 4145 2378 4184 a
2416 4139 2561 4186 tanta
2608 4136 2782 4202 potuit
2810 4138 3074 4193 servitute
3104 4140 3356 4209 liberare,
3386 4147 3555 4200 multo

1937 4220 2110 4287 magis
2137 4221 2341 4275 veritas
2364 4222 2554 4278 orbem
2607 4223 2878 4293 liberabit,
2912 4229 3073 4300 inque
3112 4232 3431 4290 beneficium
3462 4254 3546 4307 ge-

1939 4309 2087 4363 neris
2115 4310 2286 4365 nostri
2312 4311 2577 4368 tradetur.
2614 4314 2818 4372 ldcireo
2850 4333 2955 4372 non
2981 4321 3211 4378 antehac
3239 4330 3555 4395 mysterium

1938 4400 2106 4468 dedit,
2135 4402 2230 4457 sed
2257 4418 2379 4458 cum
2413 4405 2610 4475 lcgalia
2647 4418 2768 4477 post
2812 4410 2931 4465 haec
2956 4422 3231 4469 cessatura
3258 4429 3457 4471 essent.
3493 4420 3551 4474 ιι

1938 4504 2100 4563 caput
2146 4495 2550 4553 solemnitatum
2596 4514 2787 4554 eorum
2842 4503 3022 4569 solvit,
3072 4504 3139 4559 ad
3191 4507 3350 4563 aliam
3409 4508 3552 4579 ipsus

1940 4585 2277 4642 transferens
2328 4603 2570 4644 mensam
2622 4593 3103 4663 terribilissimam,
3147 4600 3368 4668 aitque:
3402 4602 3549 4653 Acci-

1942 4678 2065 4746 pile,
2096 4682 2380 4741 comcdite;
2408 4682 2501 4735 hoc
2529 4692 2602 4736 est
2632 4700 2819 4753 corpus
2851 4704 3037 4751 meum,
3068 4692 3203 4759 quod
3249 4709 3342 4759 pro
3380 4694 3549 4747 vobis'

1942 4772 2202 4839 frangitur
2229 4769 2441 4837 (l.Cor.
2462 4774 2680 4844 “.26).
2710 4776 2771 4830 Et
2790 4780 3060 4847 quomodo
3078 4797 3182 4836 non
3209 4784 3402 4838 turbati
3430 4797 3549 4838 sunt

1942 4858 2045 4914 hoc
2076 4862 2397 4917 audientes?
2426 4864 2561 4932 Quia
2604 4869 2770 4922 multa
2821 4887 3121 4943 magnaque
3150 4890 3213 4930 ea
3245 4876 3313 4933 de
3355 4894 3414 4934 re
3440 4880 3549 4949 jam

1943 4954 2073 5022 ipsis
2100 4954 2333 5010 dixerat.
2369 4956 2495 5011 Ideo
2525 4974 2631 5012 non
2666 4960 2797 5014 illud
2826 4962 2963 5017 ultra
3010 4967 3229 5032 statuit;
3277 4971 3398 5037 quia
3442 4972 3552 5039 jam

1941 5047 2072 5099 satis
2103 5048 2407 5103 audierant.
2435 5049 2670 5107 Causam
2698 5069 2829 5109 vero
2878 5058 3145 5125 passionis
3177 5062 3328 5129 dicit,
3364 5079 3544 5131 pecca-

1943 5149 2118 5191 torum
2149 5156 2343 5209 nempe
2372 5142 2774 5199 remissionem.
2808 5147 2876 5201 Et
2900 5152 3217 5220 sanguinem
3243 5158 3364 5209 novi
3396 5168 3553 5211 testa-

1937 5229 2107 5285 menti
2140 5240 2321 5295 vocat,
2347 5231 2402 5286 id
2433 5240 2539 5300 est,
2568 5235 3007 5305 pollicitationis,
3043 5254 3199 5294 novae
3236 5240 3392 5311 legis.
3427 5240 3543 5293 llue

1942 5334 2086 5375 eu'm
2106 5322 2216 5388 jam
2244 5322 2374 5376 olim
2405 5325 2673 5392 pollicitus
2704 5338 2841 5393 erat,
2872 5337 2927 5381 et
2949 5345 3145 5383 novum
3173 5342 3553 5390 testamentum

1942 5411 2250 5465 confirmat.
2282 5414 2359 5468 Ac
2386 5417 2843 5483 quemadmodum
2878 5419 3043 5473 Vetus
3090 5438 3218 5477 oves
3267 5434 3322 5478 et
3362 5430 3553 5479 vitulus

1945 5502 2149 5569 Itahuil,
2184 5505 2263 5559 sic
2289 5516 2342 5559 ct
2368 5505 2469 5561 hoc
2491 5508 2823 5565 dominicum
2859 5514 3197 5585 sanguinem.
3228 5516 3363 5571 Ilinc
3393 5519 3553 5571 etiam

1944 5596 2179 5651 ostendit
2220 5613 2280 5651 se
2320 5602 2640 5655 moriturum
2686 5618 2807 5659 esse
2853 5623 2868 5660 :
2917 5606 3039 5660 ideo
3076 5618 3131 5664 et
3176 5618 3554 5664 testamentum

1948 5698 2233 5749 nteit-orat,
2265 5699 2318 5742 et
2359 5694 2557 5747 veteris
2585 5696 2745 5749 etiam
2781 5698 3112 5753 mentionem
3141 5699 3303 5755 facit:
3348 5720 3468 5756 nam
3503 5713 3551 5759 cl

2013 5813 2027 5843 ¹
2058 5811 2171 5869 Alii,
2196 5828 2287 5876 pro
2313 5816 2491 5866 multis.
