4050 6428
596 370 703 428 m
1256 367 1323 424 S.
1358 365 1638 425 ﬁtANNIS
1664 362 2131 420 CllilYSOSTOHI
2174 365 2485 426 ARCIIIEP.
2525 375 3051 439 CONSTANTINOP.
3744 400 3851 459 τω

596 478 727 534 illud
747 492 957 549 quoque
980 491 1085 547 per
1101 477 1405 546 sanguinem
1432 476 1732 531 dedicatum
1758 475 1948 572 fuerat.
1967 473 2165 572 lterum
2270 481 2531 535 cantibus.
2572 484 2675 541 Vos
2715 490 2856 544 enim
2887 506 2973 547 me
3001 493 3248 553 videbitis
3276 510 3555 572 postquam
3607 522 3853 566 resurre-

594 580 805 636 quoque
832 565 1019 619 mortis
1037 578 1252 619 causam
1293 565 1440 630 diett,
1475 566 1576 630 Qui
1619 582 1710 633 pro
1738 566 1909 662 multis
1934 560 2101 662 eiund

2271 585 2419 627 xcro.
2445 573 2580 641 Quid
2609 588 2693 633 est
2716 589 2891 635 autem
2933 584 3086 650 illud,
3119 560 3362 646 Novum?
3389 560 3444 648 Id
3474 605 3578 662 est,
3613 614 3759 652 novo
3794 611 3852 657 et

594 666 677 711 tur
699 658 751 711 in
780 657 1117 712 remissionem
1160 668 1478 727 peccatorum
1509 672 1529 711 :
1566 660 1762 726 aitque,
1799 655 1907 709 Hoc
1936 656 2085 727 facite
2111 658 2165 708 in
2267 659 2508 717 inaudito
2532 667 2711 733 modo,
2744 685 2847 725 non
2879 674 2931 727 in
2958 689 3183 746 corpore
3206 683 3465 749 possibili,
3490 686 3586 742 sed
3618 687 3851 745 innuer-

590 763 753 801 meam
790 747 1331 802 commemorationem.
1360 747 1554 802 1liiden’
1595 746 1861 816 quomodo
1882 761 1912 799 a
1931 745 2163 801 Judaicis
2267 751 2355 804 tali
2385 764 2440 807 ct
2469 755 2875 827 incorruptibiii,
2924 779 3023 820 nec
3051 745 3172 823 cibo
3207 745 3407 841 “egenti.
3442 774 3571 831 Post
3598 792 3850 837 resurre-

580 834 817 891 abducat
838 846 899 892 et
923 846 1114 892 avocet
1142 837 1417 892 moribus?
1453 837 1585 891 Nam
1624 837 1763 891 sicut
1791 835 1937 903 illud,
1968 837 2156 905 inquit,
2262 843 2494 899 ctionem
2536 846 2696 917 igitur
2727 866 2830 907 non
2857 868 2923 909 ex
2951 834 3273 917 necessitate
3299 866 3535 923 comedit
3581 880 3638 926 et
3670 872 3842 940 bibit:

586 924 942 980 celebrabatis
980 924 1032 979 in
1075 926 1637 981 commemorationem
1681 926 2054 981 miraculorum
2103 928 2155 982 in
2262 946 2434 1001 neque
2457 936 2602 991 enim
2635 938 2698 1023 iis
2734 952 2859 1005 tunc
2880 945 3075 1019 egebat
3101 964 3335 1020 corpus;
3375 956 3469 1012 sed
3513 959 3580 1013 ad
3630 962 3843 1019 certius

586 1012 1132 1086 Egyptoeditorum,
1162 1015 1235 1071 ita
1260 1027 1315 1072 et
1354 1017 1455 1072 hoc
1481 1018 1535 1073 in
1562 1033 1736 1073 meam
1764 1032 2154 1117 commemora-
2256 1028 2665 1117 resurrectionis
2683 1012 3085 1102 argument-um.
3138 1012 3243 1097 Sed
3279 1059 3377 1099 cur
3416 1058 3537 1117 post
3583 1066 3841 1109 τρειη-η.

580 1105 783 1161 tionem
810 1106 983 1164 facite.
1011 1106 1142 1161 Illud
1171 1106 1396 1162 effusum
1427 1118 1508 1163 est
1546 1108 1615 1162 ad
1639 1108 1861 1163 salutem
1886 1109 2153 1179 primoge-
2256 1114 2522 1181 ctionem,
2556 1133 2663 1173 non
2710 1137 2922 1192 aquam,
2978 1129 3072 1183 sed
3112 1133 3295 1188 vinum
3340 1105 3515 1192 bibit?
3548 1139 3617 1196 Ut

581 1193 819 1249 nitorem
865 1211 880 1247 :
930 1193 1033 1250 hoc
1070 1194 1138 1249 ad
1186 1196 1558 1252 remissionem
1603 1205 1938 1268 peccatorum
1992 1201 2151 1256 totius

547 1258 549 1263 S
579 1282 748 1339 orbis.
777 1282 878 1337 llic
904 1293 979 1338 est
1014 1284 1146 1338 enim
1172 1286 1379 1357 sanguis
1406 1303 1565 1353 meus,
1596 1258 1782 1355 inquit,
1814 1288 1902 1357 qui
1924 1287 2151 1356 eiunde-

580 1384 665 1428 tur
701 1375 753 1429 in
793 1375 1131 1429 remissionem
1157 1386 1494 1448 peccatorum.
1530 1378 1641 1433 Hoc
1684 1394 1843 1449 porro
1885 1379 2041 1448 dixit,
2090 1390 2149 1438 ut

577 1463 737 1517 simul
762 1465 1067 1521 ostenderet
1101 1467 1402 1536 passionem
1427 1477 1484 1522 et
1520 1483 1733 1523 crucem
1780 1484 1900 1525 esse
1943 1482 2146 1541 myste-

574 1552 738 1617 rium,
761 1565 925 1624 atque
953 1554 1052 1610 hac
1074 1556 1280 1611 ratione
1303 1547 1495 1611 itérum
1520 1557 1809 1627 discipulos
1839 1562 2144 1616 consolare-

578 1653 681 1699 tur.
714 1644 777 1699 Et
804 1646 939 1700 sicut
962 1645 1168 1717 Moyses
1193 1646 1287 1711 ait,
1319 1646 1432 1701 Hoc
1470 1647 1606 1703 vobis
1647 1651 1935 1705 memoriale
1952 1654 2142 1723 sempi-

570 1742 771 1789 ternam
798 1735 991 1805 (Exod.
1020 1738 1073 1792 5.
1103 1736 1192 1809 15)
1214 1754 1234 1790 :
1262 1739 1341 1793 sic
1378 1747 1433 1794 et
1458 1738 1592 1811 ipse,
1633 1740 1699 1794 In
1735 1759 1898 1796 meam
1924 1760 2141 1799 comme—

2253 1202 2445 1258 malam
2476 1205 2720 1264 haeresim
2748 1214 3004 1273 radicitus
3025 1220 3303 1278 evelleret.
3348 1225 3484 1293 Quia
3512 1230 3658 1285 enim
3710 1234 3839 1302 quia

2250 1291 2371 1347 dam
2392 1294 2445 1347 in
2470 1300 2739 1367 mysteriis
2762 1317 2895 1375 aqua
2924 1317 3159 1376 utuntur,
3189 1323 3246 1368 ut
3263 1291 3511 1373 ostendat
3537 1334 3598 1377 se
3622 1333 3681 1377 et
3704 1291 3836 1381 eum

2249 1378 2502 1458 mysteria
2534 1394 2753 1451 tradidit
2781 1399 2906 1453 vino
2932 1417 3088 1459 usum
3119 1406 3302 1475 fuisse,
3331 1420 3387 1466 et
3431 1422 3552 1483 post
3579 1430 3833 1475 resurreo

2247 1478 2478 1536 ctionem
2508 1484 2624 1540 sine
2645 1492 2913 1559 mysteriis
2942 1493 2995 1548 in
3021 1497 3224 1566 vulgari
3247 1478 3637 1561 mensa‘vinum
3668 1510 3833 1564 aditi-

2245 1566 2447 1635 buisse,
2476 1570 2560 1627 Ea:
2584 1580 2835 1645 genimine
2854 1582 2988 1650 vitis,
3016 1584 3203 1656 inquit.
3229 1588 3391 1645 Vinea
3414 1602 3592 1650 autem
3612 1598 3828 1668 vinum,

2244 1671 2354 1713 non
2395 1675 2586 1731 aquam
2626 1666 2825 1739 gignit.
2871 1672 2961 1728 '50.
2992 1673 3061 1729 Et
3089 1678 3277 1748 hymno
3323 1683 3457 1737 dicto
3496 1688 3729 1743 exierant
3769 1666 3827 1747 in

2244 1748 2468 1807 Montem
2512 1756 2781 1814 olivarum.
2815 1765 3049 1822 Audiant
3076 1781 3336 1842 quotquot
3359 1815 3375 1840 ,
3407 1792 3691 1846 porcorum
3739 1784 3830 1839 in-

570 1824 1095 1897 morationem(Luc.
1126 1826 1382 1898 22.19),
1434 1830 1605 1885 donec
1655 1832 1882 1888 veniam.
1937 1834 2138 1889 Idcirco
2239 1851 2371 1905 star,
2399 1854 2585 1901 contra
2624 1863 2865 1907 mensam
2912 1824 3609 1923 sensibilem'comerdentes
3655 1872 3825 1928 calci-

566 1913 666 1977 ait,
714 1913 971 1970 Desiderio
1000 1916 1281 1972 desideravi
1319 1920 1413 1989 hoc
1454 1924 1643 1990 pascha
1692 1923 2034 1991 manducare,-
2084 1926 2155 1980 id-
2242 1941 2404 1998 trant,
2436 1944 2492 1989 et
2520 1940 2794 2027 temulenti
2823 1957 3089 2016 surgunt,
3120 1965 3241 2006 cum
3288 1967 3567 2026 oporteret
3613 1964 3822 2032 gratias

566 2010 648 2032 Δ...
701 2004 847 2032 .._.t.:-
874 2021 957 2032 ..Λα
978 2021 1141 2032 ..Α-η...
1167 2008 1373 2032 ιυλκ--
1425 2019 1469 2032 ,ιι
1518 2010 1704 2032 _-_-L_
1747 2012 1860 2032 .a,._-
1924 2030 1941 2032 ᾗ
1994 2030 2007 2032 _
2088 2029 2125 2032 η
2509 2028 2519 2032 -
2614 2030 2619 2032 Α

564 2010 670 2071 est,
701 2004 849 2059 vobis
874 2021 959 2061 res
978 2021 1144 2061 novas
1166 2008 1396 2073 tradere,
1420 2019 1475 2063 et
1517 2010 1711 2080 pascha
1739 2012 1888 2079 dare,
1912 2030 2019 2084 quo
2040 2029 2136 2071 vos
2236 2035 2399 2092 agere
2425 2035 2477 2081 et
2506 2028 2561 2083 in
2610 2017 2835 2102 hymnos
2880 2004 3147 2096 dasinere.
3178 2004 3373 2102 Auditre
3402 2004 3668 2121 quotquot
3710 2070 3820 2124 po.

564 2095 865 2124 ρης-ἓιιιαιιι..
897 2097 1113 2124 “AA-..
1168 2099 1227 2124 ι’.
1262 2101 1373 2124 2..--
1412 2117 1615 2124 -...-..---
1649 2118 1705 2124 -_
1737 2104 1820 2124 an-
1867 2105 1878 2124 I
1903 2106 1992 2124 ειμι
2057 2108 2121 2124 ιι,
2272 2122 2279 2124 _

562 2095 868 2163 spirituales
897 2097 1138 2152 reddam.
1167 2099 1233 2154 Et
1260 2101 1376 2168 ipse
1408 2117 1619 2171 quoque
1643 2118 1708 2157 ex
1736 2104 1826 2159 illo
1867 2105 2018 2161 bibit.
2055 2108 2133 2164 Ne
2235 2122 2489 2172 strcmam
2529 2095 2828 2179 orationem
2878 2132 3256 2200 mysteriorum
3286 2095 3816 2210 non‘exspectatis’:

561 2188 2129 2269 enimltmcaudientesdicerent:Quidergo?sanguinemue
2233 2221 2354 2276 qua:
2375 2210 2517 2266 illius
2539 2214 2838 2284 symbolum
2865 2188 2968 2275 esi.
3001 2188 3215 2281 Gratias
3256 2188 3694 2305 egit—enauit:

564 2278 792 2305 ..ιμηηη
844 2288 894 2305 ,.
943 2296 1151 2305 “nu-
1203 2285 1619 2305 “unum.-.
1671 2298 1707 2305 ,.
1758 2300 1767 2305 .
1842 2291 1856 2305 .
2011 2302 2021 2305 -
2295 2299 2307 2305 -
2387 2300 2421 2305 --
2499 2301 2511 2305 -

562 2278 815 2347 bibimus,
840 2288 897 2336 et
938 2296 1153 2337 carnem
1203 2285 1619 2342 manducamus?
1658 2298 1713 2344 et
1755 2291 2126 2359 turbarentur;
2230 2299 2454 2370 scipulis
2479 2278 2652 2367 daret,
2681 2309 2930 2366 utetiam
2957 2327 3057 2368 nos
3080 2278 3568 2391 gratiasuagamus‘:
3594 2325 3815 2384 Gratia

557 2380 681 2421 nam
712 2383 835 2423 cum
880 2369 977 2425 hac
1015 2372 1082 2426 de
1110 2387 1166 2427 re
1206 2374 1367 2427 verba
1420 2375 1635 2439 faceret,
1665 2377 1736 2434 de
1785 2381 1914 2450 ipsis
1953 2385 2129 2441 verbis
2229 2391 2342 2459 egit
2368 2402 2423 2447 et
2451 2392 2707 2467 hymnum
2730 2400 2864 2455 dixit
2889 2369 3167 2476 postquam
3518 2369 3578 2471 ut
3597 2369 3676 2473 vet
3706 2369 3813 2477 δ

557 2457 705 2512 multi
735 2458 917 2514 οπεηεὶ
945 2470 1071 2517 sunt
1098 2479 1112 2516 :
1141 2477 1209 2518 ue
1238 2465 1415 2534 itaque
1454 2474 1580 2524 tunc
1620 2471 1981 2542 turbarentur,
2010 2476 2124 2547 pri-
2231 2457 2334 2535 hoc
2355 2457 2525 2552 ipsum
2548 2486 2818 2545 faciamus.
2842 2457 2945 2549 séa
2970 2457 3067 2551 cu'r
3084 2498 3194 2554 exit
3217 2508 3273 2554 ut
3294 2502 3548 2560 ascendat
3568 2506 3623 2563 in
3648 2524 3812 2565 mon-

558 2561 678 2602 mus
706 2548 818 2619 ipse
860 2550 963 2606 hoc
1000 2550 1145 2615 facit,
1177 2563 1233 2608 ut
1260 2553 1380 2609 illos
1403 2556 1473 2610 ad
1502 2560 1878 2631 mysteriorum
1915 2566 2128 2634 partici-

556 2641 823 2710 pationem
883 2644 1166 2715 tranquillo
1210 2647 1392 2701 animo
1437 2650 1766 2706 subeundam
1827 2655 2122 2713 induceret.

554 2729 680 2786 Ideo
708 2746 834 2802 ergo
868 2748 1023 2789 suum
1068 2735 1183 2806 ipse
1214 2740 1525 2808 sanguinem
1574 2740 1728 2798 bibit.
1757 2744 1893 2813 Quid
1940 2748 2120 2819 igitur,

554 2821 781 2892 inquies,
814 2838 881 2879 an
909 2824 1010 2881 hoc
1038 2836 1095 2883 et
1136 2839 1289 2885 vetus
1314 2832 1443 2888 illud
1470 2834 1630 2890 simul
1672 2836 1970 2895 faciendum
1998 2843 2122 2897 est?

546 2909 910 2983 Nequaquam.
933 2915 1057 2972 Ideo
1084 2934 1314 2989 namque
1341 2921 1499 2988 dixit,
1528 2924 1639 2980 Hoc
1658 2929 1828 2996 facile,
1848 2940 1905 2985 ut
1932 2931 2001 2985 ab
2026 2932 2120 2988 illo

538 3000 853 3072 abduceret.
875 3004 1005 3060 Nam
1027 3007 1072 3062 si
1095 3007 1197 3063 hoc
1221 3011 1592 3069 remissionem
1615 3028 1951 3086 peccatorum
1971 3021 2115 3089 facit,

542 3099 604 3146 ut
632 3092 789 3147 etiam
820 3091 964 3161 facit,
992 3098 1316 3166 superﬂuum
1342 3101 1446 3155 erit
1471 3102 1621 3159 illud.
1660 3105 1808 3163 Sicut
1836 3123 1962 3180 ergo
1984 3111 2113 3166 olim

2231 2575 2383 2626 tem?
2424 2572 2555 2632 Sese
2602 2579 2881 2639 manifeste
2929 2587 3218 2645 ostendens
3246 2600 3304 2647 ut
3330 2594 3594 2667 captatur,
3626 2614 3698 2657 ne
3726 2601 3810 2657 vi-

2226 2660 2417 2719 deatur
2443 2681 2563 2723 sese
2604 2674 2873 2730 occultare
2902 2692 2916 2729 :
2944 2676 3229 2737 festinabat
3261 2660 3459 2756 quippe
3504 2660 3590 2741 ad-
3618 2690 3806 2750 locum

2224 2751 2376 2810 ,Ιυάω
2401 2766 2605 2814 notum.
2632 2760 2721 2817 5|.
2754 2763 2892 2819 Tunc
2912 2767 3049 2822 dixit
3076 2771 3149 2825 eis
3166 2789 3185 2826 :
3220 2751 3322 2830 Vos
3538 2778 3808 2836 scandali-

2220 2844 2461 2899 zabimini
2501 2848 2557 2902 in
2586 2866 2683 2905 me.
2716 2852 2917 2911 Deinde
2942 2857 3092 2914 addit
3124 2862 3499 2933 prophetiam:
3526 2868 3802 2942 Scriptum

2222 2942 2295 2987 est
2334 2936 2470 2991 enim
2494 2980 2509 3003 ,
2544 2944 2821 3010 percutiam
2859 2957 3112 3017 pastorem
3129 2991 3147 3019 ,
3183 2963 3234 3008 et
3279 2955 3633 3031 dispergentttr
3649 2936 3661 2942 ⁷
3677 2979 3802 3021 ma

2220 3022 2404 3126 ςΖαεΙι.
2450 3030 2537 3085 l5.
2592 3033 2689 3104 7);
2729 3050 2852 3092 cum
2881 3041 3095 3119 utiillis
3142 3022 3384 3116 suadeat,
3429 3022 3798 3126 semperessa

538 3181 683 3252 apud
703 3181 935 3251 indutos,
953 3187 1030 3242 sic
1050 3196 1105 3243 et
1132 3204 1270 3244 nunc
1294 3206 1507 3262 quoque
1531 3195 1773 3253 beneficii
1800 3203 2112 3257 memoriam

541 3274 798 3342 mysterio
822 3275 1108 3346 colligavit,
1140 3277 1265 3335 hinc
1290 3280 1661 3339 hereticorum
1688 3301 1779 3341 ora
1804 3290 2107 3348 obstruens.

535 3359 673 3416 Cum
701 3362 843 3417 enim
869 3365 1069 3432 dicunt,
1094 3366 1246 3424 Unde
1272 3371 1445 3439 palam
1469 3386 1553 3429 est
1578 3376 1906 3433 immolatum
1947 3381 2109 3438 fuisse

533 3448 847 3508 Christum?
889 3448 1008 3509 cum
1046 3457 1196 3525 aliis,
1246 3460 1405 3515 etiam
1451 3477 1480 3515 a
1526 3466 1821 3535 mysteriis,
1872 3469 2105 3537 ipsorum

528 3540 858 3600 obstruimus
904 3561 1019 3602 ora.
1068 3548 1201 3603 Nam
1241 3551 1289 3605 si
1331 3551 1488 3607 Jcsus
1536 3569 1641 3609 non
1672 3566 1913 3615 mortuus
1938 3571 2101 3630 esset,

530 3630 688 3702 cujus
712 3635 951 3704 symbola
978 3649 1159 3694 essent
1197 3640 1282 3694 illa
1307 3658 1425 3711 qute
1452 3642 1785 3701 oﬂ'erunturl
2015 3717 2021 3722 ν

597 3723 653 3777 2.
686 3724 867 3782 Viden‘
895 3743 1015 3782 cum
1040 3742 1233 3799 quanta
1262 3746 1389 3787 cura
1417 3735 1692 3803 provisum
1721 3739 1809 3805 sit,
1840 3751 1897 3795 ut
1918 3757 2100 3798 recor-

520 3812 719 3869 demur
743 3832 956 3887 semper
984 3818 1156 3888 ipsum
1178 3809 1282 3891 pro
1307 3824 1462 3881 nobis
1487 3838 1752 3885 mortuum
1781 3847 1901 3888 esse
1921 3834 1945 3887 ?
1964 3835 2096 3902 Quia

518 3904 667 3960 enim
696 3906 911 3976 Marcio,
938 3909 1249 3969 Valentinus
1270 3925 1322 3970 et
1349 3916 1528 3974 Manes
1562 3920 1702 3977 hanc
1738 3930 2095 3983 meonomiam

520 3998 764 4064 negaturi
795 4008 970 4065 erant,
1014 4005 1277 4071 passionis
1304 4011 1620 4065 memoriam
1641 4014 1853 4069 assidue
1881 4028 2096 4073 revocat

522 4087 682 4140 etiam
710 4101 805 4157 per
852 4091 1103 4159 mysteria
1126 4133 1141 4158 ,
1175 4102 1233 4147 ut
1260 4110 1418 4150 nemo
1461 4098 1641 4155 seduci
1674 4104 1859 4171 possit,
1890 4120 2093 4176 perque

516 4190 727 4231 sacram
760 4178 903 4234 illam
950 4196 1188 4237 mensam
1215 4186 1370 4239 simul
1397 4200 1575 4244 servat
1598 4201 1651 4245 et
1682 4193 1932 4249 instituit.
1961 4197 2087 4252 Ete-

511 4537 641 4591 illud
663 4539 827 4594 bibam
852 4557 1035 4597 novum
1061 4545 1309 4601 vobiscum
1335 4550 1388 4604 in
1415 4569 1569 4623 regno
1594 4555 1769 4612 Patris
1805 4562 1920 4614 mei.
1948 4562 2080 4618 Nam

509 4628 655 4707 quia.
676 4630 801 4698 ipsis
824 4632 893 4687 de
920 4635 1164 4703 passione
1190 4648 1244 4693 et
1289 4656 1449 4697 cruce
1492 4644 1738 4714 loquutus
1764 4660 1871 4715 est,
1896 4668 2079 4710 resur-

509 4718 758 4774 rectionis
797 4736 981 4779 rursus
1025 4728 1353 4785 mentionem
1400 4730 1560 4800 facit,
1594 4736 1843 4809 illamque
1875 4742 1959 4797 hic
1987 4760 2077 4800 re-

503 4822 665 4876 gnum
692 4821 863 4865 vocat.
895 4814 962 4867 Et
989 4831 1153 4885 quare
1178 4830 1295 4887 post
1323 4827 1768 4883 resurremiouem
1798 4831 1972 4888 bibit?
1999 4835 2075 4891 Nc

504 4898 747 4954 rudiores
777 4913 1023 4971 putarent
1049 4912 1490 4968 resurrectionem
1543 4930 1662 4972 esse
1708 4920 2059 4992 phantasma;

503 4988 605 5044 hoc
643 4991 784 5045 enim
830 4994 981 5048 multi
1016 4996 1032 5027 ι
1058 4998 1264 5067 signum
1293 5017 1412 5057 esse
1438 5011 1844 5066 resurrectionis
1868 5024 2073 5072 statue-

502 5079 647 5132 bant.
672 5080 797 5137 ldeo
825 5087 1051 5154 apostoli
1091 5098 1146 5142 ut
1175 5097 1544 5150 resurrectioni
1578 5098 1735 5155 fidem
1788 5102 2027 5161 facerent
2050 5152 2065 5172 .

502 5169 606 5225 hoc
637 5173 883 5230 dicebant
919 5195 932 5229 :
966 5178 1066 5245 Qui
1092 5172 1243 5236 simul
1279 5189 1605 5256 comedimus,
1634 5202 1681 5246 et
1713 5194 1927 5252 bibimus
1953 5217 2068 5255 cum

502 5277 559 5313 eo
606 5262 741 5328 (Act.
792 5266 878 5321 10.
924 5270 1040 5341 tl).
1071 5269 1138 5326 Ut
1196 5273 1353 5343 igitur
1387 5282 1669 5350 ostendat,
1714 5288 1858 5356 quod
1897 5290 2066 5360 ipsum

493 5352 638 5407 clare
670 5364 786 5423 post
839 5363 1279 5419 resurrectionem
1312 5368 1472 5423 visuri
1502 5376 1626 5439 sint,
1658 5378 1798 5446 quod
1820 5395 1938 5434 cum
1968 5384 2066 5437 illi”

493 5442 671 5497 demto
692 5445 901 5503 futurus
929 5452 1021 5517 sit,
1052 5464 1105 5508 et
1132 5458 1273 5525 quod
1326 5461 1423 5529 ipsi
1452 5473 1506 5517 et
1534 5480 1595 5519 ex
1625 5442 1762 5532 visu,
1792 5482 1845 5526 et
1876 5489 1941 5527 ex
1975 5492 2062 5530 re-

494 5531 591 5585 bus
616 5533 683 5588 de
707 5534 770 5587 iis
800 5552 915 5605 qme
944 5552 1093 5609 gesta
1122 5556 1245 5601 sunt
1270 5550 1631 5610 testimonium
1660 5560 1765 5614 sint
1786 5564 2060 5635 reddituri,

485 5622 558 5676 ait
585 5641 598 5674 :
630 5624 801 5679 Donec
830 5629 960 5685 illud
986 5633 1150 5687 bibam
1177 5655 1355 5693 novum
1387 5647 1658 5716 vobiscum,
1682 5654 1833 5709 vobis
1870 5622 2059 5714 lestili:

518 5724 640 5783 'Alii
669 5736 869 5799 habent,
896 5748 1089 5804 veteres,
1118 5760 1221 5807 pro,
1248 5752 1401 5803 mults.

2220 3111 2509 3186 Scripturis
2536 3111 3082 3197 attendendttm,'tum
3114 3146 3174 3192 ut
3196 3111 3477 3211 significet,
3597 3111 3795 3209 ex

2215 3206 2491 3265 voluntate
2516 3214 2754 3286 crucifigi
2782 3259 2796 3283 ,
2824 3228 2985 3291 atque
3014 3206 3565 3297 undique-ostendens
3590 3252 3652 3295 se

2213 3310 2334 3352 esse
2360 3314 2391 3353 a
2432 3300 2550 3371 lege
2596 3308 2763 3361 veteri
2789 3311 3041 3379 alienum,
3074 3332 3246 3388 neque
3274 3336 3305 3376 a
3338 3323 3447 3379 Deo
3476 3328 3563 3396 qui
3592 3328 3648 3383 in
3696 3331 3791 3388 illa

2212 3389 2617 3460 praedicabatur,
2642 3398 2870 3470 itemque
2890 3408 3032 3473 quod
3059 3417 3181 3465 tunc
3212 3412 3369 3470 ﬁebat
3388 3432 3454 3472 ex
3484 3389 3790 3482 meonomia

2213 3478 2343 3545 fieri,
2376 3495 2437 3537 ac
2463 3486 2749 3555 prophetas
2774 3496 2980 3563 omnia,
3009 3514 3128 3568 qua:
3159 3512 3284 3559 tunc
3305 3508 3646 3578 gerebantur,
3671 3515 3787 3583 jam

2207 3571 2333 3626 olim
2369 3578 2686 3644 prmdixisse
2709 3624 2725 3648 ,
2758 3592 2817 3639 ut
2843 3586 2965 3643 hinc
3011 3591 3087 3646 illi
3128 3593 3194 3648 de
3224 3571 3533 3657 melioribus
3591 3571 3789 3665 futuris

2204 3664 2492 3723 admodum
2541 3673 2895 3733 confiderent.
2933 3681 3202 3755 Docctque
3228 3704 3334 3758 quo
3383 3698 3538 3761 pact'o
3573 3710 3783 3769 cogno-

2202 3768 2422 3813 scantur
2449 3762 2636 3831 quales
2663 3776 2809 3837 ante,
2858 3772 3046 3841 quales
3097 3786 3218 3845 post
3263 3795 3475 3839 crucem
3530 3762 3785 3859 discipuli

2199 3842 2418 3903 fuerint.
2450 3850 2580 3906 Nam
2610 3857 2700 3924 qui
2729 3871 2852 3913 cum
2869 3842 3265 3933 crucifigeretur
3291 3886 3359 3926 ne
3385 3842 3777 3948 starequidem

2200 3946 2507 4008 potuerunt,
2541 3943 2595 3998 bi
2647 3958 2767 4017 post
2814 3966 3026 4007 crucem
3058 3962 3260 4016 strenui
3287 3970 3341 4027 et
3365 3943 3650 4025 adamante
3681 3974 3785 4027 fir-

2189 4500 2285 4540 sua
2316 4496 2519 4545 tantum
2551 4496 2819 4563 passione,
2852 4502 2945 4556 sed
2971 4504 3131 4560 etiam
3161 4524 3228 4564 ex
3273 4510 3338 4567 iis
3364 4528 3484 4584 quae
3515 4518 3582 4572 ad
3608 4520 3771 4578 discl—

2188 4578 2340 4646 pulos
2359 4593 2622 4650 spectant,
2668 4603 2874 4645 necnon
2914 4608 2981 4648 ex
3010 4599 3281 4667 mysteriis
3307 4642 3322 4665 ,
3355 4616 3580 4662 mortem
3612 4625 3771 4670 suam

2184 4667 2487 4736 confirmat,
2520 4673 2890 4735 Marcionistas
2912 4684 3148 4755 undique
3174 4691 3479 4762 profligans.
3516 4696 3643 4755 Ideo
3672 4667 3763 4759 co;

2184 4758 2458 4829 ryphteum
2489 4778 2684 4835 negare
2712 4782 2772 4824 se
2818 4774 3093 4842 permittit.
3121 4777 3177 4834 Si
3228 4758 3374 4837 enim
3421 4800 3523 4842 nec
3552 4758 3769 4848 vinctus

2184 4864 2283 4904 nec
2307 4853 2595 4910 cruciﬁxus
2624 4856 2835 4926 fuisset,
2884 4865 3226 4924 undetantus
3244 4880 3301 4927 et
3345 4874 3419 4929 illi
3449 4885 3505 4931 et
3544 4881 3767 4952 reliquis

2183 4936 2357 4997 metus
2403 4942 2612 5001 futurus
2660 4954 2812 5006 erat?
2858 4955 3041 5026 Neque
3070 4969 3246 5017 tamen
3290 4965 3412 5022 illos
3440 4968 3494 5024 in
3524 4986 3764 5031 maerore

2181 5034 2416 5105 reliquit,
2442 5038 2536 5093 sed
2571 5041 2699 5110 quid
2735 5045 2849 5099 ait?
2880 5047 2971 5101 52.
3007 5048 3285 5123 Postquam
3328 5068 3500 5113 autent
3527 5078 3763 5119 resurre-

2177 5141 2321 5193 xero,
2356 5132 2639 5197 praecedam
2662 5149 2746 5188 vos
2762 5136 2814 5189 in
2844 5136 3129 5197 Galilwam.
3160 5145 3344 5217 Neque
3363 5151 3503 5206 enim
3532 5169 3600 5209 ex
3625 5158 3763 5213 ωιῐο

2175 5218 2353 5271 Statim
2381 5231 2627 5289 apparet,
2656 5240 2830 5294 neque
2853 5229 2905 5283 in
2933 5234 3215 5299 quamdam
3250 5240 3520 5308 regionem
3550 5244 3761 5316 longin-

2175 5323 2335 5377 quam
2363 5310 2492 5374 abit,
2526 5314 2619 5367 sed
2669 5315 2719 5369 in
2750 5317 2860 5385 ipsa
2886 5328 3050 5389 gente
3076 5326 3217 5393 apud
3268 5343 3428 5396 quam
3470 5310 3761 5392 crucifixus

2174 5409 2277 5465 est,
2319 5401 2367 5456 in
2403 5402 2533 5471 ipsis
2568 5402 2677 5459 fere
2727 5407 2879 5471 locis,
2914 5420 2972 5463 ut
3015 5413 3173 5469 etiam
3231 5417 3354 5473 inde
3408 5422 3757 5483 continuaret

2174 5492 2322 5559 ipsis,
2355 5495 2600 5550 eumdem
2626 5507 2678 5551 et
2699 5501 3013 5556 crucifixum
3040 5504 3227 5573 fuisse,
3260 5519 3313 5564 et
3342 5516 3708 5573 resurrexisse
3737 5562 3754 5583 ,

2172 5594 2227 5635 ut
2276 5583 2401 5641 hinc
2430 5600 2719 5645 marentes
2760 5594 2927 5662 magis
2973 5600 3361 5655 consolaretur.
3396 5603 3635 5671 idcirco,
3685 5609 3755 5664 In

2173 5676 2409 5741 Galiltea,
2436 5678 2590 5745 dixit,
2629 5691 2740 5735 uta
2770 5694 2914 5739 metu
2957 5685 3262 5745 Judtcorum
3310 5693 3540 5757 liberati.
3589 5696 3751 5754 dictis

2177 5768 2474 5822 crederent.
2505 5770 2610 5825 llac
2648 5774 2786 5827 cuiut
2818 5775 2885 5830 de
2917 5792 3073 5831 eausa
3124 5781 3192 5835 ibi
3232 5784 3492 5852 apparuit.
3528 5786 3616 5841 55.
3658 5787 3749 5842 Rc-
