4050 6436
232 390 339 443 711

230 506 495 573 spondeus
522 511 691 557 autem
724 500 905 556 Petrus
944 500 1074 553 dixit
1102 514 1120 553 :
1149 497 1260 552 Etsi
1292 513 1467 551 omnes
1495 494 1838 549 scandalizati

229 599 432 672 fuerint
456 598 509 650 in
539 606 606 661 te,
634 613 727 669 ego
752 604 919 649 tamen
938 609 1212 663 numquam
1232 589 1641 645 scandalizabor.

314 692 368 746 3.
398 689 537 755 Quid
568 690 671 752 ais,
723 688 881 742 Petro
906 686 930 739 ‘l
962 684 1225 755 propheta
1252 682 1409 745 dixit,
1464 680 1843 749 Dispcrgentur

231 797 397 846 ores;
423 781 673 836 tlhristns
700 781 903 833 dictum
946 776 1319 832 conﬁrmavit:
1354 784 1410 831 et
1439 786 1494 829 tu
1525 774 1680 837 dicis,
1730 770 1843 827 Ne-

231 874 554 943 quaquam?
583 888 689 926 non
719 871 852 925 satis
882 870 973 923 tibi
1002 877 1129 922 sunt
1157 868 1334 937 priora
1368 868 1455 920 illa
1482 907 1500 930 ,
1531 880 1652 920 cum
1684 862 1839 917 dice-

244 968 370 1030 bas,
402 964 664 1031 Propitius
682 972 787 1015 esto
816 962 906 1015 tibi
934 959 1146 1031 (Matth.
1186 960 1272 1013 i6.
1304 956 1423 1027 22),
1450 969 1503 1010 ct
1536 956 1841 1024 inrrcpatus

236 1056 430 1110 fuisti?
452 1054 577 1108 Ideo
608 1052 755 1108 illum
784 1053 981 1107 cadere
1000 1050 1148 1113 sinit,
1168 1051 1430 1105 utdoceat
1454 1048 1598 1102 illum
1627 1061 1844 1115 semper

232 1150 459 1203 (Zbristo
480 1146 728 1211 credere,
752 1161 806 1199 et
833 1146 952 1214 ejus
982 1143 1304 1198 sententiam
1334 1141 1548 1210 propria
1575 1137 1840 1193 sententia

239 1240 537 1293 ﬁrmiorem
562 1247 769 1308 putare.
811 1236 1028 1305 [lt-liqui
1050 1249 1179 1290 vero
1219 1250 1326 1288 non
1356 1248 1544 1304 parum
1576 1230 1782 1285 fructus
1806 1243 1838 1283 ιι

234 1330 524 1401 negatione
562 1329 678 1398 ejus
703 1336 1052 1395 accepiwunt,
1084 1327 1317 1380 humana
1342 1333 1638 1392 conspecta
1690 1322 1842 1375 inlir-

235 1426 426 1477 utiuti:
449 1463 466 1488 ,
503 1424 701 1490 Deique
733 1420 1047 1475 veracitate.
1075 1419 1214 1474 Cum
1243 1418 1392 1473 enim
1441 1416 1531 1470 ille
1562 1414 1840 1483 quidpiam

239 1514 578 1583 pra-dixerit,
606 1529 712 1565 non
745 1512 885 1565 ultra
917 1510 1194 1579 disputare
1226 1515 1465 1578 Oportet,
1522 1520 1696 1575 neque
1743 1504 1841 1557 ad-

235 1619 432 1659 versus
462 1604 661 1657 multos
708 1603 990 1670 insurgere
1017 1620 1029 1655 :
1065 1599 1297 1655 Gloriam
1333 1600 1500 1661 enim,
1530 1598 1701 1666 inquit
1728 1636 1744 1658 ,
1789 1596 1841 1647 in

234 1708 303 1761 te,
338 1706 381 1749 et
412 1713 511 1748 non
543 1697 596 1748 in
624 1696 729 1748 alio
759 1694 963 1748 habebis
994 1692 1136 1763 (Gal.
1182 1690 1236 1746 6.
1270 1693 1348 1762 4).
1382 1690 1518 1745 Cum
1542 1690 1686 1743 enim
1722 1704 1842 1757 pre-

234 1789 470 1843 candum
501 1798 669 1852 esset,
703 1802 768 1842 ac
813 1788 1102 1841 dicendum
1130 1828 1144 1848 ,
1182 1783 1387 1853 Adjuva
1421 1799 1539 1845 nos,
1566 1798 1634 1837 ne
1663 1783 1761 1835 abs
1790 1790 1843 1835 te

236 1880 578 1942 scindantur,
625 1879 715 1934 ille
754 1878 806 1932 itt
856 1894 915 1933 se
961 1878 1219 1944 Conﬁdit,
1268 1888 1321 1931 et
1351 1877 1465 1930 ait:
1496 1873 1609 1928 Etsi
1666 1889 1839 1927 ontnes

234 1973 574 2028 scaudatisati
588 1975 775 2042 fuerint
795 1972 847 2026 in
875 1980 941 2037 te,
971 1988 1062 2041 ego
1080 1982 1246 2024 tamen
1268 1985 1547 2039 numquam
1570 1986 1589 2033 ;
1616 1967 1835 2022 etiamsi

237 2079 430 2119 mitoes
461 2064 512 2117 id
549 2065 838 2133 patiantur,
872 2063 1067 2131 inquit,
1094 2078 1195 2133 ego
1222 2078 1326 2116 non
1354 2063 1523 2131 patiar
1549 2078 1562 2113 :
1593 2059 1737 2129 quod
1780 2058 1842 2113 ilo

241 2157 354 2210 lum
381 2156 449 2210 ad
485 2157 706 2211 nimiam
753 2154 1137 2210 conﬁdentiam
1172 2156 1427 2225 paulatim
1479 2154 1676 2208 evexit.
1729 2148 1844 2207 Hoc

240 2249 540 2317 reprimere
569 2246 813 2302 Christus
833 2249 1039 2310 volens,
1073 2248 1416 2317 negationem
1449 2249 1689 2317 permisit
1715 2247 1838 2315 quia

238 2340 386 2393 enim
418 2354 591 2409 neque
635 2340 850 2394 Christo
901 2354 1078 2409 neque
1120 2351 1397 2410 propncta:
1449 2339 1844 2407 obtemperavit

240 2431 390 2502 (ideo
431 2432 574 2485 enim
614 2431 779 2485 etiam
823 2430 1142 2501 prophetam
1183 2433 1506 2495 induxerat,
1557 2441 1614 2484 ut
1645 2445 1713 2485 ne
1754 2428 1843 2483 ille

240 2522 617 2591 repugnaret),
650 2531 891 2576 attamen
923 2522 1047 2592 quia
1085 2522 1263 2575 verbis
1306 2537 1411 2575 non
1458 2529 1743 2590 potuerat,
1775 2534 1841 2574 ex

239 2611 402 2665 relms
436 2612 567 2681 ipsis
594 2612 859 2667 eruditur.
885 2610 1038 2678 Quod
1070 2623 1246 2665 autem
1278 2612 1397 2665 ideo
1424 2611 1751 2680 permiserit,
1784 2620 1845 2664 ut

244 2700 396 2756 illum
430 2712 612 2771 postea
641 2704 979 2769 emendaret,
1012 2702 1137 2757 audi
1165 2703 1289 2773 quid
1325 2702 1507 2757 dicat:
1532 2702 1643 2772 Ego
1670 2712 1869 2756 autem-

236 2797 414 2866 rogavi
434 2812 527 2866 pro
557 2807 623 2859 te,
653 2808 707 2850 ut
735 2813 835 2851 non
861 2796 1068 2864 deﬁciat
1116 2798 1243 2864 fides
1295 2807 1383 2848 tua
1424 2794 1576 2862 (Luc.
1600 2796 1692 2850 2:2.
1723 2794 1840 2863 52).

241 2885 356 2942 lloc
411 2888 554 2941 enim
612 2888 746 2941 dixit
779 2929 793 2951 ,
828 2898 886 2941 ut
920 2887 1298 2943 vehementius
1344 2888 1492 2942 illum
1553 2896 1797 2959 tangeret
1824 2928 1839 2951 .

239 2981 659 3051 ostenderetque
702 2982 843 3037 illius
892 2982 1103 3052 lapsum
1142 2992 1459 3035 eteterorum
1519 2981 1671 3050 lapsu
1721 2995 1844 3036 esse

240 3073 524 3140 pejorem,
578 3072 877 3143 majorique
924 3073 1126 3127 auxilio
1174 3088 1309 3143 opus
1360 3073 1580 3128 habere.
1634 3072 1840 3143 Duplex

239 3166 383 3217 enim
406 3166 611 3218 crimen
643 3175 780 3227 erat,
811 3177 865 3219 et
909 3166 1051 3235 quod
1078 3166 1489 3231 contradixerit,
1514 3178 1567 3221 et
1600 3164 1742 3236 quod
1783 3179 1845 3221 se

238 3257 359 3311 aliis
400 3258 804 3328 autc-posuerit;
856 3258 1071 3311 tertium
1112 3258 1329 3327 gravius
1381 3258 1557 3320 adest,
1587 3256 1731 3326 quod
1760 3264 1847 3311 to-

242 3360 355 3403 tum
381 3351 483 3404 sibi
513 3351 878 3420 adscripserit.
907 3349 1001 3404 llis
1032 3357 1089 3403 ut
1114 3349 1416 3413 medeatur,
1444 3350 1653 3418 lapsum
1679 3348 1695 3379 ³
1718 3363 1844 3401 eve-

243 3446 362 3497 nire
400 3443 529 3496 x-init
557 3459 572 3503 ;
602 3442 830 3511 ideoque
879 3442 1059 3496 missis
1088 3441 1207 3495 aliis
1230 3484 1243 3506 ,
1294 3441 1471 3511 ipsum
1516 3441 1839 3510 alloquitur:

242 3533 450 3595 Simon,
486 3532 689 3596 Simon,
723 3549 836 3587 ecce
865 3545 1072 3587 satanas
1099 3534 1335 3602 expetivit
1364 3549 1452 3587 vos
1506 3543 1558 3586 ut
1598 3532 1843 3586 cribraret

239 3624 365 3678 sicut
398 3625 620 3678 triticum
654 3623 757 3697 (Ib.
794 3642 839 3678 v.
872 3623 1004 3696 3i);
1040 3624 1091 3679 id
1122 3634 1226 3688 est,
1277 3634 1336 3678 ut
1366 3624 1643 3689 turbaret,
1671 3632 1843 3677 tenta-

242 3723 360 3772 ret:
403 3714 513 3786 Ego
565 3726 731 3771 autem
779 3733 872 3787 pro
902 3727 951 3771 te
998 3716 1195 3787 rogavi,
1230 3727 1282 3769 nt
1312 3734 1412 3769 non
1445 3717 1683 3785 deficeret
1712 3717 1842 3785 ﬁdes

239 3819 345 3862 tua.
382 3811 443 3864 Et
468 3826 583 3871 cur,
614 3811 656 3863 si
686 3826 877 3865 omnes
906 3811 1180 3879 espetivit,
1225 3827 1329 3863 non
1363 3810 1496 3864 dixit
1526 3829 1538 3864 :
1576 3809 1680 3864 Pro
1709 3825 1828 3863 om-

242 3902 399 3957 nibus
433 3902 653 3971 rogavi?
678 3904 867 3956 Annon
912 3902 1083 3971 palam
1110 3911 1215 3967 est,
1265 3901 1494 3971 idipsum
1523 3918 1664 3966 esse,
1695 3902 1839 3971 quod

240 4011 405 4063 supra
433 3996 543 4048 dixi
565 3997 586 4047 ἲ
612 3995 679 4051 Ut
706 3994 913 4048 scilicet
938 3993 1264 4062 perstringat
1298 4009 1421 4047 eum
1444 4034 1458 4058 ,
1506 4002 1560 4048 et
1588 3992 1841 4047 ostendat

239 4089 459 4157 gratius
483 4103 641 4155 quam
670 4096 899 4141 caeteros
928 4086 1135 4156 lapsum
1166 4100 1306 4150 esse,
1340 4085 1405 4138 ad
1435 4086 1582 4139 illmn
1628 4102 1839 4140 sermo-

242 4194 365 4231 nem
393 4176 595 4245 dirigit.
628 4176 691 4231 Et
718 4194 813 4232 cur
842 4194 948 4230 non
978 4176 1135 4240 dixit,
1162 4176 1275 4244 Ego
1295 4193 1399 4229 non
1430 4178 1647 4245 permisi
1676 4219 1689 4239 ,
1718 4176 1838 4241 sed,

240 4272 483 4343 Rogavi?
507 4271 585 4324 Ad
618 4272 924 4340 passionem
956 4272 1151 4333 iturus,
1189 4269 1424 4323 lntmiita-
1461 4270 1699 4340 loquitur
1721 4311 1736 4335 ,
1784 4278 1842 4324 ut

242 4364 633 4418 humanitatem
667 4379 817 4418 suam
849 4364 1209 4418 demonstret.
1256 4362 1386 4417 Nam
1415 4364 1507 4432 qui
1542 4364 1836 4419 Ecclesium

240 4473 408 4527 supra
456 4455 855 4511 confessionem
906 4456 1025 4525 ejus
1067 4456 1349 4511 aediﬁcavit
1377 4496 1392 4521 ,
1446 4457 1724 4527 ipsamque
1770 4459 1840 4511 ita

238 4548 488 4612 munivit,
522 4557 580 4601 ut
611 4563 708 4601 nec
733 4547 879 4601 mille
910 4548 1145 4617 pericula
1172 4588 1185 4610 ,
1218 4563 1317 4601 nec
1348 4548 1496 4602 mille
1527 4558 1731 4603 mortes
1780 4549 1843 4602 il-

241 4643 345 4695 lam
374 4640 586 4711 possint
617 4655 899 4711 superare,
954 4642 1043 4710 qui
1070 4640 1323 4695 caelorum
1355 4640 1454 4709 ipsi
1478 4641 1658 4697 claves
1693 4642 1842 4697 dedit

238 4745 293 4789 et
322 4743 531 4789 tantam
566 4743 910 4803 potestatem,
962 4749 1136 4804 neque
1168 4733 1421 4803 precibus
1443 4720 1514 4788 ad
1545 4733 1663 4788 hare
1705 4750 1842 4804 opus

241 4828 431 4882 habuit
452 4829 654 4896 (neque
680 4828 823 4881 enim
851 4836 979 4883 tunc
1006 4827 1158 4891 dixit,
1190 4826 1389 4897 Ragoci
1411 4845 1429 4893 ;
1476 4826 1570 4883 sed
1601 4843 1721 4882 cum
1754 4844 1850 4881 au-

237 4921 516 4984 ctoritate,
567 4916 869 4987 Ediﬁcabo
900 4919 1183 4975 Ecclesiam
1222 4938 1407 4983 "team,
1436 4952 1442 4959 -
1469 4931 1517 4975 et
1571 4921 1702 4975 dabo
1752 4922 1843 4974 tibi

239 5012 411 5066 claves
441 5010 730 5079 calorum),
757 5010 1030 5081 quomodo
1064 5012 1312 5067 oratione
1338 5028 1475 5082 opus
1499 5012 1753 5077 habebat,
1786 5022 1843 5066 ut

238 5102 583 5158 vacillantem
635 5105 793 5158 unius
845 5104 1079 5159 hominis
1110 5106 1342 5158 :mimam
1397 5106 1841 5175 constringeret?

238 5196 347 5251 Cur
376 5209 511 5265 ergo
538 5196 607 5249 ita
638 5195 889 5266 loquutus
929 5197 1049 5251 est?
1081 5197 1309 5265 Propter
1356 5212 1478 5252 eam
1520 5213 1681 5269 quam
1728 5198 1839 5269 jam

239 5289 352 5347 dixi
394 5304 649 5351 causam,
675 5298 731 5344 et
758 5298 978 5358 propter
1008 5289 1219 5342 illorum
1253 5289 1623 5346 inﬁrmitatem
1652 5311 1663 5345 :
1698 5310 1837 5347 non-

238 5386 367 5437 dum
413 5382 556 5435 enim
588 5396 728 5443 eam,
782 5396 940 5449 quam
986 5380 1233 5449 decebat,
1288 5382 1355 5437 de
1407 5383 1498 5439 illo
1526 5386 1838 5455 opinionem

242 5476 529 5530 habebant.
559 5474 840 5541 Quomodo
864 5490 993 5544 ergo
1016 5475 1224 5545 negavit
1251 5475 1272 5529 ?
1295 5474 1412 5531 Non
1436 5477 1609 5545 dixit,
1638 5478 1709 5534 Ut
1734 5496 1838 5533 non

238 5586 404 5640 neges
428 5611 445 5635 ,
502 5570 621 5633 sed,
668 5568 734 5623 Ut
783 5585 886 5622 non
917 5569 1132 5623 deﬁciat
1166 5570 1298 5624 ﬁdes
1326 5612 1340 5635 ,
1394 5579 1454 5625 ut
1484 5588 1588 5626 non
1620 5574 1842 5627 omnino

242 5671 445 5731 pereat.
496 5658 642 5716 Illius
689 5662 830 5716 enim
876 5679 1001 5715 cura
1037 5661 1088 5714 id
1116 5661 1315 5717 factum
1342 5675 1425 5718 est
1460 5683 1472 5717 :
1512 5681 1635 5721 nam
1666 5678 1840 5721 metus

306 5836 323 5869 ⁸
362 5836 500 5887 Alias
520 5837 722 5901 legitur,
746 5840 1061 5900 negationem,
1092 5854 1193 5901 pro,
1224 5842 1427 5902 lapsum.

566 5918 837 5977 PATROL.
884 5912 1001 5973 (in.
1060 5916 1132 5972 l.\
1161 5920 1267 5974 Ill.

1172 381 1235 436 IN
1276 377 1687 436 ΜΛΤΤΙΙᾸΞΠΜ
1725 376 1957 432 ιιυιιιιι.
2000 377 2264 437 LXXXII.
2303 382 2379 439 al.
2421 384 2707 441 LXXXIII.

3448 390 3552 447 712

1951 496 2132 550 omnia
2171 498 2334 567 cjecit
2369 517 2381 552 :
2412 500 2603 570 ingens
2644 503 2788 557 enim
2818 511 2972 570 emt;
3008 505 3197 576 ingens
3240 523 3370 564 tero
3407 506 3503 563 fuit
3540 551 3554 576 ,

1948 586 2072 655 quia
2108 589 2309 644 auxilio
2358 606 2459 645 suo
2493 595 2634 648 Deus
2670 595 2820 650 illum
2848 595 3142 651 admodum
3175 598 3432 653 nudavit:
3461 601 3557 655 ad.

1947 680 2167 734 modum
2197 698 2327 739 vero
2349 686 2589 751 nudavit,
2628 687 2753 757 quia
2791 690 3087 745 vehemens
3119 690 3169 745 in
3200 690 3291 745 illo
3337 693 3558 748 morluis

1955 783 2072 827 erat
2097 776 2420 843 arrogantia:
2450 787 2505 832 et
2533 780 3007 836 contradictionis.
3035 780 3105 839 Ut
3131 798 3261 854 ergo
3298 785 3557 839 radicitus

1950 862 2092 919 hunc
2115 869 2364 925 morbum
2394 873 2616 929 tolleret
2641 916 2655 937 ,
2688 875 2810 932 ideo
2843 877 3086 949 permisit
3115 886 3173 930 ut
3199 878 3348 933 illum
3379 891 3559 938 terror

1950 958 2251 1016 invaderet.
2294 964 2428 1032 Quia
2469 969 2616 1023 enim
2660 969 2955 1025 vehemens
2986 972 3036 1024 in
3072 970 3163 1025 illo
3221 972 3305 1026 bie
3332 976 3555 1029 morbus

1949 1063 2086 1121 erat,
2115 1069 2223 1108 non
2251 1056 2413 1112 modo
2441 1068 2499 1115 et
2544 1063 2822 1131 prophetae
2850 1075 2904 1118 et
2934 1063 3150 1120 Christo
3180 1068 3513 1125 contradixit
3536 1113 3552 1139 ,

1947 1148 2043 1205 sed
2092 1150 2253 1205 etiam
2306 1163 2493 1222 postea
2524 1168 2647 1209 cum
2691 1154 2936 1213 Christus
2973 1158 3223 1226 dixisset,
3259 1160 3347 1215 51.
3393 1162 3556 1217 Amen

1949 1243 2066 1297 dico
2093 1243 2447 1313 tibi,qnonlam
2475 1245 2573 1299 hac
2600 1258 2747 1302 nocte
2771 1291 2783 1311 ,
2835 1261 3111 1321 antequam
3138 1252 3312 1325 gallus
3340 1265 3508 1309 cantet
3536 1298 3552 1323 ,

1949 1345 2024 1390 ter
2050 1353 2130 1391 me
2169 1340 2396 1408 negabis,
2428 1337 2709 1408 respoodit
2735 1359 2748 1395 :
2778 1342 2869 1399 35.
2917 1342 3138 1399 Etiamsi
3166 1348 3447 1416 oportuerit
3480 1366 3559 1403 me

1950 1430 2082 1482 mori
2110 1439 2294 1493 tecum,
2324 1450 2424 1487 non
2453 1444 2501 1487 te
2530 1435 2743 1505 negabo.
2799 1434 2972 1491 Lucas
3002 1436 3156 1507 (Cap.
3186 1436 3276 1491 2‘2.
3309 1437 3403 1509 5i)
3429 1454 3557 1493 vero

1948 1525 2115 1583 addit.
2157 1538 2357 1595 quanto
2388 1528 2559 1597 magis
2601 1527 2852 1583 Christus
2902 1530 3156 1600 negabat,
3209 1540 3358 1585 tanto
3389 1530 3559 1602 magis

1946 1616 2163 1672 Petrum
2187 1628 2373 1674 contra
2396 1620 2757 1676 contendisse.
2789 1621 2927 1688 Quid
2952 1625 3055 1678 boc
3074 1632 3177 1689 est,
3207 1622 3408 1679 Petre?
3437 1638 3560 1679 cum

1952 1713 2192 1773 dicebat,
2221 1710 2365 1768 Unus
2396 1722 2617 1767 vestrum
2661 1732 2740 1768 me
2760 1706 3046 1771 traditurus
3074 1727 3168 1779 est,
3204 1717 3436 1773 timebas
3488 1734 3557 1772 ne

1950 1815 2004 1858 tu
2058 1806 2173 1875 ipse
2225 1807 2468 1877 proditor
2496 1822 2671 1872 esses,
2703 1819 2761 1863 et
2810 1808 3247 1879 condiscipulum
3291 1808 3559 1863 sciscitari

1946 1902 2201 1969 cugebas,
2228 1903 2354 1957 licet
2402 1902 2534 1956 nibil
2566 1900 2759 1956 horum
2791 1901 2885 1956 tibi
2918 1901 3168 1957 conscius
3197 1915 3382 1963 esses;
3415 1916 3559 1955 ninic

1948 2002 2125 2047 autem
2156 1994 2273 2065 ipso
2294 1996 2441 2051 clare
2470 1995 2740 2051 clamante
2767 2009 2832 2050 ac
2850 1994 3089 2060 dicente,
3124 1994 3313 2049 Omnes
3338 1999 3562 2049 scanda-

1950 2084 2251 2150 lizabimini,
2276 2087 2622 2152 contradicis,
2658 2104 2758 2144 nec
2783 2088 2951 2144 semel
2984 2097 3192 2143 tantum
3210 2129 3225 2154 ,
3251 2087 3346 2143 sed
3390 2087 3474 2142 bis
3502 2100 3558 2142 et

1949 2178 2187 2251 pluries?
2219 2177 2332 2233 lloe
2356 2179 2559 2250 quippe
2589 2180 2722 2237 dicit
2746 2179 2943 2237 Lucas.
2978 2180 3133 2236 Unde
3163 2197 3294 2252 ergo
3318 2181 3421 2235 boc
3453 2181 3554 2249 ipsi

1947 2271 2219 2342 contigit?
2268 2269 2349 2327 Ex
2403 2274 2571 2327 multa
2618 2275 2868 2342 caritate,
2925 2290 2992 2330 ex
3051 2274 3217 2329 multa
3264 2273 3562 2342 voluptate.

1948 2373 2239 2439 Postquam
2269 2375 2415 2425 enim
2446 2370 2539 2425 illo
2573 2381 2781 2428 terrore
2810 2373 3075 2427 liberatus
3124 2371 3246 2437 fuit,
3277 2387 3344 2425 ne
3376 2369 3563 2439 prodi-

1946 2478 2034 2523 tor
2055 2464 2171 2532 ipse
2192 2475 2358 2531 esset,
2393 2473 2449 2520 et
2476 2466 2810 2535 proditorem
2863 2465 3032 2531 novit,
3070 2481 3192 2520 cum
3222 2463 3549 2520 conﬁdentia

1953 2566 2139 2628 postea
2170 2557 2505 2626 loquebatur,
2530 2566 2586 2611 ct
2605 2569 2796 2613 eontra
2824 2557 2957 2613 alios
2995 2557 3513 2628 insurgebatdicens
3544 2574 3559 2612 :

1955 2650 2064 2703 I'Itsi
2090 2667 2261 2704 omnes
2292 2649 2634 2704 scandalizati
2655 2651 2868 2721 fuerint,
2902 2667 2994 2720 ego
3021 2668 3121 2705 non
3149 2650 3562 2705 scandalizobor.

1948 2741 2062 2797 lino
2091 2744 2289 2815 aliquid
2316 2743 2628 2798 ambitionis
2657 2742 2743 2798 hic
2760 2753 2878 2798 erat
2903 2761 2917 2809 ;
2949 2759 3072 2798 nam
3100 2754 3154 2798 et
3180 2743 3230 2796 in
3260 2757 3414 2799 cmna
3441 2742 3564 2812 quis

1948 2834 2135 2890 eorum
2164 2837 2335 2907 major
2362 2850 2507 2894 esset
2537 2838 2946 2909 disceptabant;
2979 2838 3051 2894 ita
3086 2837 3208 2893 illos
3230 2836 3316 2892 hic
3338 2839 3565 2894 morbus

1948 2926 2275 2997 exagitabat.
2311 2929 2517 2984 Idcirco
2564 2930 2713 2984 illum
2744 2931 3011 2995 cohibuit,
3061 2930 3265 2985 nonad
3316 2930 3565 3002 negatio-

1949 3033 2070 3074 nem
2105 3018 2431 3090 impellens;
2462 3020 2643 3086 absit;
2692 3019 2789 3076 sed
2818 3021 3026 3076 auxilio
3070 3036 3172 3077 suo
3215 3037 3443 3077 vacuum
3474 3038 3561 3079 re-

1950 3112 2220 3182 linquens,
2254 3114 2611 3184 bumana-que
2654 3125 2865 3173 natura:
2913 3115 3290 3171 inﬁrmitatem
3343 3117 3564 3173 demon-

1949 3217 2152 3263 strans.
2185 3207 2322 3263 Vide
2370 3217 2555 3262 autem
2598 3209 2878 3280 quomodo
2930 3222 3055 3281 post
3118 3210 3238 3268 ba‘e
3292 3212 3565 3267 demissus

1950 3296 2126 3350 fuerit.
2164 3296 2298 3352 Nam
2331 3308 2456 3369 post
2483 3302 2968 3371 resurrectionem,
3010 3302 3230 3373 quando
3255 3300 3422 3370 dixit,
3460 3304 3565 3364 llic

1948 3398 2116 3442 autem
2144 3391 2271 3460 quid
2302 3388 2483 3463 (Joau.
2511 3394 2601 3450 21.
2632 3393 2727 3465 31)
2750 3394 2774 3449 ?
2818 3404 2872 3449 et
2899 3408 3186 3465 repressus
3207 3404 3312 3461 est,
3344 3412 3411 3451 ne
3432 3412 3567 3452 con-

1951 3482 2215 3555 tradicere
2245 3486 2464 3556 quidem
2512 3501 2677 3542 ausus
2716 3497 2821 3554 est,
2847 3498 2906 3543 ut
2934 3486 3042 3553 hic,
3072 3486 3170 3542 sed
3201 3491 3388 3543 tacuit.
3418 3489 3562 3543 Rur-

1949 3595 2150 3648 susque
2178 3591 2301 3651 post
2328 3582 2781 3637 resurrectionem
2825 3596 2951 3636 cum
3000 3579 3173 3647 audit,
3209 3577 3335 3635 Non
3362 3593 3437 3637 est
3481 3600 3563 3639 ve-

1950 3682 2115 3725 strum
2137 3690 2285 3728 nosse
2310 3684 2543 3743 tempora
2580 3673 2660 3728 vel
2704 3683 2961 3728 momenta
2983 3672 3120 3743 (Act.
3158 3672 3210 3727 1.
3244 3671 3323 3743 7),
3375 3688 3564 3729 rursus

1950 3772 2135 3839 tacuit,
2157 3790 2254 3829 nec
2280 3773 2621 3830 contradicit.
2640 3770 2953 3842 Deindeque
2978 3772 3029 3825 in
3059 3771 3341 3826 omnaeulo
3368 3780 3426 3826 et
3446 3775 3565 3827 sin-

1949 3869 2092 3925 done
2114 3886 2237 3927 cum
2268 3870 2512 3925 audisset
2542 3883 2731 3925 vocem
2779 3867 3052 3923 dicentem
3096 3866 3222 3933 sibi,
3261 3866 3392 3931 Ome
3423 3868 3564 3924 Deus

1951 3964 2244 4033 part/icavit
2270 4004 2285 4029 ,
2337 3972 2392 4016 tn
2434 3962 2727 4015 communia
2776 3976 2839 4014 ne
2878 3959 3070 4013 dixeris
3112 3957 3236 4029 (Ib.
3289 3959 3378 4013 10.
3430 3961 3556 4031 15),

1948 4074 2071 4112 cum
2116 4072 2223 4113 non
2277 4058 2423 4112 clare
2451 4056 2618 4111 sciret
2639 4053 2770 4125 quid
2793 4052 2897 4108 sibi
2929 4053 3095 4108 vellet
3123 4038 3280 4120 illud,
3314 4053 3559 4124 quievit,

1949 4166 2121 4220 neque
2149 4148 2451 4204 contendit.

2019 4245 2075 4299 4.
2125 4241 2373 4297 Voluntas
2399 4241 2509 4295 sine
2535 4240 2702 4312 gratia
2734 4256 2834 4293 non
2867 4240 3001 4310 agit,
3036 4249 3209 4294 utnec
3244 4240 3413 4310 gratia
3452 4240 3562 4294 sine

1946 4336 2220 4389 voluntate.
2267 4332 2529 4387 Christum
2567 4331 2765 4385 edimus
2815 4330 2869 4383 in
2922 4329 3270 4385 Eucltaristia.
3324 4361 3393 4371 --
3438 4332 3562 4386 Hice

1951 4441 2113 4496 porro
2148 4424 2327 4478 omnia
2357 4424 2539 4491 lapsus
2573 4422 2662 4477 ille
2686 4431 2941 4491 operatus
2963 4422 3280 4476 luit.‘Antea
3310 4438 3439 4477 vero
3476 4437 3558 4479 to-

1950 4528 2059 4572 tum
2109 4516 2210 4572 sibi
2249 4516 2528 4581 adscribit,
2567 4516 2755 4569 dicens
2798 4533 2809 4567 :
2845 4514 2956 4567 Etsi
3004 4532 3179 4569 onmes
3222 4518 3560 4573 scandalizati

1949 4612 2174 4679 fuerint,
2206 4626 2296 4681 ego
2335 4626 2438 4662 nou
2484 4606 2894 4661 scaudalizubor.
2928 4607 3142 4661 Etiamsi
3171 4612 3454 4679 oportuerit
3481 4628 3561 4664 me

1950 4703 2079 4756 mori
2101 4714 2286 4769 tecum,
2303 4719 2403 4754 non
2426 4713 2473 4754 te
2502 4702 2696 4771 negabo
2718 4716 2735 4762 ;
2761 4715 2883 4754 cum
2907 4700 3088 4756 dicere
3114 4706 3464 4773 oportuisset,
3501 4706 3557 4760 Si

1949 4797 2114 4865 gratia
2159 4805 2245 4847 tua
2295 4794 2468 4857 fruar;
2518 4804 2705 4849 contra
2755 4809 2882 4849 vero
2926 4805 3106 4862 postea
3156 4797 3235 4850 sic
3276 4796 3557 4869 loquitur:

1954 4888 2090 4954 Quid
2120 4888 2261 4941 nobis
2282 4888 2564 4950 attenditis,
2595 4888 2742 4957 quasi
2775 4889 2983 4957 propria
3012 4889 3198 4943 virtute
3226 4893 3301 4945 vel
3332 4892 3516 4960 pietate
3542 4897 3555 4925 ¹

1949 4980 2217 5049 fecerimus
2262 4980 2394 5032 hunc
2439 4979 2703 5033 ambulare
2734 4979 2887 5051 (Act.
2919 4980 2966 5033 ’5.
3002 4980 3071 5035 12
3094 4982 3157 5051 )?
3192 4983 3439 5053 Magnum
3474 4986 3561 5041 hic

1949 5072 2140 5141 dogma
2160 5071 2476 5142 accipimus,
2497 5089 2601 5127 non
2625 5072 2876 5127 sufﬁcere
2894 5072 3127 5131 hominis
3152 5075 3441 5146 fervorem,
3458 5080 3558 5134 nisi

1950 5180 2181 5236 superna
2214 5165 2351 5218 adsit
2399 5166 2605 5236 gratia;
2654 5166 2892 5235 itemque
2932 5168 3066 5222 nihil
3113 5182 3211 5222 nos
3244 5183 3274 5222 a
3324 5184 3556 5241 superna

1949 5261 2334 5332 gratiajnvari,
2386 5261 2486 5315 nisi
2532 5261 2825 5315 voluntatis
2864 5261 3298 5334 studiontadsit.
3346 5264 3415 5320 Et
3444 5266 3560 5321 haec

1950 5358 2109 5411 :unbo
2133 5357 2427 5410 ostendunt
2453 5355 2619 5411 Jodas
2644 5367 2698 5411 et
2736 5355 2930 5410 Petrus
2963 5372 2976 5408 :
3009 5356 3096 5411 ille
3123 5372 3357 5429 namque
3393 5360 3559 5414 multo

1952 5451 2113 5504 fultus
2137 5450 2359 5513 auxilio,
2394 5449 2524 5503 nihil
2552 5448 2675 5503 hinc
2700 5447 2906 5503 fructus
2935 5450 3194 5519 percepit,
3226 5453 3348 5522 quia
3368 5453 3554 5516 noluit,

1952 5557 2054 5597 nec
2080 5558 2173 5596 sua
2203 5542 2460 5607 contulit;
2507 5541 2595 5597 hic
2624 5558 2752 5597 vero
2774 5558 2895 5597 cum
2932 5534 3212 5612 preposito
3244 5546 3552 5611 voluntatis,

1950 5636 2073 5704 quia
2100 5636 2245 5689 nullo
2266 5636 2427 5690 fultus
2458 5647 2572 5690 erat
2598 5637 2820 5701 auxilio,
2857 5637 3037 5705 lapsus
3068 5646 3171 5691 est.
3204 5637 3337 5692 Nam
3368 5654 3432 5693 ex
3467 5637 3556 5692 bis

1950 5728 2158 5783 duobus
2186 5730 2354 5781 virtus
2374 5728 2701 5784 contexitur.
2738 5728 3077 5799 Quapropter
3107 5745 3256 5800 rogo,
3288 5745 3355 5785 ne
3377 5729 3557 5785 omnia

2020 5845 2034 5873 ι
2062 5840 2176 5903 Alii,
2204 5842 2276 5893 vel
2310 5849 2552 5905 potestate.
3122 5914 3193 5970 18
