4050 6444
532 385 650 444 τῖοῑπ

542 504 609 559 ad
639 505 802 559 Deum
829 502 1177 563 remittentes,
1197 500 1544 564 dormiamus,
1570 514 1702 553 neve
1721 512 1880 566 agere
1906 494 2124 551 studen-

545 605 643 659 trs,
674 604 917 664 putemus
965 608 1062 647 nos
1105 593 1332 661 propriis
1373 591 1642 646 laboribus
1684 600 1852 645 totum
1899 591 2124 644 l':.etnros

541 703 681 743 esse.
712 686 895 754 Neque
938 687 1082 742 enim
1118 701 1218 740 nos
1253 687 1473 758 supinos
1503 701 1624 739 esse
1650 685 1756 737 vult
1792 685 1948 738 Deus.
2001 681 2124 736 Ideo

543 794 644 833 non
678 787 844 832 totum
875 780 988 847 ipse
1037 777 1279 847 perlicit,
1328 792 1500 846 neque
1531 777 1640 829 vult
1671 791 1770 829 nos
1815 783 2123 841 arrogantes

539 884 676 924 esse.
701 869 1359 938 Quapropter.nontotntn
1381 867 1532 922 nobis
1555 867 1722 929 dedit,
1751 865 1842 934 sed
1875 867 2122 934 utrinque

540 975 730 1014 noxam
767 961 1042 1022 auferens,
1083 959 1224 1029 quod
1278 967 1394 1013 erat
1450 959 1580 1014 utile
1629 957 1860 1026 reliquit.
1922 957 2123 1010 Idcirco

539 1051 880 1121 corypbazmn
912 1050 1106 1104 cadere
1135 1050 1414 1119 permisit,
1451 1059 1510 1104 ut
1540 1049 1687 1104 illum
1715 1048 2121 1102 moderatiorem

541 1143 808 1199 redderet.
858 1142 1006 1197 clad
1057 1139 1312 1205 majorem
1363 1146 1635 1194 caritatem
1688 1136 2124 1194 indueeret:Cu~i

537 1233 690 1294 enim,
723 1231 1052 1301 inquit,,plns
1077 1231 1533 1300 remiumntfuerit,
1550 1231 1593 1283 ia
1610 1231 1767 1301 magis
1778 1229 1950 1300 diliget
1967 1228 2117 1296 (an.

539 1326 592 1379 7.
623 1323 735 1396 47).
770 1324 876 1376 lico
902 1323 1060 1391 igitur
1089 1323 1283 1390 ubique
1311 1323 1697 1388 obsequantur;
1732 1336 1830 1375 nee
1855 1337 1953 1373 eot.
1983 1320 2123 1373 radi-

538 1431 722 1471 eamus
748 1414 820 1477 ei,
853 1413 1065 1468 etiamsi
1091 1412 1138 1465 id
1169 1413 1309 1482 quod
1339 1412 1487 1476 dicit,
1517 1412 1707 1466 rationi
1734 1421 1786 1466 et
1818 1411 2118 1482 intelligen—

539 1507 625 1560 tia:
651 1515 846 1559 nostra:
875 1502 1198 1557 contrarium
1231 1502 1473 1556 videatur
1503 1520 1517 1556 :
1547 1503 1640 1556 sed
1674 1503 1962 1572 prmvaleat
2006 1501 2120 1571 ejus

538 1612 716 1652 sermo
744 1596 934 1650 rationi
980 1605 1034 1649 et
1079 1595 1441 1664 intelligentiae
1491 1601 1710 1647 nostraz.
1741 1591 1831 1648 Sic
1855 1595 2016 1648 etiam
2067 1595 2118 1647 in

537 1690 806 1761 mysteriis
838 1688 1113 1751 faciamus,
1150 1703 1254 1740 non
1294 1702 1357 1740 ea
1389 1685 1562 1740 solum
1590 1702 1710 1757 qum
1754 1687 1855 1740 sub
1900 1701 2117 1742 sensum

536 1781 728 1836 cadunt
757 1780 1125 1848 reSpieienles,
1173 1777 1266 1832 sed
1308 1777 1468 1832 verba
1499 1779 1614 1846 ejus
1652 1777 1960 1834 retinentes.
1992 1776 2120 1832 Ver-

535 1874 660 1928 bum
689 1875 881 1944 quippe
905 1873 1020 1941 ejus
1068 1871 1252 1925 fallere
1291 1871 1507 1939 nequit;
1545 1884 1738 1925 sensus
1786 1885 1912 1924 vero
1941 1879 2122 1924 noster

537 1965 690 2020 facile
712 1964 990 2032 decipitur.
1017 1961 1250 2017 Verbum
1273 1961 1388 2029 ejus
1409 1976 1692 2030 numquam
1724 1960 1952 2026 excidit;
1995 1976 2119 2016 sen-

534 2071 626 2111 sus
653 2071 780 2109 vero
807 2068 948 2122 szepe
974 2051 1192 2105 fallitur.
1238 2051 1499 2119 Quoniam
1533 2065 1660 2104 vero
1700 2051 1786 2105 ille
1816 2051 1969 2115 dixit,
2007 2051 2120 2104 Hoc

535 2156 808 2214 cst-corpus
839 2160 1024 2209 meum,
1054 2143 1506 2210 obtentperemus,
1535 2141 1837 2207 credamus,
1877 2152 1928 2196 ct
1953 2143 2110 2211 Spiri-

537 2239 765 2293 tnalibus
795 2238 961 2290 oculis
984 2238 1154 2306 ipsum
1185 2235 1550 2300 reSpiciamus.
1598 2233 1737 2288 Nihil
1776 2235 1918 2288 enim
1945 2237 2119 2290 sensi-

536 2331 639 2384 bile
667 2329 821 2384 nubis
841 2329 1084 2382 Christus
1105 2327 1248 2381 dedit
1270 2343 1284 2388 ;
1310 2326 1402 2379 sed
1427 2325 1584 2378 rebus
1596 2325 1754 2378 etiam
1779 2325 2119 2381 seusibilibus

533 2421 710 2474 omnia
734 2427 858 2475 sunt
894 2417 1209 2486 Spiritnalia.
1243 2417 1331 2469 Sic
1360 2415 1504 2469 enim
1549 2423 1608 2469 et
1643 2416 1692 2468 iu
1721 2415 1988 2484 baptismo
2026 2432 2122 2486 per

534 2526 644 2565 rem
667 2509 917 2571 sensilem
943 2509 1140 2562 donum
1171 2521 1322 2574 aquae
1345 2504 1678 2570 conceditur,
1705 2505 1846 2575 quod
1891 2507 2121 2562 ellieitnr

535 2602 810 2672 spiritualc
833 2610 934 2664 est,
973 2597 1249 2667 generatio
1278 2606 1332 2651 et
1362 2596 1697 2664 regeneratio
1715 2639 1730 2660 ,
1762 2596 1875 2651 sive
1897 2612 2121 2652 renova-

537 2698 630 2750 tio.
649 2694 779 2750 Natn
812 2693 853 2748 si
881 2693 1224 2758 im-orporeus
1247 2702 1414 2747 esses.
1441 2686 1587 2740 nuda
1621 2685 1714 2739 tibi
1751 2687 1837 2740 illa
1862 2695 1913 2739 et
1941 2688 2117 2740 incor-

536 2800 693 2854 porea
721 2784 858 2837 dona
889 2781 1191 2840 tribuisset;
1221 2777 1313 2830 sed
1338 2777 1460 2845 quia
1486 2777 1697 2845 corpori
1722 2776 2003 2845 conjuncta
2033 2788 2116 2831 est

533 2874 727 2933 anima.
759 2876 808 2927 in
841 2871 1179 2927 sensibilibus
1221 2867 1516 2935 spiritualia
1550 2867 1642 2920 tibi
1692 2868 1931 2936 largitur.
1969 2867 2113 2936 Quot

534 2968 764 3038 suntqui
797 2965 953 3020 modo
992 2963 1193 3024 dicunt,
1232 2960 1434 3016 Vellem
1478 2960 1592 3028 ejus
1615 2961 1837 3015 fortnam
1859 3001 1872 3022 ,
1907 2970 2113 3031 typum,

534 3060 870 3120 vestimenta,
919 3056 1281 3110 calceantcnta
1327 3050 1548 3104 videre?
1578 3051 1711 3105 Ecce
1757 3051 1903 3105 illum
1943 3050 2112 3115 vides,

537 3153 707 3222 ipsum
738 3149 930 3218 tangis,
977 3145 1150 3214 ipsum
1187 3141 1444 3197 comedis.
1497 3140 1565 3195 Et
1609 3151 1663 3194 tu
1711 3141 1921 3209 quidem
1950 3142 2113 3195 vesti-

537 3251 710 3300 menta
736 3240 914 3294 videre
940 3237 1088 3306 cupis
1119 3255 1131 3291 :
1164 3235 1276 3304 ipse
1318 3248 1444 3286 vero
1486 3233 1719 3300 seipsnm
1749 3231 1838 3285 tibi
1871 3232 1981 3295 dat,
2008 3247 2113 3286 non

535 3333 817 3392 videndum
849 3331 1026 3394 ιιιυιιυ,
1055 3329 1150 3397 sed
1182 3325 1504 3396 langenduut
1528 3365 1542 3389 ,
1572 3322 1964 3378 comedendum
1988 3363 2003 3387 ,
2036 3324 2118 3376 in-

533 3440 618 3482 tus
658 3423 1042 3493 accipiendum.
1092 3419 1259 3474 Nemo
1318 3417 1495 3485 itaque
1543 3429 1808 3470 nauseans
1857 3415 2111 3479 accedat,

536 3534 693 3574 nemo
722 3516 995 3576 remissus,
1021 3526 1211 3566 onmes
1245 3509 1517 3566 ardentes.
1543 3523 1732 3562 omnes
1767 3506 2036 3561 ferventes
2061 3517 2114 3560 et

531 3611 765 3667 excitati.
796 3608 923 3662 Nam
951 3607 992 3660 si
1024 3604 1191 3659 Judrei
1223 3610 1445 3662 stantes,
1474 3601 1718 3662 calceati,
1754 3599 1973 3653 baculus
2004 3617 2114 3652 ma-

532 3703 689 3759 nibus
719 3710 982 3764 tenentes,
1014 3712 1134 3750 eum
1170 3694 1513 3748 festinatione
1537 3690 1912 3755 eomedebant,
1945 3690 2114 3746 multo

533 3794 700 3864 magis
749 3802 800 3846 te
849 3790 1067 3860 vigilare
1095 3793 1324 3855 oportet.
1378 3781 1457 3836 llli
1502 3783 1645 3836 enim
1677 3783 1727 3836 in
1777 3781 2108 3836 Palmstinam

532 3887 652 3941 ituri
680 3891 850 3947 erant,
900 3880 1124 3950 ideoque
1170 3878 1432 3930 viatorum
1474 3873 1673 3929 cultum
1717 3873 2022 3938 habebant;
2055 3885 2108 3927 tu

531 3992 660 4033 vero
681 3980 731 4029 in
759 3975 946 4029 cmlum
978 3972 1297 4041 migraturus
1319 3982 1396 4024 es.

603 4069 655 4124 5.
697 4066 920 4137 Indigna
957 4063 1239 4118 communio
1277 4068 1520 4129 quantum
1573 4059 1782 4112 malum.
1823 4057 2024 4110 Caritas
2067 4067 2113 4110 et

531 4160 900 4231 magniﬁcentia
952 4154 1140 4208 Citriin
1185 4153 1236 4204 in
1290 4149 1634 4204 Eucltaristia.
1665 4149 2114 4214 —Quamobrem

534 4260 748 4320 oportet
785 4261 998 4315 setnper
1024 4243 1280 4312 vigilare:
1314 4258 1417 4296 non
1450 4256 1671 4310 parvum
1702 4241 1844 4294 enim
1874 4239 2112 4292 imminet

527 4341 845 4412 supplicium
866 4339 929 4391 iis
956 4337 1043 4406 qui
1076 4336 1288 4404 indigne
1313 4333 1724 4387 conmtunicant.
1745 4331 1926 4400 Cogita
1942 4344 2113 4398 quan.

530 4446 640 4489 tum
673 4442 857 4488 contra
890 4429 1211 4499 proditorem
1242 4425 1529 4495 indignaris
1552 4465 1565 4487 ,
1601 4431 1654 4477 et
1684 4431 1866 4477 contra
1899 4437 1992 4478 eos
2021 4423 2109 4493 qui

527 4526 799 4582 Clu-istum
831 4521 1231 4576 erucilixerunt.
1264 4516 1407 4571 Cave
1451 4530 1578 4585 ergo
1599 4557 1612 4577 ,
1647 4530 1712 4568 ne
1759 4523 1811 4566 tu
1845 4514 1958 4584 ipse
1989 4528 2112 4568 reus

533 4619 606 4670 sis
637 4615 876 4684 corporis
918 4621 973 4666 et
1014 4607 1286 4679 sanguinis
1322 4605 1539 4660 Christi.
1571 4605 1648 4658 llli
1675 4618 1884 4658 sacrum
1916 4618 2112 4673 corpus

537 4707 887 4766 trucidarunt.
920 4716 973 4758 tu
1002 4713 1120 4772 post
1147 4711 1220 4755 tot
1257 4699 1511 4754 beneficia
1543 4713 1663 4752 cum
1701 4695 1912 4750 sordida
1937 4697 2109 4750 susci-

540 4802 621 4870 pis
640 4797 840 4852 anima.
867 4794 1047 4865 Neque
1085 4795 1226 4848 enim
1271 4791 1400 4845 satis
1446 4790 1624 4844 halmit
1665 4787 1930 4841 hominem
1973 4788 2106 4851 tiet-i,

533 4892 704 4962 alapis
729 4889 883 4950 eaadi,
913 4887 1194 4948 immolari,
1213 4884 1307 4940 sed
1335 4885 1568 4954 seipsnm
1599 4882 1908 4936 commiscet
1935 4881 2112 4935 nobis-

535 5001 658 5040 eum
683 5025 700 5052 ,
733 4999 837 5038 non
868 4981 969 5035 [ide
999 4988 1200 5033 tantum
1227 5020 1240 5042 ,
1268 4977 1358 5032 sed
1401 4978 1571 5045 reipsa
1596 4989 1692 5028 nos
1730 4990 1928 5043 corpus
1956 4988 2109 5026 suum

539 5075 835 5132 constituit.
851 5074 1056 5141 Quanta
1072 5085 1198 5139 ergo
1215 5070 1438 5137 puritate
1454 5074 1725 5137 oporteret
1749 5082 1869 5120 eum
1889 5078 2005 5118 esse
2021 5064 2110 5130 qui

545 5171 644 5222 hoc
672 5167 862 5220 fruitur
887 5161 1194 5219 sacrificio?
1232 5168 1429 5229 quanto
1455 5157 1617 5211 radiis
1641 5157 1904 5210 solaribns
1933 5155 2115 5225 punio-

543 5275 654 5314 rem
679 5273 800 5312 es~e
827 5263 1096 5326 oporteret
1135 5265 1350 5306 manum
1394 5250 1554 5309 illam.
1587 5263 1705 5318 qua:
1737 5247 1872 5301 hanc
1895 5261 2108 5300 carnem

534 5358 702 5410 secat,
734 5365 793 5401 os
820 5349 957 5417 quod
999 5343 1257 5414 spirituali
1291 5341 1524 5410 repletur
1555 5341 1703 5409 igne,
1746 5339 1976 5408 linguam
2008 5345 2112 5391 tre-

541 5445 737 5501 mendo
757 5443 1010 5513 sanguine.
1039 5438 1289 5494 tinctam?
1309 5436 1490 5505 Cogita
1523 5443 1776 5503 quantum
1801 5432 2020 5499 adeptus
2041 5429 2114 5482 sis

543 5535 842 5594 honorem?
871 5549 970 5603 qua
1002 5531 1194 5586 fruaris
1233 5525 1460 5581 mensa?
1487 5521 1638 5592 Quod
1677 5522 1849 5591 angeli
1882 5530 2115 5577 tremunt

539 5631 800 5694 videntes,
833 5641 928 5679 ure
958 5625 1072 5678 sine
1100 5631 1242 5675 metu
1260 5618 1522 5688 reapicere
1543 5613 1825 5668 audcntub
1851 5611 2112 5681 fulgorem

545 5724 667 5778 inde.
696 5727 1025 5780 manantem,
1049 5731 1113 5765 cu
1145 5729 1241 5766 nos
1267 5713 1476 5775 alimur,
1511 5708 1632 5762 ltnie
1661 5706 2073 5761 commiscemur
2095 5746 2109 5767 ,

543 5819 767 5886 lattiqtte
813 5825 988 5866 sumus
1046 5804 1241 5860 Christi
1295 5818 1452 5857 ttttlttn
1510 5817 1702 5864 corpus
1753 5810 1800 5852 et
1843 5814 1939 5853 ulla
1969 5813 2111 5849 caro.

1253 386 1309 441 S.
1349 383 1626 441 JOANle
1662 379 2136 438 CHRYSOSTOMI
2174 381 2489 440 ARtZHlEl‘.
2531 383 3061 447 CONSTANTINOP.

3716 398 3822 456 τιι

2241 495 2368 563 Qui:
2397 497 2625 566 loquetur
2647 505 2895 568 potentias
2933 505 3187 561 Domini!
3225 507 3426 563 auditas
3462 511 3617 582 faciet
3647 531 3824 569 om"

2232 587 2409 641 laudes
2426 590 2534 658 ejus
2561 594 2579 660 (
2612 591 2755 646 Paul.
2785 595 2908 649 103.
2938 595 3053 664 9.)?
3077 596 3208 662 Quis
3237 609 3417 667 pastor
3459 605 3690 673 propriis
3719 605 3821 660 sibi

2232 681 2486 736 membris
2511 697 2641 738 oves
2660 687 2866 739 nutrit?
2893 687 3093 758 Ecquid
3124 699 3391 760 pastorem
3419 693 3582 749 dico?
3625 696 3825 754 Matres

2230 787 2372 841 smpe
2402 784 2541 838 sunt,
2571 792 2692 843 qum
2721 789 2836 844 post
2863 791 3070 847 partum
3103 780 3118 813 ⁸
3148 783 3371 838 infantes
3387 784 3506 840 aliis
3522 789 3824 844 nutricibus

2228 862 2395 916 dant:
2428 866 2538 934 ipse
2583 881 2710 921 vero
2750 868 2799 922 id
2831 885 2934 923 non
2964 885 3150 940 passus
3191 883 3292 937 est,
3327 876 3420 929 sed
3457 892 3554 932 nos
3599 882 3824 950 proprio

2228 956 2686 1022 sangttinenutrit,
2718 970 2772 1014 et
2795 976 2892 1028 per
2921 963 3097 1016 omnia
3130 963 3230 1018 sibi
3253 967 3484 1034 capulat.
3519 969 3820 1026 Considera

2228 1056 2402 1100 autem
2435 1063 2450 1099 :
2481 1063 2544 1103 ex
2575 1060 2753 1103 nostra
2782 1051 3076 1108 substantia
3107 1064 3265 1110 natus
3295 1067 3397 1111 est.
3429 1058 3556 1123 Sed,
3581 1061 3819 1131 inquies,

2229 1137 2357 1191 nihil
2384 1141 2484 1194 huc
2528 1139 2594 1196 ad
2645 1158 2830 1198 omnes
2861 1146 3089 1213 pertinet
3121 1162 3135 1200 :
3165 1163 3484 1219 quamquam
3531 1152 3598 1206 ad
3629 1169 3824 1210 omnes

2226 1237 2393 1283 certe.
2417 1229 2471 1287 Si
2495 1233 2640 1287 enim
2675 1233 2742 1288 ad
2779 1245 3024 1290 naturam
3066 1248 3302 1292 nostram
3333 1243 3509 1306 venit,
3539 1244 3731 1313 utique
3755 1246 3822 1300 ad

2227 1337 2412 1375 omnes
2434 1324 2578 1377 venit
2609 1343 2622 1378 :
2656 1327 2700 1379 si
2738 1337 2917 1382 autem
2955 1327 3022 1382 ad
3049 1344 3236 1384 omnes
3263 1332 3423 1386 etiam
3455 1333 3520 1386 ad
3553 1335 3819 1405 singulos.

2229 1413 2294 1469 Et
2319 1416 2608 1484 quomodo.
2644 1418 2872 1488 inquies,
2926 1437 3029 1474 non
3059 1437 3246 1476 omnes
3289 1423 3428 1478 hunc
3467 1424 3698 1481 fructum
3730 1445 3825 1484 ae-

2225 1509 2602 1570 ccperunt?ld
2649 1519 2798 1565 certe
2853 1529 2956 1567 non
3004 1513 3075 1567 illi
3118 1515 3527 1571 adscribendum
3574 1520 3665 1585 qui
3721 1536 3823 1591 pro

2226 1600 2471 1654 omuilms
2499 1599 2626 1654 illud
2650 1600 2868 1672 delegit,
2893 1603 2986 1657 sed
3015 1603 3117 1659 illis
3148 1607 3236 1675 qui
3267 1606 3574 1662 noluerunt.
3606 1608 3822 1679 Cuique

2225 1691 2366 1744 enim
2397 1691 2535 1746 fideli
2570 1709 2664 1762 per
2693 1691 2794 1747 hoe
2821 1695 3131 1767 mysterium
3162 1710 3222 1751 se
3255 1695 3530 1769 eonjuugit
3550 1742 3566 1766 ,
3597 1710 3653 1754 et
3683 1716 3824 1770 quos

2225 1785 2430 1851 genuit,
2463 1799 2556 1851 per
2584 1797 2642 1836 se
2671 1784 2857 1851 ttutrit,
2906 1801 3080 1854 neque
3111 1788 3200 1842 alii
3241 1789 3433 1855 tradit;
3469 1789 3680 1860 hocque
3725 1795 3821 1848 tibi

2228 1871 2386 1926 modo
2417 1874 2625 1942 probat,
2657 1888 2715 1928 se
2753 1881 2968 1930 carnem
3008 1879 3282 1946 accepisse
3328 1892 3491 1934 tuam.
3533 1881 3611 1936 Ne
3638 1883 3825 1954 itaque

2225 1977 2416 2032 segnes
2443 1964 2609 2017 simus
2637 1975 2782 2019 tanta
2828 1966 3027 2037 dignati
3068 1969 3292 2025 caritate
3319 1980 3375 2026 et
3405 1981 3554 2028 tanto
3585 1973 3822 2033 honore.

2224 2052 2337 2107 Non
2359 2053 2551 2108 videtis
2578 2065 2780 2122 quanto
2804 2056 3004 2126 impetu
3031 2057 3260 2114 infantes
3281 2061 3414 2116 labia
3445 2077 3538 2117 sua
3568 2067 3824 2121 mamillae

2224 2144 2542 2198 admoveam
2556 2145 2588 2199 τ·
2607 2145 2739 2199 Cum
2770 2149 2960 2201 eodem
2985 2149 3161 2204 studio
3191 2165 3290 2204 nos
3318 2151 3383 2204 ad
3414 2153 3550 2208 hanc
3580 2158 3819 2211 acceda-

2226 2251 2342 2289 mus
2375 2251 2632 2301 mensam,
2657 2248 2708 2290 et
2732 2239 2797 2291 ad
2819 2240 3106 2293 ntautillam
3134 2243 3428 2312 spiritualis
3452 2246 3627 2314 poculi
3651 2263 3667 2310 ;
3713 2249 3826 2302 imo

2225 2343 2352 2382 vero
2379 2329 2583 2397 majore
2609 2343 2728 2384 cum
2746 2329 2948 2398 studio,
2991 2341 3048 2384 ut
3077 2325 3334 2388 lactentes
3361 2337 3510 2403 pueri
3531 2379 3546 2396 ,
3586 2339 3822 2406 gratiam

2223 2419 2451 2488 Spiritus
2476 2419 2808 2474 attntltatnus
2837 2439 2852 2475 :
2887 2437 3128 2492 unusque
3157 2423 3312 2478 nobis
3339 2425 3407 2479 sit
3431 2426 3609 2493 dolor,
3639 2429 3686 2481 si
3714 2427 3822 2482 ltoe

2225 2509 2482 2577 spirituali
2512 2509 2768 2565 alimento
2799 2511 3085 2580 privemnr.
3119 2512 3232 2567 Non
3261 2525 3385 2568 sunt
3426 2516 3674 2571 humana:
3707 2519 3825 2572 vir-

2227 2599 2353 2653 tutis
2382 2598 2496 2653 hzec
2521 2615 2704 2669 opera.
2728 2599 2775 2653 ls
2802 2601 2889 2669 qui
2919 2600 3110 2656 tunein
3140 2603 3227 2656 illa
3259 2618 3411 2660 (mna
3433 2605 3820 2673 hazceunfecit,

2223 2699 2274 2743 et
2306 2705 2443 2745 nunc
2487 2692 2649 2746 etiam
2697 2703 2968 2760 operatur.
3001 2693 3110 2749 Nos
3150 2697 3514 2752 ministrortun
3556 2698 3823 2758 habemus

2221 2784 2462 2838 ordinem
2486 2801 2501 2837 :
2525 2785 2614 2855 qui
2645 2800 2775 2840 vero
2802 2785 2890 2840 illa
2931 2786 3226 2842 sanctificat
3254 2799 3305 2844 et
3336 2801 3675 2858 transmutat,
3701 2794 3821 2863 ipse

2220 2887 2322 2931 est.
2351 2874 2539 2930 Nullus
2567 2891 2698 2947 ergo
2723 2875 2888 2931 Judas
2911 2877 3072 2945 adsit,
3127 2879 3306 2934 nullus
3343 2895 3538 2936 avarus
3569 2900 3583 2935 :
3614 2884 3657 2936 si
3686 2886 3816 2954 quis

2221 2967 2513 3038 discipulus
2544 2983 2649 3023 non
2681 2977 2784 3033 est,
2812 2971 3026 3025 recedat
3061 2988 3074 3024 :
3105 2988 3210 3026 ttun
3239 2974 3431 3044 recipit
3471 2973 3586 3031 haec
3625 2993 3816 3033 mensa

2220 3077 2315 3116 eos
2341 3063 2432 3132 qui
2458 3064 2592 3116 tales
2624 3077 2729 3116 non
2772 3072 2917 3116 sunt.
2947 3063 3080 3118 Cum
3112 3064 3410 3135 discipulis,
3443 3067 3635 3137 inquit,
3676 3074 3818 3126 meis

2220 3154 2356 3208 facio
2378 3153 2596 3224 pascha.
2628 3153 2750 3209 Haac
2787 3154 2898 3223 ipsa
2933 3171 3117 3211 mensa
3151 3165 3270 3221 est,
3302 3173 3422 3228 qua:
3467 3158 3600 3214 nihil
3630 3165 3818 3218 minus

2219 3261 2374 3316 quam
2420 3245 2505 3299 illa
2548 3243 2730 3300 habet.
2770 3244 2956 3316 Neque
3002 3248 3145 3301 enim
3193 3249 3334 3304 illam
3359 3248 3638 3315 Christus,
3672 3251 3816 3308 hanc

2221 3337 2381 3391 homo
2407 3335 2532 3389 facit
2559 3354 2573 3391 :
2605 3337 2698 3390 sed
2720 3345 2775 3391 et
2798 3338 2934 3392 hanc
2977 3350 3032 3393 et
3061 3339 3203 3393 illam
3236 3340 3365 3409 ipse.
3401 3341 3512 3396 lloc
3555 3342 3684 3398 illud
3728 3355 3814 3400 est

2219 3430 2569 3493 emnaculum,
2614 3428 2700 3482 tibi
2732 3441 2859 3484 tunc
2895 3441 3083 3496 erant;
3115 3431 3240 3487 hinc
3273 3434 3338 3487 ad
3373 3433 3602 3490 Montem
3635 3438 3813 3492 oliva-

2223 3536 2336 3574 rum
2363 3521 2605 3574 exieruut
2636 3539 2650 3574 :
2677 3535 2772 3574 nos
2816 3536 3073 3576 exeamus
3124 3523 3190 3576 ad
3236 3539 3426 3579 manus
3467 3541 3806 3595 pauperum:

2222 3613 2307 3668 hic
2353 3615 2494 3667 enim
2549 3612 2790 3668 locusest
2847 3615 2996 3671 Mons
3041 3615 3322 3670 olivarum.
3366 3615 3533 3672 Oliva:
3575 3635 3813 3692 namque

2221 3708 2469 3776 plantataa
2497 3705 2547 3758 itt
2578 3704 2741 3758 domo
2772 3703 2862 3758 Dei
2884 3714 3009 3759 sunt
3032 3720 3325 3775 pauperum
3350 3710 3659 3776 multitudo,
3684 3729 3808 3780 qua:

2217 3799 2418 3853 stillant
2443 3797 2641 3860 oleum,
2674 3795 2813 3863 quod
2837 3794 2945 3850 illie
2968 3796 3122 3851 nobis
3146 3798 3272 3853 utile
3293 3801 3396 3853 erit
3423 3817 3437 3854 :
3469 3801 3612 3870 quod
3642 3803 3810 3874 quin-

2217 3905 2322 3959 que
2369 3889 2472 3942 illae
2517 3887 2748 3957 virgines
2798 3886 3118 3954 habuerunt,
3147 3900 3354 3945 cetera:
3383 3907 3510 3948 vero
3537 3910 3660 3964 qua:
3700 3913 3808 3952 non

2220 3983 2342 4037 hinc
2368 3986 2709 4047 acceperant,
2730 3979 3022 4047 perierunt.
3049 3980 3160 4035 Hoc
3174 3982 3498 4052 accipientes
3515 3986 3806 4055 intremus,

2219 4082 2277 4126 ut
2323 4068 2645 4139 fulgentibus
2676 4068 3012 4138 lampadibus
3052 4069 3117 4124 ad
3161 4087 3417 4139 sponsum
3457 4074 3806 4132 accedamus.

2220 4164 2329 4219 lloc
2369 4161 2692 4229 accipientes
2719 4156 2844 4213 ltine
2886 4159 3242 4226 egrediatnnr.
3285 4161 3452 4218 Nemo
3479 4163 3808 4223 inhumanus

2218 4254 2454 4312 accedat.
2472 4265 2629 4306 nemo
2652 4249 2883 4305 crudelis
2899 4261 2953 4304 et
2978 4252 3377 4320 immisericors,
3399 4270 3560 4311 nemo
3580 4260 3807 4315 omnino

2219 4349 2481 4415 impurus.

2288 4436 2340 4491 6.
2369 4435 2490 4489 Haec
2516 4432 2668 4486 vobis
2692 4432 2779 4502 qui
2807 4432 3212 4488 communicatis
3238 4431 3380 4498 dico,
3408 4450 3618 4491 necnon
3651 4441 3805 4496 vobis

2218 4533 2305 4603 qui
2336 4528 2670 4584 ntinistratis.
2700 4526 2830 4579 Nam
2859 4541 3076 4580 necesse
3103 4535 3188 4582 est
3215 4543 3307 4581 vos
3335 4529 3552 4601 al’oqui,
3585 4542 3642 4587 ut
3677 4551 3806 4592 cum

2220 4623 2382 4679 multa
2411 4618 2679 4688 diligentia
2712 4616 2825 4670 haec
2862 4617 2998 4670 dona
3041 4617 3388 4674 distribuatis.
3418 4620 3532 4676 Non
3579 4634 3804 4693 parm].

2220 4716 2367 4768 vobis
2404 4711 2718 4782 supplicium
2747 4709 3056 4778 deputatum
3086 4719 3202 4776 est,
3234 4711 3278 4765 si
3306 4729 3464 4780 quem
3496 4715 3806 4786 improbum

2218 4809 2366 4865 vobis
2394 4814 2575 4861 notum
2605 4803 2670 4858 ad
2701 4801 2855 4870 lmjns
2886 4817 3084 4857 tuensre
3125 4805 3578 4874 participationem
3609 4811 3810 4867 admit-

2220 4904 2359 4960 latis.
2409 4898 2634 4969 Sanguis
2681 4895 2798 4964 ejus
2844 4896 3152 4963 etqu'iretur
3189 4896 3257 4951 de
3301 4900 3545 4956 manibus
3585 4906 3805 4960 vestris.

2217 4993 2468 5064 Quamvis
2501 4987 2606 5043 dux
2649 4986 2907 5056 quispiam
2937 4985 3000 5039 sit
3024 5027 3039 5052 ,
3069 4989 3308 5055 quamvis
3339 4988 3660 5061 praefectus,
3691 4996 3812 5052 sive

2220 5090 2261 5144 is
2292 5089 2402 5155 ipse
2430 5083 2517 5151 qui
2547 5077 2846 5133 diademate
2884 5077 3183 5144 redimitur,
3212 5079 3255 5132 si
3295 5080 3507 5151 indigne
3549 5085 3807 5154 accedat,

2218 5179 2446 5241 cohibe;
2474 5172 2734 5241 majorem
2772 5178 2828 5224 tu
2866 5185 3026 5240 quam
3063 5169 3152 5226 ille
3182 5181 3496 5241 potestatem
3529 5175 3720 5235 habes.
3749 5178 3806 5236 Si

2221 5276 2314 5330 tibi
2345 5271 2462 5325 fons
2492 5278 2654 5336 purus
2682 5263 2826 5334 gregi
2866 5263 3247 5318 custodiendus
3275 5269 3596 5326 commissns
3624 5285 3768 5328 esset
3787 5313 3806 5342 .

2219 5385 2282 5423 ac
2311 5364 2517 5419 videres
2542 5374 2601 5413 os
2627 5360 2743 5412 ovis
2767 5356 3061 5426 cujuspiam
3090 5357 3199 5410 luto
3223 5356 3499 5425 foedatum,
3529 5375 3635 5416 non
3662 5364 3812 5419 sine-

2222 5476 2306 5516 res
2332 5456 2564 5511 demisso
2588 5451 2760 5520 capite
2781 5448 3035 5503 ﬂuentum
3059 5449 3293 5505 turbare.
3321 5448 3473 5506 Nune
3498 5466 3604 5507 non
3629 5469 3810 5525 aqum,

2220 5553 2313 5606 sed
2339 5544 2630 5616 sanguinis,
2659 5553 2712 5595 et
2732 5542 2951 5611 spiritus
2978 5541 3104 5594 fonti
3130 5542 3478 5597 custodiendo
3497 5543 3808 5614 deputatus,

2212 5635 2256 5688 si
2275 5635 2515 5704 pereatis
2532 5644 2678 5688 terra
2696 5645 2749 5690 et
2766 5635 2879 5690 luto
2898 5633 3223 5692 fmdiorihus
3240 5635 3556 5707 inquinatos
3573 5635 3814 5693 accede-

2272 5779 2287 5810 ¹
2316 5775 2450 5836 llaec,
2473 5785 2583 5840 post
2610 5787 2822 5841 partum,
2849 5778 3031 5826 desunt
3055 5774 3102 5826 in
3125 5775 3298 5827 Morel.
