4050 6428
230 386 339 444 743

215 522 286 560 re
302 503 509 567 videas,
526 515 628 555 nec
651 495 972 569 indigneris,
997 507 1099 549 nec
1116 490 1399 555 cohibcas,
1418 479 1584 560 quam
1611 484 1831 541 veniam

218 595 533 653 nterearist
555 592 766 650 Idcirco
801 604 900 643 vos
919 587 1064 644 Deus
1105 586 1208 641 hoc
1230 584 1439 639 honore
1470 577 1750 637 decoravit
1770 586 1833 631 ut

218 688 347 743 hac
358 679 840 741 discernatileaec
859 685 1039 734 vestra
1053 671 1529 747 diguitasest,bzec
1538 668 1832 733 securitas,

219 780 347 835 hinc
361 793 593 841 corona,
615 792 723 831 non
749 784 808 829 ιιι
831 774 954 830 alba
972 770 1401 843 splendenthue
1433 766 1621 822 tunica
1650 762 1831 819 induti

216 868 604 928 circumeatis.
626 859 1405 932 Etundenam,inquies,hunc
1422 866 1478 913 et
1492 856 1648 912 illum
1672 868 1838 912 nosse

228 964 435 1033 [ausim
456 961 482 1016 ἶ
505 959 625 1015 Non
650 958 718 1014 de
748 956 961 1031 ignotis,
993 954 1088 1011 sed
1117 952 1187 1011 de
1213 952 1354 1008 notis
1378 950 1587 1020 loquor.
1620 946 1853 1018 Aliquid

231 1053 547 1110 horribilius
575 1052 751 1109 dicam
785 1068 800 1106 :
831 1051 946 1106 Non
975 1058 1083 1104 tam
1123 1060 1286 1118 grave
1321 1053 1407 1101 est
1442 1054 1837 1113 energumenns

231 1150 380 1205 intus
404 1164 527 1205 esse
556 1190 574 1216 ,
601 1157 661 1203 ut
686 1147 785 1204 hos
808 1159 947 1217 quos
969 1143 1102 1201 dicit
1126 1139 1323 1199 Paulus
1345 1138 1365 1209 (
1400 1136 1564 1194 Hebr.
1596 1136 1686 1193 l0.
1715 1134 1788 1192 29
1814 1134 1834 1207 )

226 1242 510 1298 Christum
534 1240 875 1303 conculcare,
902 1248 959 1295 et
984 1235 1297 1307 sanguinem
1339 1231 1645 1288 testamenti
1685 1245 1838 1285 com-

227 1350 398 1391 mune
424 1334 648 1402 ducere,
667 1342 827 1409 atque
856 1330 1089 1402 Spiritus
1114 1328 1341 1400 gratiam
1370 1325 1698 1382 contumelia
1717 1322 1830 1377 atti-

224 1443 377 1482 rere.
403 1426 745 1481 Dmnmniaeo
762 1424 906 1481 enim
927 1421 1173 1494 pejorest
1190 1421 1280 1490 qui
1310 1418 1549 1490 pccmvit
1575 1428 1628 1473 et
1651 1430 1834 1473 acces-

225 1520 323 1572 sit.
338 1517 418 1572 Illi
434 1518 581 1575 enim
597 1533 718 1572 cum
736 1533 764 1570 a
777 1516 1023 1571 darmone
1037 1520 1319 1577 vexantur,
1339 1527 1447 1566 non
1464 1510 1587 1567 ideo
1600 1510 1834 1580 puniun-

226 1621 318 1665 tur
350 1628 365 1664 :
402 1611 454 1664 bi
495 1624 623 1665 vero
663 1610 710 1665 si
758 1608 973 1679 indigne
1008 1604 1297 1669 accedant,
1328 1613 1536 1660 mterno
1570 1601 1835 1674 supplicio

228 1704 534 1759 traduntur.
562 1702 638 1759 Ne
666 1703 844 1773 itaque
869 1700 969 1757 hos
998 1709 1206 1756 tantum
1234 1696 1515 1769 pellamus,
1545 1694 1641 1752 sed
1669 1695 1833 1750 ctiant

224 1810 422 1851 omnes
441 1835 458 1860 ,
491 1808 630 1865 quos
656 1794 947 1849 viderimus
977 1790 1193 1864 indigne
1226 1787 1508 1845 accedere.
1538 1786 1710 1843 Nemo
1733 1801 1831 1842 eo.

225 1904 349 1942 rum
376 1887 468 1957 qui
498 1885 746 1955 discipuli
774 1900 880 1940 non
907 1892 1033 1940 sunt
1050 1882 1433 1938 communicet.
1456 1878 1645 1935 Nullus
1667 1878 1834 1934 ludas

223 1978 467 2044 sumat',
498 1992 569 2032 ne
598 1975 754 2033 lude
792 1976 929 2031 mala
975 1976 1226 2045 potiatur.
1265 1971 1475 2041 Corpus
1508 1969 1706 2026 Christi
1748 1980 1833 2025 est

220 2074 346 2129 hac
370 2071 534 2127 etiam
573 2069 877 2125 multitudo.
911 2067 1045 2123 Vide
1071 2081 1203 2137 ergo
1231 2075 1308 2132 ιιι,
1332 2064 1422 2136 qui
1451 2063 1831 2135 mysteriorum

223 2161 477 2217 minister
511 2175 601 2229 es,
640 2176 709 2216 ne
750 2159 1037 2214 Dominum
1070 2156 1139 2211 ad
1180 2157 1314 2211 iram
1349 2153 1621 2217 concites,
1651 2152 1697 2208 si
1728 2151 1833 2207 hoc

220 2267 427 2323 corpus
469 2268 577 2305 non
619 2264 814 2322 purges
845 2267 860 2304 :
892 2264 962 2304 ne
997 2247 1235 2319 gladium
1264 2247 1365 2302 des
1403 2258 1503 2315 pro
1539 2243 1684 2299 cibo.
1722 2242 1830 2300 Sed

221 2345 447 2405 diamsi
466 2341 895 2417 praeignorantia
908 2341 1034 2398 'ille
1045 2334 1573 2397 adcoutmunionem
1585 2336 1835 2405 accedat,

295 2488 313 2519 ι
336 2484 515 2543 Savi|.,
544 2479 709 2533 ullus
740 2485 900 2543 suniat
931 2484 985 2529 ut
1011 2477 1191 2543 ludas.

292 2550 316 2580 ⁸
346 2534 460 2596 Sav.
496 2534 616 2595 lien.
647 2541 872 2594 stultitia.
908 2541 1203 2603 Suspicatur
1230 2538 1383 2589 Savll.
1417 2534 1712 2600 legendum,
1728 2546 1840 2601 pro

226 2608 539 2675 arrograttia.

1123 374 1189 431 IN
1226 365 1636 428 MAT'l'll/EUM
1678 360 1909 418 IiOMlL.
1953 359 2234 415 LXXXI“.
2274 360 2347 417 al.
2390 360 2676 420 LXXXIV.

3453 359 3558 415 ῗ-ίσ

1939 477 2133 535 cohibe
2174 478 2358 541 illum,
2387 495 2457 534 ne
2500 481 2711 534 timeas.
2755 478 2910 535 Time
2952 479 3124 537 Deum
3148 481 3191 546 ⁸,
3225 497 3330 536 non
3373 481 3552 536 homi-

1942 585 2087 626 nem.
2109 569 2164 626 Si
2190 572 2380 625 timeas
2403 572 2695 634 hominem,
2720 571 2791 625 ah
2810 572 2903 627 illo
2924 573 3264 641 irridebcris;
3286 576 3331 630 si
3359 575 3550 640 Deum,

1940 663 2106 718 etiam
2138 658 2445 721 hominibus
2470 666 2793 722 venerabilis
2820 668 2953 724 eris.
2980 667 3038 724 Si
3069 684 3175 723 non
3204 670 3391 735 audes,
3421 669 3553 724 tnihi

1942 756 2139 820 adduc;
2168 771 2269 813 nec
2297 758 2605 826 permittam
2634 758 2939 828 huiusmodi
2969 777 3156 819 ausus.
3177 766 3426 820 Animam
3452 784 3552 837 po-

1943 853 2052 906 tius
2088 852 2334 907 amittam
2361 891 2375 913 .
2405 867 2567 923 quam
2608 853 2827 925 indigno
2863 858 3179 927 sanguinem
3220 858 3550 917 dominicum

1944 942 2248 1012 praebeam;
2294 952 2349 999 et
2389 945 2707 1015 sanguinem
2752 946 2933 1016 potius
2979 949 3342 1020 profundam,
3388 971 3550 1025 quam

1944 1035 2287 1090 tremendum
2318 1036 2633 1107 sanguinem
2662 1037 2787 1094 dem
2814 1040 2899 1095 cui
2938 1055 3046 1095 non
3087 1056 3185 1112 par
3210 1053 3312 1099 est.
3341 1045 3398 1101 Si
3431 1057 3555 1118 post

1941 1126 2163 1181 nmltam
2197 1127 2639 1197 perquisitionem
2678 1128 2958 1201 indignum
2988 1148 3096 1188 non
3136 1137 3390 1200 noveris,
3419 1138 3551 1193 nihil

1940 1217 2184 1272 criminis
2203 1219 2328 1275 erit.
2358 1217 2484 1275 llaac
2505 1220 2575 1275 de
2604 1220 2670 1275 iis
2695 1222 2785 1291 qui
2808 1224 3079 1280 manifesti
3107 1236 3235 1281 sunt
3256 1228 3397 1284 dicta
3419 1232 3548 1287 sint.

1940 1307 2075 1364 Nam
2097 1312 2140 1364 si
2169 1309 2267 1364 hos
2287 1312 2643 1381 corrigamus,
2670 1313 2780 1368 rito
2807 1315 2965 1372 nobis
2989 1316 3130 1373 Deus
3155 1318 3368 1389 ignotos
3394 1332 3552 1379 notos

1942 1400 2095 1456 facim
2124 1417 2137 1468 ;
2171 1401 2215 1455 si
2247 1412 2424 1458 autem
2453 1412 2610 1457 notos
2633 1404 2895 1468 sinamus.
2927 1408 3080 1477 cujus
3105 1410 3183 1466 rei
3211 1412 3381 1483 gratia
3410 1415 3553 1472 Deus

1942 1494 2097 1549 nobis
2121 1495 2257 1550 alios
2283 1506 2442 1551 notos
2461 1496 2656 1551 faciat?
2686 1498 2813 1554 Ihec
2834 1516 3000 1570 porro
3023 1502 3168 1571 dico,
3184 1502 3291 1560 non
3311 1516 3370 1562 ut
3396 1524 3554 1566 coer-

1939 1600 2160 1642 ceamus
2196 1587 2279 1642 vel
2321 1599 2724 1658 sequestremus
2755 1600 2958 1648 tantum
2978 1635 2996 1661 ,
3024 1596 3119 1652 sed
3150 1606 3209 1653 ut
3236 1602 3554 1661 emendatos

1941 1679 2258 1736 reducamus
2280 1722 2296 1748 ,
2325 1692 2378 1736 ιιι
2406 1699 2597 1739 eorum
2634 1701 2821 1741 curam
2862 1687 3177 1759 habeamus.
3209 1692 3300 1751 Sic
3326 1699 3475 1754 enim
3499 1710 3558 1756 ct

1942 1771 2112 1828 Deum
2132 1778 2419 1845 propitium
2450 1777 2790 1846 habebimus,
2811 1790 2867 1836 et
2895 1785 3094 1839 multos
3119 1788 3282 1859 digne
3309 1807 3554 1847 commu-

1942 1865 2185 1922 nicantes
2226 1869 2561 1938 reperiemus
2584 1912 2600 1936 ,
2628 1873 2901 1944 studiique
2925 1886 2978 1931 et
3004 1878 3389 1939 sollicitudinis
3427 1902 3552 1956 erga

1940 1956 2077 2013 alios
2121 1970 2323 2015 nostra:
2369 1964 2593 2018 multant
2639 1967 2963 2036 recipiemus
3005 1973 3311 2029 lllt‘l‘t‘Ctitlm
3347 1996 3359 2029 :
3392 1995 3550 2046 quam

1942 2066 2041 2104 nos
2080 2066 2272 2107 onmcs
2316 2056 2530 2125 assequi
2576 2058 2884 2130 conlingat,
2918 2064 3089 2125 gratia
3128 2075 3183 2121 ct
3223 2067 3554 2140 benignitate

1942 2142 2152 2198 DOmini
2183 2146 2350 2199 nostri
2376 2146 2503 2202 Jesu
2530 2148 2750 2217 Christi,
2776 2152 2861 2206 cui
2888 2154 3056 2224 gloria
3084 2157 3133 2211 in
3158 2162 3352 2216 sarcula
3380 2178 3552 2219 δίκην

1942 2236 2135 2295 lorum.
2169 2242 2360 2294 Amen.

2006 2376 2022 2408 ⁸
2060 2376 2156 2425 Alii
2184 2383 2237 2426 ct
2261 2376 2450 2437 Minch,
2468 2376 2583 2428 time
2625 2377 2883 2432 Demittunt
2909 2390 3083 2432 Deum.

230 2717 3513 2749 MM

1193 2795 1542 2859 HOMILIA
1589 2792 1951 2855 LXXXIII.
1999 2794 2086 2857 al.
2131 2794 2493 2858 LXXXIV.

226 2912 359 2968 Car.
385 2908 479 2965 26.
507 2924 561 2963 ν.
588 2904 680 2964 56.
724 2903 867 2960 Tunc
907 2902 1038 2957 venit
1081 2917 1199 2955 cum
1245 2899 1317 2953 eis
1364 2897 1517 2953 Jesus
1560 2898 1613 2950 in
1661 2896 1837 2950 villam

298 3018 415 3073 quia
433 3002 619 3055 dicitur
639 2996 984 3071 Gethsentmri,
1010 3002 1056 3047 et
1078 2993 1201 3047 dicit
1220 2990 1484 3061 discipulis
1506 3005 1526 3043 :
1548 2988 1730 3045 Sedete
1748 2989 1830 3042 hic

298 3096 460 3150 donec
484 3092 666 3147 eadem
694 3091 819 3145 illuc
838 3131 853 3154 ,
882 3098 930 3142 et
967 3103 1127 3142 orent.
1164 3084 1255 3141 37.
1290 3082 1355 3138 Et
1384 3091 1648 3152 assumpto
1679 3078 1833 3135 Petro

298 3199 347 3244 et
376 3188 573 3242 duobus
599 3186 723 3255 [iliis
750 3182 983 3239 Zebedari
999 3222 1014 3243 ,
1040 3180 1191 3252 capit
1229 3177 1519 3234 contristari
1546 3188 1597 3230 et
1624 3184 1832 3229 attestus

296 3300 425 3349 esse,
453 3280 545 3337 58.
572 3289 620 3334 et
644 3279 773 3334 dixit
802 3279 873 3332 eis
902 3290 921 3331 :
941 3273 1127 3330 Tristis
1148 3281 1222 3328 est
1244 3272 1419 3326 anima
1443 3286 1555 3324 mea
1578 3284 1738 3337 usque
1762 3266 1834 3321 ad

298 3383 533 3429 mortem.
564 3371 770 3426 llauete
797 3370 899 3436 hic,
927 3378 973 3423 et
1002 3364 1211 3438 vigilate
1235 3378 1451 3419 mecum.

303 3510 356 3564 Ι.
384 3505 521 3575 Quia
551 3503 651 3575 ipsi
678 3515 896 3572 semper
927 3498 1237 3561 bzrebant.
1270 3495 1391 3551 ideo
1414 3493 1546 3549 dicit
1578 3510 1592 3548 :
1625 3491 1835 3549 Maneto

225 3602 339 3663 tu'c,
369 3598 530 3652 donec
565 3594 746 3649 eadem
775 3606 821 3646 et
845 3609 1008 3647 orent.
1040 3590 1259 3648 Solebat
1292 3589 1436 3645 enim
1474 3601 1719 3642 seorsum
1760 3585 1832 3641 ab

227 3692 336 3748 illis
361 3674 542 3746 orare.
576 3687 688 3743 lloc
714 3695 894 3743 autem
936 3684 1164 3741 faciebat
1186 3692 1297 3748 ,_ut
1340 3697 1439 3736 nos
1476 3681 1731 3744 doceret,
1763 3679 1829 3734 ad

225 3782 558 3855 precandum
597 3778 752 3835 nobis
779 3779 1013 3850 quietem
1040 3787 1095 3832 et
1124 3774 1563 3845 tranquillitatem
1606 3773 1828 3827 multant

222 3892 350 3932 esse
390 3872 706 3945 parandam.
750 3871 819 3927 Et
848 3871 1043 3941 accipit
1082 3878 1194 3925 tres
1232 3868 1562 3939 discipulos,
1593 3866 1832 3935 dicitque

227 3971 334 4027 illis
360 3987 373 4023 :
404 3968 586 4024 Tristis
609 3978 684 4024 est
710 3968 883 4021 anima
908 3982 1017 4021 mea
1042 3982 1201 4035 usque
1225 3965 1294 4018 ad
1322 3973 1557 4018 mortem.
1586 3961 1695 4016 Cur
1722 3976 1827 4015 non

224 4077 418 4118 omnes
440 4076 625 4115 secum
652 4060 916 4116 adduxit?
945 4058 1023 4114 Ne
1054 4057 1423 4113 conciderent.
1452 4054 1556 4110 Sed
1587 4057 1684 4108 hos
1712 4062 1831 4107 tau-

227 4166 339 4210 tum
366 4154 602 4218 admisit,
631 4153 722 4224 qui
753 4153 935 4223 gloria:
963 4167 1074 4206 sua!
1109 4159 1440 4219 spectatores
1471 4148 1700 4201 fuerant.
1736 4147 1831 4199 At-

228 4259 408 4304 tamen
436 4248 536 4304 hos
561 4247 721 4301 etiam
762 4244 1035 4315 relinquit.
1071 4243 1138 4299 Et
1176 4243 1447 4310 paululum
1492 4237 1825 4308 procedens,

226 4350 349 4396 orat
375 4340 563 4395 dicens
590 4358 603 4394 :
633 4338 723 4394 59.
754 4337 936 4401 Pater,
968 4336 1013 4391 si
1041 4334 1277 4405 possibile
1306 4344 1377 4387 est
1394 4374 1409 4395 ,
1437 4340 1662 4386 transeat
1688 4347 1721 4383 a
1750 4347 1829 4383 me

224 4433 364 4488 calix
386 4434 499 4488 iste.
539 4430 888 4486 Verumtamen
918 4446 1019 4483 non
1045 4430 1175 4483 sicut
1200 4443 1292 4499 ego
1320 4428 1452 4490 voto,
1480 4425 1571 4479 sed
1594 4425 1723 4479 sicut
1751 4434 1827 4477 tu.

162 4576 189 4583 ,η
225 4527 422 4584 40..Ιίι
444 4526 579 4586 uenit
600 4525 669 4579 ad
695 4541 779 4580 ros
800 4566 815 4585 .
844 4534 889 4579 et
916 4523 1109 4579 invenit
1142 4538 1226 4579 eos
1264 4521 1567 4581 dormientes
1586 4559 1601 4582 ,
1630 4529 1676 4580 ct
1706 4518 1833 4580 dicit
1877 4572 1885 4579 ,

230 4619 386 4676 I’etro
412 4635 430 4672 :
453 4618 539 4671 Ita
556 4622 669 4670 'non
702 4618 936 4688 potuistis
963 4632 1063 4669 una
1087 4616 1213 4668 liora
1240 4613 1451 4683 vigilare
1472 4629 1664 4665 mecum
1683 4613 1708 4665 Σ)
1731 4613 1823 4667 41.

238 4712 455 4783 Vigilate
477 4719 523 4763 ct
549 4718 709 4772 orate,
733 4719 789 4761 ut
811 4725 913 4761 non
933 4706 1129 4761 intretis
1150 4706 1201 4758 in
1228 4705 1569 4758 tentatiouent.
1600 4703 1827 4772 Spiritus

222 4803 427 4875 quidem
457 4809 721 4871 promptus
750 4808 842 4862 est,
870 4814 989 4852 caro
1022 4807 1188 4851 autem
1226 4797 1449 4863 inﬁrma.
1481 4794 1596 4849 Non
1630 4794 1824 4848 frustra

224 4897 443 4952 Petrum
490 4893 720 4947 maxime
757 4892 1078 4961 alloquitur,
1109 4890 1231 4946 licet
1259 4890 1346 4944 alii
1374 4904 1590 4961 quoque
1614 4886 1820 4944 dormi-

223 4996 387 5051 rent;
431 4985 525 5039 sed
566 4996 624 5038 ιιι
664 4983 986 5053 perstringat
1028 4982 1177 5037 illum
1210 4982 1282 5037 ob
1320 4996 1536 5036 causam
1578 4980 1828 5049 superius

221 5078 443 5134 dictam.
495 5075 697 5130 Deinde
743 5074 865 5145 quia
910 5073 999 5127 alii
1042 5089 1257 5143 quoque
1302 5072 1530 5141 idipsum
1578 5070 1824 5126 dixerant

227 5174 373 5244 (cum
400 5169 541 5223 cnim
572 5169 759 5223 Petrus
781 5167 1024 5225 dixisset,
1055 5164 1269 5218 Etiamsi
1291 5164 1568 5233 oporlttﬂ'il
1593 5178 1672 5216 me
1698 5163 1827 5215 mori

223 5276 387 5316 tecum
412 5303 427 5327 ,
456 5278 555 5313 non
584 5270 630 5313 te
659 5261 850 5331 negabo
876 5275 895 5313 :
919 5256 1184 5323 similiter,
1215 5258 1386 5324 inquit
1408 5296 1420 5319 ,
1460 5266 1506 5308 et
1545 5272 1716 5308 omnes
1746 5255 1800 5307 di
1810 5285 1825 5295 -

222 5355 407 5426 scipuli
444 5353 716 5417 dixerunt)
742 5392 756 5418 ,
792 5351 1004 5404 illorum
1047 5349 1411 5403 inﬁrmitatem
1460 5348 1821 5416 redarguens,

225 5451 373 5517 ipsos
399 5462 590 5500 omnes
616 5444 923 5512 alloquitur.
955 5442 1086 5497 Nam
1117 5441 1207 5511 qni
1245 5441 1382 5494 mori
1410 5457 1529 5493 cum
1560 5440 1653 5493 illo
1680 5438 1827 5492 volc—

224 5542 355 5595 bant
376 5581 391 5603 ,
425 5538 623 5593 dolenti
652 5538 939 5591 comlolerc
968 5553 1071 5589 non
1104 5547 1351 5604 poterant
1382 5536 1663 5603 vigilantes
1688 5576 1701 5597 ,
1731 5533 1823 5587 sed

226 5641 254 5677 a
297 5624 636 5675 somn-ivncti
665 5634 812 5674 sunt.
844 5622 959 5688 ipse
993 5637 1119 5671 Vero
1145 5624 1406 5673 intentius
1445 5630 1567 5672 orat
1589 5638 1655 5673 ιιι)
1682 5621 1831 5673 vide-

232 5724 386 5768 retur
451 5730 538 5766 res
564 5714 655 5766 illa
688 5729 811 5767 esse
846 5713 1128 5765 simulatio
1158 5730 1172 5779 ;
1210 5714 1399 5765 eadem
1442 5712 1510 5765 dc
1542 5728 1709 5765 causa
1738 5730 1834 5767 su-

232 5807 333 5859 dor
404 5806 629 5869 decidit,
686 5813 740 5860 ct
806 5822 874 5860 ne
915 5806 1160 5861 diccrcnt
1207 5806 1468 5870 lneretici,
1520 5806 1699 5875 ipsum
1734 5806 1802 5861 tri

1946 2896 2145 2951 stitiam
2190 2898 2495 2958 simulasse;
2524 2903 2757 2977 ideoque
2776 2905 3183 2965 sudorcscrant
3205 2910 3345 2967 sicut
3386 2924 3555 2983 guttus

1938 2990 2236 3061 sanguinis,
2264 3002 2317 3046 et
2340 2994 2564 3064 angulus
2595 2994 2767 3065 ipsum
2794 2999 3105 3057 confortans
3129 3006 3399 3075 apparuit,
3422 3023 3552 3063 sex-

1937 3094 2206 3152 centaque
2237 3084 2387 3140 luere
2427 3086 2636 3142 timoris
2672 3089 2823 3159 signa
2847 3130 2861 3155 ,
2896 3108 2964 3147 ne
3004 3094 3125 3163 quis
3155 3096 3397 3164 diceret,
3430 3099 3555 3155 ficta

1936 3190 2059 3233 esse
2090 3177 2273 3233 verba.
2310 3177 2422 3233 llac
2446 3179 2608 3235 etiam
2638 3179 2709 3235 de
2734 3198 2905 3239 causa
2928 3194 3066 3239 orat.
3103 3186 3238 3241 (ium
3269 3206 3401 3260 ergo
3422 3193 3504 3247 ‘ait
3532 3213 3547 3248 ;

1937 3266 2002 3323 Si
2042 3268 2281 3338 possibile
2305 3280 2401 3335 est,
2429 3278 2675 3339 transeat,
2705 3271 3091 3332 humanitatem
3123 3281 3355 3336 ostendit
3380 3299 3394 3343 :
3426 3299 3549 3338 cum

1935 3369 2116 3417 autem
2142 3360 2295 3425 dicit,
2341 3360 2697 3418 Vermntamen
2728 3382 2828 3419 non
2858 3368 2988 3421 sicut
3018 3384 3110 3440 ego
3137 3371 3270 3435 toto,
3300 3374 3391 3428 sed
3420 3376 3553 3429 sicut

1938 3464 2023 3522 ιιι,
2054 3455 2305 3511 virtutem
2348 3454 2851 3529 philosophiamque
2880 3460 3101 3517 exhibet
3125 3464 3139 3495 ¹
3162 3505 3177 3528 ,
3219 3477 3512 3537 monetque
3533 3513 3548 3535 ,

1936 3550 2205 3606 renitente
2225 3566 2440 3621 quoque
2462 3561 2674 3615 natura.
2698 3552 2865 3607 Deum
2887 3568 3010 3610 esse
3032 3559 3389 3627 sequendum.
3414 3558 3547 3627 Quia

1840 3672 1854 3676 -λ
1937 3654 2066 3695 vero
2088 3656 2192 3696 non
2214 3650 2299 3696 sat
2319 3650 2440 3697 erat
2457 3644 2635 3697 stultis
2655 3644 2828 3698 solam
2853 3648 3131 3702 nummatis
3154 3650 3339 3704 faciem
3366 3663 3550 3707 osten-

1935 3734 2086 3802 dere,
2114 3735 2277 3791 verba
2305 3735 2471 3790 addit.
2502 3735 2707 3791 Rursus
2737 3737 2895 3792 verba
2929 3754 3034 3793 non
3066 3740 3429 3811 subiciebant,
3452 3747 3547 3800 sed

1936 3841 2024 3881 res
2053 3827 2182 3895 ipszn
2211 3825 2695 3895 desiderabantur,
2729 3828 2847 3885 lucc
2886 3832 3048 3886 etiam
3093 3834 3271 3889 verbis
3308 3837 3549 3903 addidit,

1937 3927 1995 3971 ut
2024 3918 2107 3972 \cl
2140 3917 2174 3972 ii
2206 3918 2491 3974 crederent
2519 3920 2609 3989 qui
2652 3920 2943 3977 admodum
2975 3927 3298 3982 contentiosi
3327 3940 3512 3985 essent
3532 3974 3545 3995 ,

1936 4011 2109 4079 ipsum
2135 4020 2186 4066 et
2222 4011 2493 4067 hominem
2537 4012 2735 4068 factum
2770 4024 2825 4070 et
2859 4026 3133 4072 mortuum
3165 4034 3304 4075 esse.
3335 4020 3468 4075 Nam
3500 4027 3545 4077 si

1934 4118 2055 4155 cum
2087 4102 2203 4158 ha'c
2233 4104 2410 4158 omnia
2442 4104 2592 4174 signa
2624 4103 2848 4173 fuerint,
2880 4123 2987 4163 non
3018 4108 3215 4164 desunt
3246 4120 3421 4168 tamen
3455 4118 3544 4181 qni

1936 4192 2036 4247 hoc
2067 4209 2171 4247 non
2202 4194 2458 4261 credant,
2494 4196 2661 4251 multo
2693 4198 2863 4267 magis
2901 4198 2951 4253 si
2992 4198 3109 4255 lucc
3146 4217 3254 4257 non
3295 4204 3542 4259 fuissent.

1937 4284 2123 4341 Viden‘
2166 4301 2265 4356 per
2307 4296 2506 4358 quanta
2555 4290 2873 4345 ωεοιιοιιιίιι)
2923 4291 3205 4348 veritatem
3252 4296 3547 4351 ostendat?

1935 4378 2038 4433 Per
2067 4380 2226 4433 verba
2250 4421 2265 4443 ,
2300 4395 2395 4450 per
2421 4395 2481 4434 ea
2509 4398 2629 4450 qum
2660 4383 2881 4453 patitur.
2921 4382 3128 4439 Deinde
3168 4387 3391 4442 veniens
3417 4388 3546 4445 dicit

1935 4472 2093 4527 Petro
2122 4487 2135 4527 :
2170 4470 2260 4527 Sic
2288 4489 2388 4525 non
2416 4475 2625 4543 potuisti
2650 4490 2754 4527 una
2774 4476 2903 4529 hora
2924 4475 3134 4545 rigilare
3160 4482 3397 4534 mecum?
3415 4481 3545 4537 Οιιιο

1934 4569 2031 4617 lies
2059 4564 2420 4631 dormiebain,
2451 4577 2505 4620 et
2529 4566 2751 4621 Petrum
2789 4564 3051 4639 increpat,
3086 4564 3419 4628 subobscure
3440 4566 3539 4628 ιο.

1933 4672 2162 4725 arguens
2193 4674 2315 4712 eum
2344 4657 2413 4713 de
2442 4659 2503 4712 iis
2530 4676 2650 4730 qnze
2678 4660 2909 4714 dixerat.
2942 4660 3073 4716 illud
3107 4680 3235 4729 vero
3254 4706 3269 4731 ,
3302 4663 3505 4721 Mecum
3529 4711 3542 4731 ,

1934 4764 2039 4803 tum
2082 4750 2199 4803 sine
2237 4765 2399 4805 causa
2444 4753 2658 4821 punitur
2678 4795 2693 4818 ,
2726 4754 2827 4809 sed
2852 4770 2917 4810 ac
2948 4755 2994 4811 si
3024 4756 3233 4812 diceret
3262 4775 3277 4814 :
3312 4759 3545 4829 Vigilare

1934 4859 2039 4897 non
2068 4845 2285 4912 potuisti
2315 4862 2548 4911 mecum,
2580 4858 2635 4901 et
2660 4864 2757 4917 pro
2783 4866 2869 4903 mc
2894 4850 3129 4905 animam
3159 4862 3302 4908 luant
3333 4858 3546 4924 pones?

1931 4935 2086 5005 Quod
2131 4952 2261 4991 vero
2299 4940 2577 5009 sequitur,
2612 4939 2845 5009 idipsum
2885 4942 3190 4999 subindicat
3218 4962 3231 4999 :
3262 4962 3385 5000 nam
3425 4948 3541 5008 ait,

1944 5026 2189 5097 Vigilate,
2221 5038 2267 5081 et
2296 5040 2468 5095 orate,
2498 5041 2551 5084 ut
2582 5048 2643 5085 ne
2672 5032 2869 5089 intretis
2906 5035 2959 5088 in
3000 5038 3345 5092 Ientationcm.
3383 5038 3543 5092 Vides

1932 5120 2205 5189 quomodo
2229 5137 2442 5176 rursum
2471 5139 2566 5177 eos
2592 5124 2850 5191 instituat,
2884 5143 2951 5181 ne
2978 5129 3028 5182 in
3055 5131 3418 5199 arrogantiam
3448 5132 3536 5185 de-

1931 5215 2153 5277 clinent,
2186 5213 2279 5268 sed
2316 5215 2551 5268 animum
2589 5225 2893 5284 conterunt,
2928 5217 3266 5290 htnnilesqne
3296 5222 3423 5283 sint.
3458 5234 3539 5275 to-

1934 5320 2154 5379 tumque
2200 5309 2313 5364 Deo
2359 5309 2714 5364 adscribunt?
2759 5311 2825 5366 Et
2873 5329 3015 5367 nunc
3060 5315 3275 5383 quidem
3326 5316 3541 5369 Petrum

1932 5402 2240 5472 alloquitur,
2272 5415 2414 5456 nunc
2440 5404 2598 5457 simul
2628 5421 2839 5459 mnnes.
2872 5408 3043 5476 Atque
3077 5408 3150 5460 illi
3182 5408 3397 5477 quidem
3429 5413 3539 5464 ait:
3570 5470 3574 5479 '

1935 5493 2137 5557 Simon,
2173 5495 2377 5558 Simon,
2410 5497 2641 5565 expetivit
2674 5512 2757 5547 ras
2784 5509 3020 5563 satanas,
3056 5508 3110 5550 ut
3140 5501 3387 5555 cribraret
3410 5502 3543 5555 sicut

1934 5587 2156 5640 triticum
2179 5606 2197 5641 .'
2217 5597 2265 5642 et
2293 5605 2385 5657 ego
2423 5601 2625 5658 propter
2651 5603 2697 5645 te
2724 5594 2863 5646 oravi
2890 5598 2907 5665 (
2930 5593 3051 5647 Luc.
3086 5596 3175 5647 “2:2.
3208 5596 3265 5650 51
3290 5594 3308 5665 )
3332 5614 3345 5659 ;
3381 5594 3538 5649 simul

1930 5696 2061 5736 vero
2090 5684 2348 5739 omnibus
2389 5703 2404 5740 :
2448 5688 2629 5756 Orate,
2673 5689 2890 5760 inquit,
2936 5709 2997 5745 ne
3033 5694 3244 5748 intretis
3279 5696 3334 5746 in.
3366 5704 3543 5747 tenta.-

1997 5799 2011 5831 ¹
2051 5797 2220 5860 Aliqui
2255 5800 2456 5865 legunt,
2492 5806 2647 5860 (locet.
