4050 6452
964 282 977 313 ἵ

489 347 589 402 7r:
954 316 965 331 ί

488 461 679 513 tionem
710 460 725 489 ¹
754 475 764 511 ;
796 456 989 526 ubique
1016 454 1373 526 arrogantiam
1400 455 1608 508 illorum
1638 450 1854 521 frangit,
1877 464 1941 505 ac
1964 446 2074 502 sol—

488 552 662 605 licitos
688 549 878 604 reddit.
908 547 1108 602 Deinde
1134 564 1201 602 ne
1228 548 1496 602 videretur
1520 548 1692 600 acrior
1716 560 1855 609 esse,
1885 541 2028 596 addit
2056 558 2069 595 :

486 641 711 711 Spiritus
733 638 932 708 quidem
958 652 1223 709 promptus
1244 646 1340 700 eu,
1366 654 1484 691 caro
1506 647 1669 689 autem
1694 636 1916 701 infirma.
1940 632 2071 686 Nam

486 733 529 785 si
555 732 655 794 vis,
685 732 870 801 inquit,
906 739 1130 785 mortem
1170 740 1537 791 contemnere.
1580 745 1683 783 non
1727 728 1943 797 poteris,
1969 724 2073 779 do-

486 838 584 877 uec
614 823 755 878 Deus
787 837 1001 876 Inannm
1032 822 1328 891 porrexerit
1355 839 1369 875 :
1396 835 1522 876 caro
1549 821 1690 874 enim
1719 820 1952 873 animout
1979 816 2075 872 dc—

488 913 685 982 primit.
729 913 1039 982 Rursusque
1080 912 1180 967 hoc
1222 913 1392 981 ipsum
1423 911 1811 971 subiudicavit,
1844 909 2026 963 dicens
2056 926 2068 962 :

483 1004 571 1058 ιε.
606 1002 763 1057 Pater
780 1045 797 1069 ,
823 1004 867 1057 si
893 1020 993 1057 non
1021 1011 1182 1074 potest
1210 1003 1292 1056 hic
1327 1002 1465 1056 calta:
1500 1001 1714 1055 transire
1732 1043 1746 1065 ,
1785 1000 1884 1054 nisi
1910 999 2072 1052 bibant

484 1095 652 1159 illum,
677 1097 769 1163 ﬁat
798 1097 1029 1150 voluntas
1058 1104 1146 1148 tua
1172 1111 1191 1150 :
1222 1094 1308 1149 hic
1335 1092 1623 1149 ostendens
1648 1109 1709 1147 se
1733 1108 1854 1146 cum
1880 1090 2042 1145 volun
2059 1117 2071 1129 -

486 1198 594 1243 tate
625 1188 716 1242 Dei
746 1186 1032 1241 admodum
1063 1201 1396 1249 consonare,
1428 1194 1483 1239 et
1510 1184 1703 1254 ubique
1744 1183 1890 1236 illum
1920 1180 2070 1251 sequi

483 1290 763 1350 oportere,
796 1278 1029 1347 illudque
1066 1277 1361 1350 requirere.
1407 1276 1494 1330 45.
1533 1273 1597 1328 Et
1630 1274 1862 1336 veniens,
1888 1272 2074 1325 iurenit

482 1385 567 1423 eos
589 1368 911 1422 dormientes.
929 1367 1059 1422 Nam
1088 1376 1439 1436 pra-terquam
1465 1365 1605 1436 quod
1633 1366 1945 1433 intempesta
1969 1377 2072 1417 nox

486 1468 636 1525 erat,
665 1458 805 1513 oculi
832 1473 1017 1512 eorum
1057 1472 1167 1529 prte
1201 1471 1435 1511 maerore
1460 1456 1661 1526 gravati
1690 1464 1863 1509 erant.
1894 1452 2076 1508 Tertio

486 1565 698 1620 quoque
728 1550 910 1604 abiens
937 1548 1038 1602 hoc
1065 1549 1235 1619 ipsum
1261 1547 1510 1617 loquutus
1537 1557 1640 1608 est,
1670 1544 1996 1600 conﬁrmans
2016 1558 2077 1599 se

489 1644 759 1698 hominem
791 1641 987 1697 factum
1014 1656 1151 1697 esse.
1178 1639 1313 1697 Nam
1339 1639 1469 1694 illud
1496 1638 1732 1694 secundo
1757 1648 1812 1693 et
1837 1637 1997 1692 tertio
2024 1638 2074 1689 in

485 1736 774 1806 Scriptnris
806 1736 1044 1814 veritatis
1066 1742 1149 1790 est
1173 1742 1379 1789 certum
1410 1730 1661 1785 indicium
1695 1747 1710 1785 :
1740 1727 1881 1785 sicut
1906 1736 1963 1783 et
1987 1726 2078 1783 Jo-

485 1826 619 1897 seph
652 1825 916 1882 Pharaoni
943 1824 1079 1879 dixit
1106 1841 1119 1877 :
1148 1822 1259 1878 Tibi
1296 1822 1534 1894 apparuit
1569 1828 1823 1876 somnium
1859 1819 2081 1872 secundo

492 1917 644 1989 (Gen.
672 1918 763 1972 Al.
790 1916 907 1987 '52),
937 1931 1035 1986 pro
1062 1916 1308 1977 veritate,
1336 1921 1393 1969 et
1421 1913 1520 1967 hoc
1546 1912 1741 1967 factum
1765 1920 1848 1965 est
1878 1920 1935 1965 ut
1960 1926 2078 1965 cre-

488 2011 586 2066 das
609 2008 660 2063 id
688 2010 904 2064 omnino
935 2006 1167 2061 futurum
1196 2020 1336 2060 esse.
1367 2004 1492 2059 Ideo
1521 2004 1633 2072 ipse
1658 2011 1714 2057 et
1740 2002 1906 2057 semel
1928 2010 1981 2056 et
2003 2002 2082 2055 bis

489 2110 546 2158 et
587 2101 742 2155 tertio
780 2100 1008 2168 idipsum
1049 2097 1297 2168 loquutus
1331 2105 1448 2160 est,
1481 2104 1540 2149 ut
1568 2094 1886 2149 (nconomite
1925 2092 2080 2161 tidem

493 2194 711 2247 taceret.
743 2189 811 2244 Et
837 2205 933 2245 cur
972 2187 1209 2244 secundo
1246 2186 1433 2241 venit?
1457 2183 1527 2241 Ut
1558 2185 1678 2239 illos
1707 2184 2080 2255 redargueret,

493 2283 618 2352 quia
648 2284 719 2337 ita
750 2295 985 2337 mterore
1012 2280 1188 2334 obruti
1216 2287 1389 2340 erant,
1423 2286 1482 2329 ut
1506 2291 1572 2330 ne
1604 2275 1939 2345 praesentiam
1965 2274 2085 2343 qui-

494 2377 620 2432 dem
647 2375 766 2446 ejus
793 2375 1073 2430 sentirent.
1107 2373 1216 2428 Nec
1242 2382 1419 2426 tamen
1450 2369 1743 2439 redarguit,
1773 2369 1867 2423 sed
1904 2370 2086 2438 paulu-

498 2468 602 2521 lum
629 2466 872 2528 recessit,
900 2464 1267 2519 incredibilem
1293 2476 1481 2517 eorum
1523 2462 1889 2514 inllrmitatem
1920 2461 2087 2529 signi-

498 2558 697 2625 ﬁcans,
723 2558 811 2628 qui
853 2571 921 2612 ne
964 2555 1218 2625 increpati
1260 2553 1473 2625 quidem
1515 2550 1812 2623 potuissent
1853 2552 2087 2622 vigilare.

498 2650 613 2705 Non
640 2646 999 2718 expergefacit
1021 2656 1198 2700 autent
1229 2659 1328 2699 nec
1358 2646 1595 2713 increpat
1622 2643 1885 2713 amplius,
1916 2657 1983 2697 ne
2006 2652 2089 2696 at-

500 2741 697 2795 tonitos
727 2738 894 2808 magis
924 2736 1260 2807 percellcret,
1286 2734 1378 2790 sed
1404 2749 1526 2791 cum
1551 2734 1787 2797 abiisset,
1814 2742 2021 2787 orasset
2037 2744 2092 2787 et

500 2832 784 2896 rediisset,
821 2831 896 2885 ait
928 2847 942 2881 :
970 2829 1062 2884 45.
1109 2828 1334 2904 Q0rmite
1365 2828 1479 2896 jam
1504 2836 1551 2880 et
1579 2825 1885 2894 requiescite.
1930 2824 2089 2893 Atqui

502 2936 627 2979 tunc
653 2923 871 2993 vigilare
899 2933 1033 2989 opus
1072 2928 1226 2983 erat;
1254 2916 1347 2971 sed
1386 2915 1619 2972 ostendit
1662 2916 1809 2985 ipsos
1852 2928 1918 2969 ne
1957 2929 2090 2968 con-

498 3023 737 3087 spectutn
761 3010 976 3083 quidem
998 3009 1259 3064 malorum
1286 3008 1441 3063 facile
1466 3007 1686 3072 laturos,
1714 3006 1807 3061 sed
1834 3005 2092 3076 rogandos

500 3124 623 3164 esse
645 3121 753 3176 pra:
781 3115 988 3159 terrore
1007 3143 1023 3167 ,
1057 3116 1229 3172 neque
1260 3115 1318 3155 se
1349 3101 1561 3155 illorum
1591 3115 1749 3170 egere
1772 3090 1974 3154 auxilio
1994 3140 2009 3163 ,
2040 3110 2095 3154 et

506 3199 641 3255 tradi
668 3215 727 3253 se
757 3197 976 3252 omnino
1004 3206 1275 3264 Oportore,
1307 3193 1486 3263 aitque
1515 3210 1529 3246 :
1561 3191 1789 3246 Dormite
1805 3194 1920 3261 jam
1945 3202 1991 3246 et
2016 3208 2097 3247 re-

503 3290 755 3359 quiescite.
802 3286 932 3341 Ecce
956 3285 1378 3355 appropinquavit
1416 3285 1562 3349 hora,
1591 3294 1639 3338 et
1672 3281 1840 3337 Filius
1879 3284 2097 3339 hominis

506 3380 729 3435 tradetur
756 3379 808 3431 in
836 3393 1017 3431 manus
1046 3384 1382 3443 peccatorum.
1425 3374 1671 3429 OSIeudit
1707 3389 1917 3429 rursum
1945 3390 2095 3430 meo-

507 3472 700 3526 uomim
730 3471 894 3524 fuisse
926 3468 1076 3522 illud.

577 3564 632 3617 2.
661 3562 891 3618 Christus
920 3575 1077 3626 neque
1106 3569 1309 3627 peccato
1330 3557 1595 3621 obnoxius,
1625 3573 1783 3626 neque
1810 3559 2100 3611 necessitate

508 3664 729 3716 coactus,
757 3651 844 3703 sed
867 3658 1046 3720 sponte
1067 3664 1159 3701 sua
1178 3648 1465 3717 passionem
1490 3646 1658 3701 subiit.
1688 3646 1972 3701 Proditoris
1992 3665 2075 3700 stre

512 3747 702 3799 leratus
744 3742 963 3795 animus.
1011 3739 1236 3815 Avaritia
1279 3737 1622 3808 redarguitur.
1658 3769 1725 3781 -—
1756 3738 1939 3808 Neque
1978 3737 2101 3793 hinc

513 3836 684 3888 solum
708 3876 723 3891 .
756 3836 848 3886 sed
876 3830 1036 3884 etiam
1064 3829 1203 3899 quod
1243 3829 1413 3891 dicat,
1440 3826 1503 3881 In
1538 3844 1718 3883 manus
1746 3840 2063 3899 peccatorum
2082 3872 2094 3889 ,

516 3928 727 3982 illorum
751 3924 906 3995 erigit
928 3922 1155 3987 animos,
1179 3921 1466 3975 ostendens
1494 3920 1701 3975 illorum
1731 3923 1977 3990 nequitia-
2003 3922 2103 3977 hoc

519 4032 651 4085 opus
688 4031 808 4070 esse
831 4055 847 4079 ,
881 4029 984 4067 non
1020 4028 1146 4067 vero
1182 4012 1322 4082 quod
1364 4011 1477 4081 ipse
1509 4023 1726 4080 peccato
1757 4024 1900 4067 esset
1930 4013 2102 4066 ulmo-

517 4111 655 4165 xius.
686 4107 777 4163 46.
807 4104 1032 4175 Surgite,
1059 4120 1229 4157 eamus
1258 4104 1373 4155 hinc
1396 4118 1414 4165 ;
1440 4119 1549 4156 erce
1573 4104 1994 4173 appropinquavit
2020 4107 2104 4171 qui

521 4216 600 4253 me
624 4198 801 4251 tradet.
833 4195 925 4249 llis
952 4192 1203 4248 omnibus
1232 4193 1352 4245 illos
1378 4192 1575 4255 erudit,
1607 4207 1711 4245 non
1749 4194 2103 4258 necessitatis,

524 4305 698 4361 neque
742 4286 1066 4343 inﬁrmitatis
1087 4327 1101 4349 ,
1131 4283 1224 4339 ευά
1265 4283 1581 4338 meouomia:
1609 4282 1886 4352 cujusdam
1919 4268 2112 4338 inellai

524 4386 645 4438 bilis
676 4397 787 4436 rem
818 4394 938 4433 esse
965 4396 979 4431 :
1009 4378 1319 4446 praesciebat
1344 4376 1487 4429 enim
1504 4387 1796 4432 venturum
1810 4392 1932 4434 esse
1952 4379 2108 4441 ’,πρε

522 4478 693 4531 solum
722 4489 825 4527 non
857 4471 1008 4540 fugit,
1037 4468 1127 4523 sed
1160 4468 1366 4519 obviam
1402 4466 1518 4519 ivit.
1548 4467 1636 4520 47.
1670 4463 1849 4519 Adhuc
1877 4466 2020 4521 enim
2050 4484 2108 4519 eo

522 4572 752 4640 loquente
770 4608 787 4631 ,
828 4580 940 4617 cccc
966 4560 999 4614 ,1
1008 4562 1136 4615 udas
1167 4577 1293 4613 unus
1331 4577 1391 4613 ex
1430 4560 1694 4612 duodecim
1723 4559 1855 4612 venit
1875 4600 1886 4619 ,
1916 4568 1961 4611 rt
1993 4576 2107 4612 cum

522 4662 632 4730 ipso
663 4658 807 4711 turba
836 4657 1013 4717 multa,
1044 4670 1158 4705 cum
1193 4654 1376 4721 gladiis
1404 4662 1447 4705 et
1476 4650 1710 4720 fustibus,
1743 4651 1881 4704 missi
1909 4668 1940 4703 a
1968 4651 2111 4721 prin-

524 4752 720 4822 cipibus
744 4748 1061 4803 sacerdotum
1099 4753 1143 4799 et
1172 4744 1451 4798 scnioribus
1482 4744 1675 4811 papuli.
1711 4742 1931 4797 Pulchra
1963 4753 2108 4795 ct-rte

526 4842 862 4899 sacerdotum
885 4840 1258 4901 instrumenta,
1276 4851 1398 4891 cum
1422 4835 1609 4905 gladiis
1630 4844 1682 4888 et
1703 4834 1859 4903 lignis
1880 4835 2105 4887 irruunt.

531 4936 595 4990 lit
622 4932 808 4997 Judas,
840 4930 1028 4997 inquit,
1055 4942 1173 4981 cum
1197 4927 1296 4990 eis,
1326 4942 1460 4979 unus
1484 4942 1547 4978 ex
1574 4924 1875 4978 duodecim.
1906 4923 2111 4977 Rursus

527 5028 675 5080 illum
708 5037 870 5078 uutttn
897 5030 963 5074 ex
992 5016 1268 5071 duodecim
1302 5016 1468 5078 dicit,
1499 5032 1669 5083 neque
1702 5014 1989 5069 erubescit.
2020 5016 2108 5068 48.

532 5121 627 5185 Qui
665 5128 832 5171 autem
881 5113 1106 5167 tradebat
1153 5126 1299 5173 eum,
1342 5109 1477 5160 dedit
1517 5109 1585 5161 eis
1620 5109 1853 5178 signum,
1894 5108 2110 5162 dicens:

534 5218 906 5277 Quctncnmque
950 5202 1206 5259 osculatus
1247 5205 1423 5273 fuero,
1474 5203 1581 5267 ipse
1624 5211 1731 5267 est,
1778 5212 1937 5254 tenete
1980 5219 2113 5256 eum.

536 5306 690 5369 Papa:
715 5344 730 5367 ,
762 5309 1015 5371 quantum
1058 5297 1232 5352 scelus
1273 5293 1557 5363 proditoris
1596 5294 1806 5346 animus
1843 5292 2117 5361 suscepit?

534 5397 728 5466 lllllltllS
754 5393 919 5447 oculis
950 5400 1075 5443 tunc
1100 5387 1405 5457 Magistrum
1438 5385 1681 5454 aspexit?
1707 5399 1813 5453 quo
1844 5400 1935 5437 ore
1966 5399 2117 5436 oscu-

538 5491 674 5541 latus
698 5485 823 5539 est‘l
858 5487 899 5536 υ
935 5481 1247 5536 sceleratam
1287 5478 1560 5543 mentem!
1597 5476 1719 5545 quid
1760 5476 2114 5529 deliberavit?

603 5589 617 5615 ι
655 5585 800 5629 .lnvta
852 5596 999 5628 unum
1039 5582 1257 5627 codicem
1310 5579 1575 5640 legendum
1628 5586 1781 5640 esset,
1816 5575 1963 5640 simul
2006 5589 2121 5628 vero

539 5646 757 5695 mttnibus
790 5646 1033 5694 orandum
1062 5656 1165 5691 esse
1197 5640 1316 5691 dicit
1347 5638 1405 5689 ne
1436 5639 1608 5689 intrent
1640 5638 1689 5686 in
1709 5638 2029 5688 tentationem.

605 5712 623 5738 ⁸
658 5711 737 5757 Sic
767 5708 864 5754 dao
887 5705 1027 5753 codd.
1051 5703 1243 5755 (lteleri.
1268 5702 1549 5767 prwsciebat
1582 5701 1959 5767 cuinrrentnros
1990 5714 2122 5767 esse;

540 5786 653 5829 ψικέ
674 5774 817 5817 etiam
844 5769 989 5815 lectio
1021 5765 1318 5833 quadratad
1344 5766 1546 5822 seriem,
1580 5779 1688 5814 nam
1722 5765 1801 5812 hic
1833 5768 1893 5811 αι·
1918 5765 2036 5811 .luda
2072 5771 2122 5814 et

542 5835 687 5880 suetis
720 5839 893 5881 autlut‘.

1285 341 1560 399 JUANNIS
1595 335 2072 395 CllllYSOSTUMl
2112 333 2427 391 AliCHlEP.
2466 333 2999 390 CONSTAN'I'INOP.

3661 335 3767 391 75.!

2176 447 2303 517 quid
2344 459 2505 501 ausos
2542 445 2660 501 est?
2700 444 2841 515 quod
2887 445 3189 516 symbolum
3230 444 3546 514 proditionis
3577 444 3770 500 dedit?

2181 524 2552 609 Quemcumque
2595 536 2849 590 osculatus
2893 540 3072 605 fuero,
3122 536 3313 607 inquit.
3357 535 3679 591 Couﬁdebat
3718 537 3773 589 in

2182 632 2403 687 leuitate
2431 631 2665 701 magistri
2688 648 2701 683 :
2726 631 2864 700 quod
2890 631 3120 685 maxime
3145 631 3290 684 illlllll
3314 628 3647 685 confundere
3675 630 3775 682 (ie-

2181 723 2330 790 buit,
2358 732 2410 778 et
2439 723 2589 778 venia
2627 723 2772 776 onnti
2812 724 3059 791 privare,
3098 724 3240 793 quod
3281 732 3388 777 tam
3429 714 3788 777 mansuet'nm

2180 816 2488 886 magistrum
2523 813 2835 885 prodiderit.
2873 812 2977 868 Sed
3008 829 3124 879 cur,
3164 815 3394 884 inquies,
3427 817 3528 868 hoc
3558 814 3775 883 signum

2178 909 2360 969 dedit?
2380 908 2513 977 Quia
2551 908 2747 977 sa'pius
2770 907 2839 961 ab
2869 907 2972 961 illis
2999 907 3442 976 comprehensus.
3472 904 3775 977 pertransi-

2179 1002 2288 1069 vit,
2315 1002 2444 1070 ipsis
2471 1000 2849 1057 nescientibus.
2886 1003 3133 1054 Attamen
3173 1006 3299 1054 tunc
3324 1014 3539 1069 quoque
3572 996 3776 1052 factum

2180 1094 2383 1158 fuisset,
2417 1093 2462 1149 si
2499 1108 2603 1147 non
2635 1092 2749 1163 ipse
2774 1091 2905 1161 capi.
2922 1090 3203 1147 voluisset.
3244 1090 3311 1147 Ut
3344 1091 3446 1146 hoc
3472 1091 3648 1161 ipsum
3677 1088 3776 1144 Ju-

2177 1186 2300 1243 dant
2322 1185 2562 1247 doceret,
2587 1186 2771 1241 oculos
2791 1199 2976 1239 eorum
3007 1184 3295 1239 excaecavit
3320 1199 3334 1245 ;
3364 1184 3585 1252 ipseque
3611 1182 3781 1234 inter-

2182 1278 2433 1348 rogabat,
2467 1277 2627 1344 Quem
2664 1277 2889 1347 qumitis
2918 1274 3098 1346 (Joan.
3135 1275 3223 1330 l8.
3252 1273 3351 1343 4)?
3382 1274 3482 1344 lpsi
3512 1288 3645 1327 vero
3673 1289 3779 1326 una

2182 1378 2459 1433 noverant,
2487 1370 2732 1439 quamvis
2759 1383 2879 1424 cum
2914 1367 3131 1422 Iaternis
3155 1378 3211 1422 et
3237 1365 3570 1436 lampadibus
3596 1373 3781 1419 essent

2182 1463 2475 1534 ludumque
2519 1477 2700 1517 Secum
2746 1462 3023 1516 haberent.
3069 1459 3272 1514 Deinde
3310 1458 3429 1526 quia
3475 1456 3735 1511 dixerunt
3766 1497 3779 1517 ,

2179 1556 2376 1620 Iesum,
2406 1556 2479 1609 ait
2508 1556 2597 1609 ille
2625 1574 2637 1608 :
2667 1554 2777 1625 Ego
2797 1571 2908 1607 sum
2930 1555 2974 1606 is
2994 1569 3139 1620 quem
3162 1553 3387 1622 mritis
3414 1548 3576 1621 (Ibid.
3611 1565 3656 1602 υ.
3687 1547 3779 1617 Ξε);

2181 1658 2234 1703 et
2259 1662 2464 1713 ranus,
2499 1647 2588 1701 5:0.
2617 1644 2808 1707 Amice.
2837 1644 2905 1699 ad
2927 1645 3050 1715 quid
3076 1643 3252 1697 venisti
3272 1644 3297 1696 .7
3325 1643 3613 1711 Postquam
3635 1642 3781 1695 enim

2182 1739 2414 1794 ostendit
2458 1738 2748 1808 potentiam
2791 1752 2977 1799 suam,
3011 1746 3121 1788 ttun
3160 1734 3375 1789 dennnn
3416 1730 3467 1785 id
3514 1731 3719 1801 permis
3742 1738 3784 1783 t.

2184 1830 2417 1884 Joannes
2446 1844 2574 1883 vero
2602 1828 2677 1881 ait
2700 1828 2741 1891 ί,
2770 1826 2953 1881 Jesutn
2983 1825 3049 1880 ad
3081 1825 3223 1879 illam
3262 1838 3428 1893 usque
3468 1822 3659 1877 horam
3684 1820 3781 1875 .luo

2184 1922 2306 1976 dam
2329 1920 2615 1976 emendare
2642 1919 2875 1973 voluisse
2901 1916 3133 1973 dicendo
3157 1934 3169 1969 :
3196 1916 3362 1983 Juda,
3389 1914 3563 1968 osculo
3592 1912 3791 1967 Filium

2186 2014 2406 2067 hominis
2430 2012 2589 2066 tradis
2616 2010 2769 2080 (Luc.
2799 2008 2893 2065 εἰ.
2918 2010 3049 2078 48)?
3076 2007 3185 2064 Nec
3209 2016 3261 2063 te
3293 2006 3455 2077 pudet
3476 2005 3569 2059 tali
3601 2004 3791 2072 prodi-

2189 2104 2349 2159 tionis
2378 2103 2539 2157 modo
2564 2101 2678 2156 uti?
2720 2102 2965 2156 Attamen
2994 2102 3115 2171 quia
3142 2115 3209 2155 ne
3236 2099 3335 2153 hoc
3360 2097 3579 2169 quidem
3609 2097 3791 2165 ipsum

2187 2194 2445 2256 cohibuit,
2474 2194 2714 2247 osculum
2740 2194 2857 2262 ejus
2885 2192 3119 2254 admisit,
3147 2199 3200 2245 et
3219 2192 3452 2259 seipsnm
3482 2189 3661 2243 libens
3682 2196 3792 2240 tra—

2189 2286 2346 2342 didit.
2376 2286 2440 2341 Et
2468 2288 2782 2341 immiserunt
2806 2288 2857 2340 in
2880 2285 3026 2340 illum
3052 2302 3251 2348 manus,
3278 2294 3324 2339 et
3355 2276 3626 2337 tenuerunt
3648 2296 3791 2342 eum,

2191 2379 2378 2434 eadem
2428 2378 2539 2445 ipsa
2587 2386 2774 2441 nocte,
2817 2391 2920 2446 qua
2964 2376 3158 2445 pascha
3204 2374 3594 2436 romedebaut;
3639 2380 3798 2425 taqu

2194 2480 2347 2525 rrant
2383 2477 2559 2524 lurore
2585 2469 2839 2538 correpti.
2874 2468 3121 2523 Attamen
3150 2466 3282 2521 nihil
3316 2466 3659 2536 potuissent.
3689 2462 3794 2515 nisi

2198 2566 2309 2630 ipse
2337 2563 2385 2616 id
2417 2563 2765 2632 permisisset.
2797 2560 2926 2615 Illud
2954 2571 3132 2614 tamen
3158 2559 3347 2613 Judam
3373 2558 3439 2611 ab
3469 2552 3800 2610 intolerabili

2196 2654 2459 2721 supplicio
2488 2668 2591 2705 non
2623 2651 2905 2718 liberabit,
2934 2651 3031 2707 sed
3062 2650 3248 2720 majori
3286 2649 3577 2703 obnoxium
3616 2642 3803 2699 retld.t

2195 2742 2521 2797 damnationi
2556 2761 2567 2794 :
2599 2742 2742 2813 quod
2776 2758 2896 2797 cum
2936 2752 3137 2797 tantam
3173 2751 3228 2796 et
3268 2741 3519 2811 polentia:
3550 2748 3603 2792 cl
3635 2750 3798 2790 mau-

2196 2834 2494 2889 suetudinis
2532 2833 2876 2902 lenitatisque
2905 2833 3020 2903 ejus
3048 2831 3562 2888 demonstrationem
3592 2832 3802 2886 habue-

2199 2925 2299 2986 rit.
2331 2922 2439 2978 fera
2468 2924 2662 2979 εωγίον
2693 2922 2875 2978 fuerit.
2906 2923 3031 2979 Hmc
3063 2938 3185 2978 eum
3214 2924 3484 2987 sciamus,
3513 2922 3800 2976 avaritiam

2198 3014 2461 3085 fugiamus
2486 3034 2497 3068 :
2529 3014 2643 3070 ba-c
2670 3014 2812 3069 enim
2840 3024 2966 3069 tunc
2990 3014 3160 3080 illum,
3189 3012 3326 3080 brec,
3358 3013 3596 3084 inquam,
3628 3014 3683 3067 in
3708 3011 3802 3069 fa-

2200 3123 2375 3162 rorem
2400 3107 2629 3176 conjecit
2656 3124 2671 3160 :
2705 3106 2820 3161 hazc
2846 3106 2914 3161 ad
2939 3117 3231 3161 extremam
3261 3106 3653 3160 immanitatem
3674 3120 3804 3159 cru-

2199 3198 2578 3265 delitatemque
2618 3198 2766 3251 illum
2807 3198 3139 3254 exercitavit.
3181 3186 3368 3267 Neque
3407 3197 3554 3250 illum
3593 3196 3757 3250 modo
3783 3238 3802 3262 ,

2204 3289 2295 3344 sed
2318 3289 2477 3343 etiam
2501 3304 2692 3344 omnes
2716 3291 2803 3359 qui
2834 3289 2923 3343 tali
2953 3289 3141 3343 morbo
3161 3290 3300 3358 capti
3329 3283 3471 3343 sunt.
3494 3286 3629 3343 Cum
3646 3290 3804 3363 cnim

2202 3378 2269 3432 ad
2295 3379 2690 3448 desperandum
2718 3380 2787 3434 de
2812 3382 2985 3435 salute
3015 3380 3248 3443 inducat,
3279 3380 3450 3433 multo
3473 3380 3647 3450 magis
3670 3381 3807 3434 alio-

2207 3487 2322 3525 rum
2350 3471 2576 3526 salutem
2606 3470 2885 3541 despicere
2926 3470 3134 3525 suadet.
3164 3475 3339 3540 Atque
3378 3472 3447 3523 ita
3491 3474 3809 3541 tyrannicus

2206 3572 2289 3617 est
2328 3563 2580 3626 morbus,
2626 3573 2683 3616 ut
2729 3564 2888 3616 etiam
2939 3562 3467 3617 vehementissimam
3512 3578 3806 3631 corporqu

2206 3669 2444 3709 amorem
2493 3652 2782 3722 aliquando
2825 3665 3063 3723 superet.
3107 3653 3467 3719 Quamobrem
3512 3653 3807 3708 admodum

2207 3746 2499 3807 erubesco.
2540 3746 2678 3815 quod
2725 3746 2876 3799 multi
2924 3745 3163 3814 pecuniis
3205 3754 3486 3814 parcentes
3527 3746 3808 3800 libidinem

2210 3836 2558 3901 refrenarem,
2588 3837 2677 3907 qui
2707 3845 2927 3906 propter
2951 3835 3047 3890 Dei
3072 3836 3316 3891 timorem
3344 3838 3633 3891 noluerunt
3657 3846 3813 3892 caste

2212 3929 2558 3999 modesteque
2601 3930 2805 3984 vivere.
2849 3929 2973 3983 Ideo
3012 3928 3273 3999 fugiamus
3311 3927 3450 3982 illam
3474 3960 3502 3992 φ
3526 3929 3759 3983 obsecro
3793 3948 3804 3982 :

2214 4036 2386 4091 neque
2416 4021 2557 4075 enim
2591 4020 2693 4074 hoc
2717 4018 2927 4074 dicendi
2957 4020 3116 4074 linem
3148 4019 3355 4073 faciatn.
3389 4021 3497 4072 Cur
3520 4034 3746 4085 aurum,
3776 4037 3812 4075 o

2214 4114 2394 4179 homo,
2419 4112 2766 4167 accumulas?
2793 4127 2892 4166 cur
2930 4112 3239 4166 servitutem
3285 4095 3426 4165 tuam
3471 4111 3810 4167 acerbiorem

2215 4204 2429 4259 reddis?
2451 4218 2547 4257 cur
2571 4202 2867 4258 custodiam
2895 4203 3193 4272 graviorem
3216 4241 3233 4266 ,
3261 4216 3359 4256 cur
3384 4202 3807 4257 sollicitudinem

2212 4277 2545 4349 acutiorem?
2574 4293 2701 4348 Puta
2733 4303 2850 4347 tuas
2878 4308 2999 4349 esse
3028 4308 3215 4348 omnes
3243 4293 3357 4346 auri
3391 4308 3573 4355 \‘t‘ttas.
3603 4309 3723 4363 quzr
3758 4295 3810 4348 ia

2215 4387 2441 4440 metallis
2463 4394 2607 4448 sunt,
2633 4387 2917 4455 omniaque
2944 4385 3029 4438 illa
3053 4399 3170 4453 quae
3198 4388 3247 4453 in
3269 4385 3459 4438 aerario
3479 4386 3651 4454 regia.
3677 4384 3812 4439 Nam

2214 4477 2258 4530 si
2288 4475 2424 4528 hanc
2456 4485 2654 4529 tantam
2684 4474 2881 4529 molem
2907 4474 3022 4527 auri
3067 4474 3291 4528 haberes
3311 4515 3326 4535 .
3355 4476 3658 4529 custodircs
3692 4486 3809 4528 tau-

2219 4576 2361 4630 tum,
2392 4581 2496 4621 non
2528 4566 2773 4621 utereris.
2806 4567 3017 4621 Etenim
3057 4565 3101 4619 si
3136 4579 3279 4619 nunc
3308 4564 3372 4618 iis
3410 4580 3529 4633 qua:
3569 4566 3818 4635 possides

2218 4673 2325 4713 non
2354 4648 2539 4723 uteris,
2573 4658 2665 4713 sed
2696 4658 2765 4712 ab
2804 4658 2867 4713 iis
2894 4658 3130 4713 abstines
3156 4668 3212 4711 ut
3237 4657 3426 4713 alienis
3453 4675 3469 4713 :
3496 4661 3664 4713 multo
3697 4677 3818 4713 ma-

2217 4752 2298 4820 gis
2323 4752 2367 4806 si
2403 4752 2807 4823 plnra‘haberes
2830 4794 2843 4815 ,
2878 4752 3104 4820 idipsum
3144 4766 3353 4821 ageres.
3395 4751 3526 4806 Na'm
3572 4756 3819 4820 pecunia:

2220 4857 2459 4898 ainantes
2489 4844 2683 4904 solent,
2708 4858 2813 4913 quo
2840 4845 2960 4913 plus
2984 4844 3097 4897 auri
3127 4844 3421 4912 possident,
3447 4860 3513 4897 ro
3541 4846 3713 4915 magis
3741 4847 3818 4901 illi

2220 4954 2459 5009 parcere.
2490 4936 2595 4991 Sed
2633 4938 2773 5001 scio,
2815 4936 3055 5007 inquies,
3088 4936 3202 4991 haec
3240 4953 3356 4991 mra
3399 4953 3539 4992 esse.
3583 4939 3723 5007 l-Irgo
3766 4940 3821 4993 in

2220 5032 2470 5099 opiniJne
2516 5040 2718 5084 tantum
2746 5073 2761 5097 ,
2796 5045 2899 5085 non
2937 5032 2987 5085 in
3029 5047 3126 5085 usu
3164 5030 3430 5100 possessio
3460 5046 3545 5085 tua
3575 5043 3679 5087 est.
3711 5033 3820 5089 Sed

2224 5126 2347 5178 hinc
2390 5123 2723 5179 inmunibus.
2756 5123 3381 5191 inquies,‘l'ormidahilis
3422 5126 3628 5179 [ηιατυς
3668 5142 3816 5181 sunt.

2225 5217 2333 5270 imo
2355 5224 2508 5283 captu
2544 5215 2762 5279 facilior,
2796 5215 3067 5278 divitibus,
3106 5217 3444 5283 pauperibus,
3476 5217 3702 5283 furibus,
3732 5236 3823 5290 sy-

2222 5308 2525 5376 cophantis,
2553 5308 2726 5361 sertis
2751 5306 3106 5375 omnibusque
3128 5306 3341 5360 demum
3373 5308 3610 5361 insidiari
3637 5313 3819 5365 volen-

2224 5401 2384 5453 tibus.
2428 5398 2561 5453 Nam
2601 5400 2643 5451 si
2685 5399 2764 5451 vis
2807 5414 2926 5451 esse
2967 5397 3353 5464 formidabilis,
3392 5400 3621 5468 praecide
3659 5420 3821 5456 ausas

2222 5493 2412 5561 (ptibus
2457 5504 2676 5558 possunt
2718 5501 2768 5545 te
2812 5506 3004 5559 capere
3047 5501 3101 5544 et
3139 5507 3331 5546 vexare
3367 5506 3556 5546 omnes
3586 5494 3675 5561 qui
3718 5494 3821 5549 hoc

2225 5586 2393 5647 ipsum
2430 5586 2497 5635 {at
2520 5599 2605 5637 ’τε
2635 5587 2814 5636 vcltul.
2850 5585 3040 5637 Annon
3070 5583 3261 5638 audisti
3297 5584 3397 5639 hoc
3437 5587 3820 5655 proverbium,

2227 5674 2520 5743 Paupcrcm
2564 5685 2613 5729 et
2660 5676 2857 5729 malum
2908 5690 3012 5729 uou
3060 5685 3281 5744 possunt
3316 5688 3528 5731 centum
3569 5678 3665 5733 viri
3698 5695 3823 5748 3p:-

2264 5817 2276 5843 ‘
2294 5816 2567 5872 tu-gmtdum
2587 5824 2713 5861 esset
2726 5822 2891 5872 ,tauws
2904 5814 3353 5878 rct'oaitgsuptidcm
3371 5821 3503 5863 Lucro
3521 5817 3669 5865 verba
3688 5828 3820 5867 sunt.
