4050 6436
200 392 316 444 τὶε)

206 503 391 558 itare?
423 501 662 571 Magnam
690 497 888 567 quippe
915 493 1072 547 habet
1116 502 1392 560 patronam
1423 490 1815 556 paupertatem,

203 609 378 664 quam
405 608 474 647 ne
501 607 596 646 rex
625 590 839 660 quidem
870 587 985 656 ipse
1015 585 1181 652 possit
1211 582 1424 635 vincere
1451 580 1536 632 vel
1565 589 1780 646 capere.

287 685 344 739 3.
389 683 669 737 Annorum
714 680 897 731 misera
935 675 1178 729 conditio.
1224 703 1295 715 ——
1339 674 1575 726 Avarum
1637 678 1817 722 autem

205 788 409 828 omnes
435 772 590 826 simul
622 782 820 822 vexare
863 775 1128 837 possunt;
1183 779 1354 834 neque
1402 761 1652 816 homines
1695 769 1815 813 tan-

209 876 331 917 tum
363 863 506 925 dico,
555 860 655 916 sed
705 870 761 912 et
813 859 971 911 tinem
1016 865 1072 910 et
1114 869 1346 908 vermes.
1392 851 1593 920 Ecquid
1644 849 1820 904 tineas

205 955 387 1010 dico?
431 953 652 1008 Multum
697 959 911 1020 tempus
947 948 1145 1013 solum,
1195 947 1450 1016 nulloque
1501 943 1692 998 addito
1738 941 1820 995 in-

204 1045 530 1108 commodo,
558 1059 779 1099 avarum
823 1050 1002 1113 potest
1051 1041 1285 1096 maxime
1308 1038 1528 1093 laedere.
1557 1035 1688 1104 Quae
1715 1035 1814 1106 igi-

205 1151 307 1194 tur
353 1148 440 1194 est
466 1138 776 1194 divitiarum
804 1135 1095 1204 voluptas?
1139 1133 1252 1203 Ego
1300 1130 1575 1186 molestias
1616 1130 1813 1193 video;

207 1242 272 1284 ιιι
303 1230 433 1285 mihi
467 1229 798 1297 voluptatem
827 1225 976 1280 illam
1003 1223 1234 1292 explica.
1285 1223 1351 1277 Et
1379 1237 1499 1290 quze
1531 1219 1814 1285 molestiae,

208 1319 471 1390 inquies?
513 1316 934 1380 Sollicitudines,
980 1314 1210 1374 insidite.
1244 1310 1560 1378 inimicitiae,
1591 1310 1774 1365 odium
1798 1351 1812 1373 ,

209 1412 402 1475 timor,
446 1418 646 1463 :eterua
686 1408 804 1463 sitis
849 1417 905 1462 et
946 1406 1124 1460 dolor.
1175 1404 1306 1459 Nam
1344 1404 1389 1458 si
1421 1403 1544 1470 quis
1582 1402 1814 1472 puellam

206 1502 632 1570 compleCtatur,
662 1514 762 1554 uec
792 1498 1284 1565 concupiscentiam
1333 1495 1555 1565 explere
1603 1495 1814 1564 possit,

206 1601 466 1646 extremo
502 1590 690 1644 dolore
719 1590 1012 1644 cruciatur.
1063 1589 1154 1643 Sic
1199 1589 1362 1642 etiam
1408 1587 1579 1652 dives,
1633 1602 1813 1642 rerum

207 1684 433 1752 quidem
464 1683 672 1752 c0piam
705 1681 888 1748 habet,
919 1681 1172 1750 illamque
1199 1681 1576 1751 complectitur
1614 1696 1628 1733 :
1659 1681 1815 1748 cupi-

207 1775 442 1829 ditatem
471 1788 599 1827 vero
628 1787 782 1827 suam
804 1786 1020 1826 omnem
1051 1771 1270 1840 explere
1297 1771 1514 1841 nequit;
1547 1773 1641 1825 sed
1675 1770 1815 1824 idem

209 1863 501 1934 contingit,
546 1863 688 1934 quod
743 1862 820 1917 ait
868 1862 952 1916 vir
992 1863 1207 1931 sapiens
1246 1861 1558 1929 :Cupidilas
1599 1862 1817 1915 eunuchi

211 1959 522 2030 uirginitatis
551 1959 731 2027 ﬂorent
761 1955 947 2027 puella
973 1957 1169 2028 eripere
1207 1955 1394 2030 (Ecclt'.
1422 1957 1514 2012 20.
1547 1955 1626 2028 2).
1668 1958 1819 2014 Sicut

213 2049 504 2106 eunuchus
547 2049 807 2118 virginem
835 2047 1461 2118 amplexusingemiseit,
1504 2050 1582 2104 sic
1621 2050 1816 2105 divites

213 2155 430 2194 omnes.
488 2138 688 2208 Ecquis
737 2139 916 2193 dicere
958 2139 1124 2208 possit
1166 2139 1235 2193 de
1267 2142 1478 2195 ueteris
1519 2141 1816 2196 omnibus?

212 2229 494 2299 quomodo
520 2243 718 2283 avarus
747 2228 996 2284 omnibus
1025 2227 1240 2284 fastidio
1275 2230 1347 2284 sit
1375 2232 1549 2286 servis
1567 2273 1582 2296 ,
1612 2233 1819 2302 agrico-

216 2323 308 2388 lis,
337 2321 528 2376 vicinis
553 2362 568 2384 ,
614 2321 884 2376 civitatem
911 2322 1243 2392 gerentibus,
1275 2322 1468 2392 injuria
1499 2323 1665 2392 Izrsis,
1710 2341 1816 2380 nou

215 2414 384 2478 Imsis,
453 2414 609 2469 uxori
655 2414 889 2470 maxime
936 2416 1197 2482 omnium,
1250 2416 1436 2472 liberis
1481 2417 1601 2488 plus
1657 2436 1817 2490 quam

213 2505 471 2559 omnibus
503 2504 662 2560 aliis?
703 2503 818 2559 Non
848 2506 991 2560 enim
1025 2506 1146 2560 illos
1173 2515 1230 2560 ut
1258 2507 1478 2574 liberos,
1524 2509 1621 2564 sed
1667 2511 1819 2579 pejus

214 2611 379 2665 quam
408 2609 597 2650 servos
625 2605 680 2650 et
711 2595 883 2665 pretio
911 2608 1122 2665 emptos
1144 2597 1359 2663 educat,
1388 2600 1536 2656 mille
1571 2601 1684 2668 irae,
1717 2603 1817 2656 do-

217 2685 376 2750 loris,
422 2685 641 2752 furoris,
675 2686 813 2742 risus
838 2688 1154 2744 occasiones
1181 2687 1472 2745 adversum
1504 2706 1564 2747 se
1591 2694 1816 2763 praebet,

217 2779 478 2833 omnibus
525 2779 684 2834 simul
735 2780 1101 2849 spectaculum
1147 2781 1338 2838 factus.
1383 2783 1478 2839 Hae
1530 2796 1657 2841 sunt
1702 2789 1818 2858 ejus

216 2868 506 2934 molestiae,
551 2883 616 2926 ac
656 2867 885 2926 fortasse
925 2871 1146 2942 plures;
1186 2888 1362 2944 neque
1404 2875 1548 2932 enim
1594 2892 1818 2950 possunt

217 2977 412 3016 omnes
443 2961 735 3026 recenseri,
781 2961 878 3018 sed
916 2964 1247 3035 experientia
1296 2965 1533 3024 docebit.
1572 2971 1654 3026 'I‘u
1690 2987 1820 3028 vero

223 3052 354 3108 mihi
383 3051 713 3122 voluptatem
753 3069 874 3124 quae
915 3054 1040 3111 inde
1065 3059 1304 3126 carpitur
1346 3059 1613 3116 describe.
1661 3063 1820 3122 Dives

220 3160 344 3200 esse
387 3145 576 3200 videor
615 3154 671 3200 et
717 3147 1016 3202 existimor.
1049 3146 1230 3220 Ecqua
1272 3151 1518 3221 voluptas
1550 3155 1708 3210 talem
1743 3158 1819 3211 vi-

223 3236 378 3290 deri?
408 3235 624 3291 Invidia:
651 3247 800 3292 certe
823 3254 1020 3294 nomen
1050 3241 1364 3297 maximum.
1387 3243 1593 3301 Nomen
1625 3250 1821 3319 quippe

225 3338 434 3382 tantum
475 3338 600 3383 sunt
641 3329 863 3396 divitiae,
909 3346 968 3386 re
1005 3346 1253 3388 vacuum.
1283 3334 1390 3390 Sed
1415 3336 1483 3392 de
1512 3338 1598 3392 illa
1630 3344 1820 3395 existi-

230 3420 489 3486 matione,
519 3420 752 3490 inquies,
783 3421 981 3491 gaudet
1011 3421 1180 3479 dives.
1231 3424 1468 3482 Laetatur
1513 3430 1582 3486 de
1630 3434 1823 3502 quibus

224 3512 516 3568 dolendum
555 3522 719 3568 esset.
775 3514 1094 3578 Dolendum,
1150 3517 1382 3588 inquies,
1429 3523 1636 3590 quare?
1687 3525 1820 3592 Quia

228 3604 357 3658 illud
386 3607 560 3674 ipsum
590 3604 657 3659 ad
687 3607 864 3659 omnia
895 3607 1134 3662 inutilem
1165 3609 1364 3674 reddit,
1386 3613 1650 3678 timidum,
1678 3616 1826 3686 igua-

228 3712 376 3762 vum,
409 3696 474 3751 ad
503 3698 987 3767 peregrinationem
1015 3702 1432 3770 suscipiendam,
1483 3705 1550 3759 ad
1595 3718 1822 3764 mortem

227 3789 592 3844 ubeundam:
649 3803 776 3843 nam
863 3794 1137 3865 duplicem
1226 3795 1316 3854 ille
1405 3810 1639 3856 mortem
1726 3817 1816 3857 re-

229 3889 400 3952 putat,
434 3882 781 3951 pecuniarum
812 3885 981 3954 magis
1009 3901 1166 3955 quam
1195 3886 1329 3940 lucis
1353 3889 1580 3958 cupidus
1611 3893 1650 3946 ‘.
1675 3893 1825 3948 Hune

229 3991 332 4031 nec
358 3976 548 4031 caelum
577 3975 832 4041 delectat,
862 3980 984 4047 quia
1015 3996 1120 4033 non
1153 3981 1252 4033 fert
1274 3997 1483 4046 aurum,
1515 4001 1688 4055 neque
1718 3990 1820 4053 Sol,

230 4069 355 4137 quia
403 4083 597 4124 aureos
644 4070 823 4123 radios
868 4086 972 4123 non
1023 4072 1237 4125 emittit.
1288 4073 1396 4128 Sed
1426 4076 1642 4142 quidam
1676 4090 1823 4146 sunt,

231 4162 465 4231 inquies,
494 4160 583 4230 qui
625 4177 804 4217 rerum
847 4164 998 4233 copia
1030 4163 1294 4230 fruuntur,
1324 4166 1532 4224 deliciis
1559 4179 1613 4225 et
1651 4174 1824 4228 ventri

231 4254 594 4324 indulgentes,
624 4257 753 4308 vino
789 4271 848 4310 se
896 4257 1307 4327 ingurgitantes,
1360 4260 1534 4316 lautos
1581 4277 1827 4335 sumptus

229 4343 590 4399 cﬂ‘undentes.
637 4345 855 4412 chores
889 4347 1100 4402 caeteris
1144 4350 1273 4404 mihi
1322 4367 1531 4408 narras.
1573 4355 1653 4410 Illi
1684 4361 1825 4413 enim

232 4437 467 4490 maxime
492 4447 639 4502 sunt,
671 4439 760 4508 qui
792 4453 896 4493 non
925 4438 1196 4498 fruuntur.
1243 4443 1335 4499 Ille
1374 4461 1606 4517 namque
1636 4451 1826 4507 saltem

231 4526 301 4579 ab
328 4527 707 4602 aliisvabstinet
733 4530 909 4601 malis,
937 4533 1027 4584 uni
1057 4535 1296 4602 pecunia:
1327 4539 1498 4594 amori
1533 4541 1779 4600 addictus
1814 4565 1832 4602 ξ

233 4617 311 4670 illi
357 4633 507 4682 vero,
554 4618 636 4673 his
685 4621 916 4690 pejores,
967 4634 1164 4692 praeter
1199 4628 1522 4696 supradicta,
1558 4632 1748 4688 duram
1777 4645 1832 4692 et

231 4710 581 4780 multiplicem
605 4711 702 4765 sibi
726 4713 1036 4768 servitutem
1061 4717 1356 4784 attrahunt,
1378 4733 1431 4775 et
1458 4737 1555 4778 ceu
1588 4728 1832 4796 tyrannis

230 4801 548 4868 quihusdam
592 4802 914 4858 immanibus
941 4820 1062 4862 sese
1088 4808 1287 4864 dedunt
1316 4814 1510 4880 ventri,
1540 4832 1830 4886 corporum

231 4894 428 4954 amori,
459 4895 728 4961 ebrietati,
759 4900 1077 4970 ezeterisque
1099 4903 1240 4958 vitiis
1263 4907 1502 4975 quotidie
1522 4911 1833 4968 ministran-

233 4993 336 5048 tes,
369 4995 545 5039 seorta
575 4988 803 5055 alentes,
838 4990 1009 5047 lautas
1050 5010 1236 5053 coenas
1275 5013 1622 5070 apparantes,

234 5167 555 5229 incidentes,
607 5171 731 5227 hinc
774 5175 919 5229 mille
963 5179 1166 5233 morbis
1195 5191 1251 5235 et
1280 5199 1480 5255 corpus
1508 5199 1563 5242 et
1596 5193 1828 5250 animan‘

232 5258 555 5316 efﬁcientes.
582 5262 698 5318 Non
727 5268 870 5322 enim
900 5285 996 5337 pro
1024 5276 1343 5330 necessariis
1369 5277 1508 5335 bona
1534 5281 1829 5353 insumunt,

262 5561 267 5565 ἑ
299 5497 312 5526 t
344 5495 574 5544 Edidm‘1i
618 5499 838 5576 hiemet,
871 5505 952 5576 x‘a‘t
972 5506 1074 5572 vim
1102 5509 1316 5570 κρεῖττον
1337 5514 1521 5572 ἡγεῖται
1547 5518 1708 5576 τοῦτο.
1744 5523 1836 5574 La-

234 5563 705 5640 l_i_i-I":"itl"'_r‘-_Prferat:
741 5577 853 5640 Ἦςηξ
875 5563 1075 5640 {unum
1105 5563 1207 5640 (ea:
1236 5563 1449 5640 outnit'uu
1481 5563 1710 5640 optundit;

233 5619 717 5702 .dlE-A-u'nol‘;
747 5624 922 5702 Ρξριᾳλ
937 5631 1068 5702 adp.

232 5682 644 5759 :Al‘tlrfrul.
869 5689 953 5736 l0:
1001 5682 1836 5759 ()bjiriclmtur7iiiildrduiuw(iii-inid

412 5742 619 5856 {ivngam
649 5756 693 5797 et
725 5750 868 5799 dolor
887 5788 900 5808 ,
953 5742 1212 5818 cogziautt',
1234 5742 1350 5822 fore

447 5825 486 5855 ιι
542 5846 552 5855 .

466 5826 552 5855 ιιδ.

1078 377 1141 432 IN
1182 373 1590 431 MATTIIASUM
1632 364 1862 424 IIUMIL.
1907 363 2195 419 LXXXIII.
2238 364 2308 418 aI.
2354 363 2638 420 LXXXIV.

3435 369 3540 425 7.·ιο

1930 475 2027 532 sed
2075 491 2173 546 pro
2220 477 2286 532 iis
2327 493 2449 545 qua:
2495 491 2693 545 corpus
2732 484 2791 531 et
2836 474 2999 530 simul
3030 476 3265 531 animam
3298 493 3540 536 corrum-

1927 578 2063 641 punt
2106 569 2494 640 :idipsumque
2549 577 2714 639 agunt
2764 583 2831 624 ac
2871 566 2918 622 si
2968 567 3094 639 quis
3131 584 3330 641 corpus
3373 586 3538 629 exur-

1929 675 2085 727 nans,
2129 670 2281 730 putet
2328 658 2450 714 usui
2491 674 2592 713 suo
2636 658 2924 730 pecuniam
2969 659 3306 729 impendere.
3353 659 3539 732 Itaque

1929 754 2016 807 ille
2045 754 2193 808 solus
2221 753 2497 820 voluptate
2524 751 2742 818 fruitur,
2786 765 3118 822 suarumque
3149 767 3330 808 rerum
3357 753 3534 809 domi-

1927 860 2026 898 nus
2052 853 2156 910 est,
2185 844 2275 915 qui
2315 845 2418 898 illis
2447 852 2505 896 ut
2532 859 2626 912 par
2651 852 2736 898 est
2767 842 2976 908 utitur;
3002 841 3056 896 hi
3087 858 3219 898 vero
3245 844 3388 901 servi
3409 853 3555 900 sunt

1926 944 1981 990 et
2005 935 2203 1005 captivi
2231 952 2246 990 :
2278 951 2402 989 nam
2431 935 2676 1004 corporis
2718 933 3065 989 inﬁrmitates
3087 943 3143 988 et
3164 922 3358 990 anima:
3388 951 3536 990 mor-

1925 1027 2026 1082 bos
2070 1020 2288 1096 augént.
2321 1025 2607 1094 Quodnam
2651 1038 2782 1096 ergo
2809 1024 3024 1081 fruendi
3049 1039 3242 1096 genus,
3271 1028 3360 1082 ubi
3388 1027 3536 1082 obsi-

1924 1117 2036 1180 dio,
2067 1117 2292 1182 bellum,
2321 1127 2483 1188 atque
2514 1126 2810 1187 tempestas
2852 1117 3080 1172 marinis
3101 1118 3347 1186 procellis
3372 1119 3540 1174 vehe-

1926 1210 2202 1266 mentior’
2247 1209 2380 1266 Nam
2427 1209 2632 1267 divitia:
2672 1210 2718 1265 si
2747 1210 2970 1265 stultum
2999 1209 3275 1266 hominem
3305 1213 3530 1268 invene-

1925 1303 2054 1368 rint,
2087 1303 2392 1360 stuItiorem
2425 1303 2653 1359 reddunt
2683 1319 2699 1370 ;
2746 1304 2792 1358 si
2825 1304 3110 1370 lascivum,
3161 1303 3525 1362 lasciviorem.

1928 1395 2129 1465 Ecqua,
2160 1394 2391 1465 inquies,
2430 1397 2651 1467 pauperi
2683 1411 2749 1452 ex
2782 1395 3067 1466 prudentia
3107 1396 3356 1453 utilitas?
3406 1399 3537 1454 Jure

1925 1485 2052 1540 illud
2093 1486 2326 1555 ignoras.
2355 1484 2543 1556 Neque
2571 1487 2715 1541 enim
2742 1501 2923 1542 czecus
2951 1488 3076 1553 scit,
3105 1487 3233 1560 quid
3272 1489 3408 1544 lucri
3441 1490 3530 1546 lux

1923 1576 2128 1632 afferat.
2159 1577 2296 1632 Audi
2329 1577 2679 1634 SalomOuem
2706 1579 2976 1635 dicentem
3011 1597 3024 1632 :
3063 1579 3326 1647 Quantum
3353 1592 3424 1636 est
3456 1583 3536 1636 iu-

1925 1677 2000 1722 ler
2027 1667 2256 1723 tenebras
2285 1677 2333 1722 et
2364 1669 2530 1723 lucem
2561 1669 2807 1734 medium,
2855 1678 3053 1723 tantum
3090 1670 3296 1742 sapiens
3323 1670 3536 1725 stultum

1923 1772 2128 1830 superat
2167 1759 2188 1831 (
2210 1759 2380 1816 Eccle.
2408 1760 2465 1816 2.
2505 1761 2597 1833 l3)
2627 1803 2640 1816 .
2694 1761 2802 1817 Sed
2830 1778 2954 1816 eum
2971 1763 3076 1832 .qui
3107 1763 3160 1818 in
3193 1764 3432 1819 tenebris
3455 1777 3540 1820 εει

1924 1854 2197 1922 quomodo
2239 1855 2604 1911 docebimus?
2653 1855 2788 1911 Nam
2830 1857 3182 1926 pecuniarum
3211 1872 3365 1912 amor
3396 1874 3538 1914 vem-

1926 1947 2166 2001 tenebra:
2216 1955 2363 2014 sunt,
2418 1962 2542 2017 qua:
2595 1962 2776 2002 rerum
2824 1947 3024 2003 nullam
3056 1949 3241 2003 sinunt
3269 1949 3540 2020 respicere

1923 2041 2096 2110 qualis
2150 2050 2254 2104 est,
2306 2041 2401 2096 sed
2452 2041 2561 2096 alio
2614 2043 2772 2114 longe
2823 2043 3008 2099 modo.
3071 2044 3536 2111 Quemadmodum

1923 2135 2067 2188 enim
2097 2134 2186 2203 qui
2215 2132 2270 2188 in
2300 2134 2542 2189 tenebris
2571 2143 2678 2202 est,
2706 2135 2921 2192 etiamsi
2951 2151 3048 2193 vas
3071 2152 3300 2192 aureum
3330 2138 3533 2203 videat,

1924 2228 2132 2282 etiamsi
2164 2227 2397 2298 lapidem
2427 2228 2749 2298 pretiosum,
2798 2229 3013 2285 etiamsi
3051 2231 3372 2286 vestimenta
3406 2246 3537 2300 pur-

1924 2335 2113 2391 purea,
2164 2334 2228 2375 ea
2282 2319 2417 2375 nihil
2463 2335 2586 2377 esse
2635 2321 2948 2388 existimat;
2997 2337 3104 2377 non
3153 2322 3298 2378 enim
3346 2339 3535 2377 eorum

1924 2412 2379 2482 pulchritudinem
2422 2412 2571 2469 videt
2601 2430 2616 2466 :
2649 2413 2729 2468 sic
2759 2421 2815 2468 et
2843 2414 3090 2485 pecunia:
3133 2429 3326 2470 amans
3373 2429 3538 2483 expe—

1925 2505 2206 2561 tendarum
2247 2522 2430 2562 rerum
2486 2505 2944 2577 pulchritudinem
2987 2515 3049 2562 ttt
3099 2515 3376 2577 Oporteret
3426 2523 3531 2561 ttou

1924 2597 2091 2654 videt.
2141 2599 2350 2670 Dissipa
2384 2600 2515 2654 mibi
2546 2600 2831 2669 caliginem
2859 2616 2926 2659 ex
2971 2600 3075 2656 hoc
3111 2601 3302 2656 morbo
3331 2612 3528 2665 ortam,

1925 2703 1977 2748 et
2027 2701 2156 2749 tunc
2195 2693 2403 2748 videbis
2444 2710 2626 2750 rerum
2677 2703 2949 2762 naturam,
2982 2711 3103 2767 qua:
3150 2712 3414 2767 nusquam
3467 2697 3535 2750 in

1926 2787 2138 2842 videtur
2184 2796 2240 2842 ut
2282 2787 2333 2841 in
2381 2796 2737 2858 paupertate:
2785 2803 3050 2859 nusquam
3100 2789 3174 2842 ita
3217 2789 3538 2845 cvincuutur

1927 2877 2061 2932 nihil
2092 2891 2213 2933 esse
2234 2892 2296 2933 ea
2326 2893 2449 2948 qua:
2477 2893 2601 2934 esse
2629 2878 2901 2945 videntur,
2937 2890 2996 2934 ut
3026 2880 3076 2934 in
3111 2880 3476 2951 philosophia.

1997 2970 2052 3025 4.
2098 2969 2379 3024 Domorunt
2417 2971 2569 3040 quale
2612 2989 2785 3026 rerum
2812 2973 2986 3038 decus,
3030 2975 3182 3042 quale
3224 2992 3399 3029 verum
3443 2976 3534 3030 de-

1926 3063 2100 3116 decus.
2128 3093 2200 3103 —
2226 3061 2332 3119 Sed
2365 3080 2400 3117 o
2428 3063 2575 3119 stulti
2605 3064 2872 3131 homines,
2917 3065 3008 3136 qui
3051 3067 3379 3121 maledicunt
3405 3084 3532 3138 pau-

1929 3153 2179 3222 peribus,
2207 3165 2262 3208 et
2283 3155 2469 3210 dicunt
2500 3157 2564 3210 iis
2589 3167 2645 3211 et
2669 3156 2860 3211 domos
2890 3166 2947 3211 et
2967 3157 3130 3212 vitam
3156 3158 3453 3228 dcturpari,
3483 3174 3537 3211 et

1923 3244 2112 3297 omnia
2132 3244 2503 3299 confundunt.
2534 3242 2675 3311 Quid
2697 3255 2782 3299 est
2828 3245 2975 3299 enim
3024 3245 3225 3303 domus
3251 3246 3541 3304 dedecus?

1926 3333 2046 3388 Non
2100 3334 2264 3388 habet
2307 3335 2574 3390 eboreum
2609 3335 2812 3390 lectum
2845 3375 2860 3399 ,
2908 3352 3020 3391 non
3074 3353 3203 3393 vasa
3237 3348 3538 3409 argentea;

1926 3427 2023 3482 sed
2079 3425 2268 3496 ﬁglina
2321 3428 2507 3483 omnia
2563 3437 2614 3482 et
2665 3429 2866 3500 lignea.
2915 3427 3031 3484 [Ine
3089 3440 3239 3487 certe
3292 3433 3539 3488 maxima

1926 3518 2128 3573 domus
2179 3517 2351 3589 gloria
2409 3527 2468 3574 et
2511 3517 2779 3575 nobilitas
2828 3531 2934 3575 est.
2980 3519 3342 3575 Smeularium
3392 3522 3542 3577 enim

1883 3685 1888 3694 .
1930 3624 2115 3664 rerum
2153 3620 2499 3682 contemptus
2548 3610 2601 3666 id
2641 3625 2789 3681 sape
2833 3609 3019 3677 efficit,
3068 3619 3129 3665 ut
3176 3612 3354 3666 omnis
3408 3626 3538 3666 cura

1927 3701 2273 3773 studiumque
2319 3714 2489 3760 totum
2535 3703 2678 3758 circa
2724 3703 2959 3758 animam
3005 3702 3368 3771 impendatur.
3403 3703 3538 3759 Cum

1929 3810 2061 3866 ergo
2089 3797 2312 3850 multam
2345 3796 2398 3849 in
2431 3796 2797 3851 exterioribus
2829 3794 3246 3850 sollicitudinem
3299 3796 3538 3864 impendi

1930 3888 2153 3952 videris,
2206 3897 2332 3943 tunc
2374 3888 2639 3943 erubesce
2679 3887 2746 3942 de
2778 3897 2928 3942 tanto
2955 3887 3248 3943 dedecore.
3297 3888 3535 3942 Divitum

1932 3980 2074 4034 enim
2124 3980 2319 4034 domus
2366 3995 2472 4034 non
2504 3979 2739 4035 debitam
2770 3979 2997 4036 formam
3030 3981 3249 4036 habent.
3286 3982 3418 4035 Cum
3463 3984 3542 4035 vi-

1934 4071 2078 4127 deris
2107 4087 2236 4143 ergo
2266 4072 2406 4142 ligna
2437 4073 2703 4141 tapetibus
2731 4073 2926 4136 velata,
2961 4072 3130 4128 lcetos
3170 4084 3395 4141 argento
3446 4090 3539 4127 or-

1935 4174 2090 4219 natos
2117 4165 2269 4233 quasi
2298 4164 2349 4217 in
2384 4164 2617 4230 theatro,
2649 4165 2800 4234 quasi
2831 4165 2882 4218 in
2916 4179 3108 4233 pompa
3138 4164 3379 4231 scenica,
3407 4166 3536 4235 quid

1937 4257 2059 4310 huic
2107 4256 2420 4326 turpitudini
2470 4271 2566 4326 par
2620 4256 2820 4311 fuerit?
2848 4257 2979 4324 Quze
3015 4258 3186 4329 magis
3216 4257 3411 4312 domus
3449 4275 3542 4312 nr-

1935 4349 2187 4413 chestrae,
2219 4358 2274 4404 et
2305 4349 2370 4404 iis
2399 4365 2519 4419 qua:
2553 4350 2604 4403 in
2637 4349 2915 4405 orchestra
2967 4350 3101 4403 lium
3127 4391 3139 4413 ,
3188 4350 3380 4406 similis
3420 4351 3542 4406 est?

1935 4441 2206 4507 divitisne,
2237 4451 2329 4496 aut
2359 4443 2654 4512 pauperis?
2694 4443 2887 4497 Annon
2937 4444 3114 4514 palam
3143 4455 3224 4499 est
3253 4453 3375 4500 esSe
3402 4444 3542 4499 divi-

1938 4536 2044 4591 tis?
2092 4537 2215 4591 Hau:
2254 4536 2611 4607 igiturplcna
2649 4536 2994 4606 turpitudine
3033 4538 3317 4607 est.-Qum
3346 4537 3544 4593 domus

1938 4629 2087 4684 Pauli
2138 4639 2191 4683 et
2235 4629 2525 4685 Abrahami
2576 4629 2826 4685 domibus
2868 4631 3062 4686 similis
3109 4633 3230 4687 est?
3285 4632 3546 4702 Pauperis

1939 4721 2125 4792 procul
2147 4719 2333 4776 dubio.
2364 4721 2491 4776 Have
2540 4738 2670 4791 ergo
2719 4722 2955 4778 maxime
2991 4735 3178 4780 ornata
3211 4734 3294 4780 est
3331 4735 3386 4778 et
3415 4741 3545 4779 cett-

1937 4814 2142 4883 spicua.
2192 4813 2258 4867 Et
2288 4824 2344 4868 ut
2374 4814 2553 4869 discas
2593 4815 2720 4869 illud
2767 4818 3004 4872 maxime
3052 4817 3247 4872 donms
3296 4823 3545 4874 ornatum

1937 4922 2080 4972 esse,
2121 4907 2407 4977 ingredere
2441 4909 2492 4963 in
2527 4910 2745 4964 domum
2793 4909 3064 4977 Zacchmi,
3105 4921 3161 4966 ct
3202 4912 3350 4968 disce
3408 4929 3542 4984 quo-

1938 4998 2102 5054 modo
2131 5000 2409 5054 ornaverit
2453 5016 2572 5055 eam
2607 5002 2879 5058 Christum
2904 5016 3232 5074 excepturus
3263 5024 3276 5060 :
3322 5021 3428 5060 non
3457 5023 3549 5061 cu-

1939 5092 2112 5146 currit
2153 5093 2218 5145 ad
2259 5093 2488 5159 vicinos,
2535 5110 2634 5149 nec
2667 5095 2820 5163 petiit
2849 5105 3070 5151 ornatas
3097 5097 3292 5165 januas
3323 5097 3544 5162 bifores,

1940 5201 2045 5240 non
2077 5185 2360 5241 cathedras
2386 5197 2444 5243 et
2473 5188 2725 5242 SIIbSL‘Hia
2756 5204 2820 5243 ex
2850 5189 3018 5245 ebore
3059 5191 3403 5256 concinnata,
3447 5208 3544 5248 nec

1938 5278 2124 5333 eduxit
2174 5295 2237 5332 ex
2291 5280 2561 5348 peunariis
2606 5281 2869 5337 Laconica
2903 5282 3199 5346 velamina;
3245 5283 3340 5338 sed
3374 5293 3545 5346 letum

1939 5371 2156 5424 ornavit
2176 5381 2232 5426 ut
2250 5371 2523 5427 Christum
2549 5373 2794 5428 decebat.
2820 5376 2950 5441 Quis
2979 5376 3068 5430 ille
3090 5378 3347 5432 ornatus?
3375 5377 3544 5430 Dimi-

1939 5463 2101 5527 dium,
2135 5461 2328 5531 inquit,
2363 5465 2607 5518 bonorum
2633 5483 2884 5532 meorum,
2918 5465 3156 5528 Domine,
3211 5469 3276 5522 do
3307 5470 3545 5538 pauperi-

1938 5552 2030 5608 bus
2053 5571 2068 5616 ;
2098 5565 2142 5605 et
2163 5557 2206 5607 si
2235 5556 2357 5624 quid
2379 5558 2596 5624 aliquem
2623 5559 2946 5626 defraudavi,
2973 5561 3185 5614 reddunt
3206 5562 3547 5631 quadruplum

1939 5647 2091 5714 (Luc.
2129 5650 2213 5703 19.
2246 5650 2324 5718 8).
2357 5650 2444 5704 Sic
2468 5662 2522 5705 et
2550 5668 2647 5705 nos
2672 5653 2863 5706 domus
2891 5670 3168 5719 orncmus,
3196 5666 3250 5710 ut
3278 5655 3549 5715 Christum

1937 5742 2312 5807 SllSL’iliiﬂnllIS.
2371 5744 2462 5795 ΙΙςι⁵
2494 5745 2871 5812 pulcherrima:
2917 5747 3120 5802 bifores
3151 5760 3277 5802 sunt
3309 5767 3321 5801 :
3354 5747 3462 5803 ιη.-
3499 5751 3550 5803 in

1940 5834 2085 5889 t-u'lis
2138 5846 2486 5903 apparantur,
2549 5838 2726 5907 ibique
2788 5848 3062 5896 texuntur.
3115 5841 3212 5897 Ubi
3248 5843 3359 5896 haec
3396 5851 3546 5910 sunt,
