  <div class='ocr_page' id='page_1' title='image "/cluster/home/n/w/nwhite01/storage/ocr_20150623/58/ien.35556001660851/298.png"; bbox 0 0 4050 6418; ppageno 0'>
   <div class='ocr_carea' id='block_1_1' title="bbox 284 415 411 472">
    <p class='ocr_par' dir='ltr' id='par_1_1' title="bbox 284 415 411 472">
     <span class='ocr_line' id='line_1_1' title="bbox 284 415 411 472; baseline 0.016 -2"><span class='ocrx_word' id='word_1_1' title='bbox 284 415 411 472; x_wconf 71' lang='grc'><strong>733</strong></span> 
     </span>
    </p>
   </div>
   <div class='ocr_carea' id='block_1_2' title="bbox 283 512 1900 599">
    <p class='ocr_par' dir='ltr' id='par_1_2' title="bbox 283 512 1900 599">
     <span class='ocr_line' id='line_1_2' title="bbox 283 512 1900 599; baseline -0.014 -17"><span class='ocrx_word' id='word_1_2' title='bbox 283 531 467 599; x_wconf 70' lang='lat' dir='ltr'><strong>igitur</strong></span> <span class='ocrx_word' id='word_1_3' title='bbox 523 522 688 579; x_wconf 89' lang='lat' dir='ltr'><strong>multa</strong></span> <span class='ocrx_word' id='word_1_4' title='bbox 739 515 1055 573; x_wconf 89' lang='lat' dir='ltr'><strong>humanitati</strong></span> <span class='ocrx_word' id='word_1_5' title='bbox 1107 514 1470 583; x_wconf 72' lang='lat' dir='ltr'><strong>competentia</strong></span> <span class='ocrx_word' id='word_1_6' title='bbox 1522 512 1742 570; x_wconf 80' lang='lat' dir='ltr'><strong>fecerat,</strong></span> <span class='ocrx_word' id='word_1_7' title='bbox 1793 522 1900 560; x_wconf 91' lang='lat' dir='ltr'><strong>non</strong></span> 
     </span>
    </p>
   </div>
   <div class='ocr_carea' id='block_1_3' title="bbox 281 604 1899 681">
    <p class='ocr_par' dir='ltr' id='par_1_3' title="bbox 281 604 1899 681">
     <span class='ocr_line' id='line_1_3' title="bbox 281 604 1899 681; baseline -0.01 -10"><span class='ocrx_word' id='word_1_8' title='bbox 281 618 665 673; x_wconf 74' lang='lat' dir='ltr'><strong>verisimilitcr</strong></span> <span class='ocrx_word' id='word_1_9' title='bbox 698 614 776 667; x_wconf 87' lang='lat' dir='ltr'><strong>sic</strong></span> <span class='ocrx_word' id='word_1_10' title='bbox 808 611 950 681; x_wconf 91' lang='lat' dir='ltr'><strong>loqui</strong></span> <span class='ocrx_word' id='word_1_11' title='bbox 981 610 1279 678; x_wconf 83' lang='lat' dir='ltr'><strong>potuisset,</strong></span> <span class='ocrx_word' id='word_1_12' title='bbox 1322 610 1404 661; x_wconf 80' lang='lat' dir='ltr'><strong>An</strong></span> <span class='ocrx_word' id='word_1_13' title='bbox 1438 604 1632 674; x_wconf 85' lang='lat' dir='ltr'><strong>putatis</strong></span> <span class='ocrx_word' id='word_1_14' title='bbox 1679 618 1764 659; x_wconf 80' lang='lat' dir='ltr'><strong>uie</strong></span> <span class='ocrx_word' id='word_1_15' title='bbox 1793 618 1899 656; x_wconf 88' lang='lat' dir='ltr'><strong>non</strong></span> 
     </span>
    </p>
   </div>
   <div class='ocr_carea' id='block_1_4' title="bbox 291 700 1898 780">
    <p class='ocr_par' dir='ltr' id='par_1_4' title="bbox 291 700 1898 780">
     <span class='ocr_line' id='line_1_4' title="bbox 291 700 1898 780; baseline -0.009 -18"><span class='ocrx_word' id='word_1_16' title='bbox 291 725 468 780; x_wconf 74' lang='lat' dir='ltr'><strong>posse</strong></span> <span class='ocrx_word' id='word_1_17' title='bbox 513 709 634 762; x_wconf 84' lang='lat' dir='ltr'><strong>illos</strong></span> <span class='ocrx_word' id='word_1_18' title='bbox 665 706 929 775; x_wconf 81' lang='lat' dir='ltr'><strong>perdere?</strong></span> <span class='ocrx_word' id='word_1_19' title='bbox 979 704 1103 758; x_wconf 85' lang='lat' dir='ltr'><strong>Ideo</strong></span> <span class='ocrx_word' id='word_1_20' title='bbox 1133 704 1304 756; x_wconf 81' lang='lat' dir='ltr'><strong>dicit:</strong></span> <span class='ocrx_word' id='word_1_21' title='bbox 1347 700 1426 754; x_wconf 78' lang='lat' dir='ltr'><strong>An</strong></span> <span class='ocrx_word' id='word_1_22' title='bbox 1465 700 1652 769; x_wconf 86' lang='lat' dir='ltr'><strong>putatis</strong></span> <span class='ocrx_word' id='word_1_23' title='bbox 1677 714 1756 750; x_wconf 82' lang='lat' dir='ltr'><strong>me</strong></span> <span class='ocrx_word' id='word_1_24' title='bbox 1797 713 1898 748; x_wconf 85' lang='lat' dir='ltr'><strong>non</strong></span> 
     </span>
    </p>
   </div>
   <div class='ocr_carea' id='block_1_5' title="bbox 285 793 1902 871">
    <p class='ocr_par' dir='ltr' id='par_1_5' title="bbox 285 793 1902 871">
     <span class='ocr_line' id='line_1_5' title="bbox 285 793 1902 871; baseline -0.009 -15"><span class='ocrx_word' id='word_1_25' title='bbox 285 818 448 871; x_wconf 76' lang='lat' dir='ltr'><strong>posse</strong></span> <span class='ocrx_word' id='word_1_26' title='bbox 477 816 620 854; x_wconf 90' lang='lat' dir='ltr'><strong>nunc</strong></span> <span class='ocrx_word' id='word_1_27' title='bbox 651 816 830 870; x_wconf 79' lang='lat' dir='ltr'><strong>rogare</strong></span> <span class='ocrx_word' id='word_1_28' title='bbox 865 796 1070 850; x_wconf 82' lang='lat' dir='ltr'><strong>Patrem</strong></span> <span class='ocrx_word' id='word_1_29' title='bbox 1103 796 1313 849; x_wconf 74' lang='lat' dir='ltr'><strong>meum?</strong></span> <span class='ocrx_word' id='word_1_30' title='bbox 1345 795 1411 848; x_wconf 68' lang='lat' dir='ltr'><strong>lit</strong></span> <span class='ocrx_word' id='word_1_31' title='bbox 1455 794 1555 846; x_wconf 78' lang='lat' dir='ltr'><strong>hoc</strong></span> <span class='ocrx_word' id='word_1_32' title='bbox 1583 793 1756 856; x_wconf 79' lang='lat' dir='ltr'><strong>ipsum</strong></span> <span class='ocrx_word' id='word_1_33' title='bbox 1782 806 1902 843; x_wconf 85' lang='lat' dir='ltr'><strong>rur-</strong></span> 
     </span>
    </p>
   </div>
   <div class='ocr_carea' id='block_1_6' title="bbox 281 882 1899 961">
    <p class='ocr_par' dir='ltr' id='par_1_6' title="bbox 281 882 1899 961">
     <span class='ocr_line' id='line_1_6' title="bbox 281 882 1899 961; baseline -0.008 -14"><span class='ocrx_word' id='word_1_34' title='bbox 281 907 391 948; x_wconf 71' lang='lat' dir='ltr'><strong>sus</strong></span> <span class='ocrx_word' id='word_1_35' title='bbox 440 893 712 946; x_wconf 82' lang='lat' dir='ltr'><strong>humiliter</strong></span> <span class='ocrx_word' id='word_1_36' title='bbox 741 888 948 961; x_wconf 91' lang='lat' dir='ltr'><strong>profert</strong></span> <span class='ocrx_word' id='word_1_37' title='bbox 991 889 1177 942; x_wconf 86' lang='lat' dir='ltr'><strong>dicens</strong></span> <span class='ocrx_word' id='word_1_38' title='bbox 1228 886 1428 942; x_wconf 86' lang='lat' dir='ltr'><strong>:Sistet</strong></span> <span class='ocrx_word' id='word_1_39' title='bbox 1462 885 1588 938; x_wconf 83' lang='lat' dir='ltr'><strong>mihi</strong></span> <span class='ocrx_word' id='word_1_40' title='bbox 1631 882 1899 937; x_wconf 80' lang='lat' dir='ltr'><strong>duodecim</strong></span> 
     </span>
    </p>
   </div>
   <div class='ocr_carea' id='block_1_7' title="bbox 281 978 1897 1055">
    <p class='ocr_par' dir='ltr' id='par_1_7' title="bbox 281 978 1897 1055">
     <span class='ocr_line' id='line_1_7' title="bbox 281 978 1897 1055; baseline -0.006 -17"><span class='ocrx_word' id='word_1_41' title='bbox 281 987 520 1055; x_wconf 83' lang='lat' dir='ltr'><strong>legiones</strong></span> <span class='ocrx_word' id='word_1_42' title='bbox 574 983 894 1054; x_wconf 70' lang='lat' dir='ltr'><strong>angelorum.</strong></span> <span class='ocrx_word' id='word_1_43' title='bbox 938 981 1071 1035; x_wconf 83' lang='lat' dir='ltr'><strong>Nunt</strong></span> <span class='ocrx_word' id='word_1_44' title='bbox 1125 981 1168 1034; x_wconf 89' lang='lat' dir='ltr'><strong>si</strong></span> <span class='ocrx_word' id='word_1_45' title='bbox 1223 994 1362 1034; x_wconf 86' lang='lat' dir='ltr'><strong>unus</strong></span> <span class='ocrx_word' id='word_1_46' title='bbox 1413 978 1636 1048; x_wconf 76' lang='lat' dir='ltr'><strong>angelus</strong></span> <span class='ocrx_word' id='word_1_47' title='bbox 1679 985 1897 1030; x_wconf 86' lang='lat' dir='ltr'><strong>centum</strong></span> 
     </span>
    </p>
   </div>
   <div class='ocr_carea' id='block_1_8' title="bbox 283 1067 1899 1144">
    <p class='ocr_par' dir='ltr' id='par_1_8' title="bbox 283 1067 1899 1144">
     <span class='ocr_line' id='line_1_8' title="bbox 283 1067 1899 1144; baseline -0.005 -16"><span class='ocrx_word' id='word_1_48' title='bbox 283 1077 569 1144; x_wconf 75' lang='lat' dir='ltr'><strong>octoginta</strong></span> <span class='ocrx_word' id='word_1_49' title='bbox 596 1074 831 1144; x_wconf 90' lang='lat' dir='ltr'><strong>quinque</strong></span> <span class='ocrx_word' id='word_1_50' title='bbox 859 1072 1024 1124; x_wconf 82' lang='lat' dir='ltr'><strong>millia</strong></span> <span class='ocrx_word' id='word_1_51' title='bbox 1073 1071 1351 1124; x_wconf 87' lang='lat' dir='ltr'><strong>hominum</strong></span> <span class='ocrx_word' id='word_1_52' title='bbox 1398 1079 1725 1124; x_wconf 82' lang='lat' dir='ltr'><strong>amtatorutn</strong></span> <span class='ocrx_word' id='word_1_53' title='bbox 1753 1067 1899 1120; x_wconf 80' lang='lat' dir='ltr'><strong>occi-</strong></span> 
     </span>
    </p>
   </div>
   <div class='ocr_carea' id='block_1_9' title="bbox 285 1160 1898 1237">
    <p class='ocr_par' dir='ltr' id='par_1_9' title="bbox 285 1160 1898 1237">
     <span class='ocr_line' id='line_1_9' title="bbox 285 1160 1898 1237; baseline -0.006 -15"><span class='ocrx_word' id='word_1_54' title='bbox 285 1170 378 1222; x_wconf 87' lang='lat' dir='ltr'><strong>dit</strong></span> <span class='ocrx_word' id='word_1_55' title='bbox 403 1169 483 1237; x_wconf 72' lang='grc'><strong>(4.</strong></span> <span class='ocrx_word' id='word_1_56' title='bbox 518 1165 647 1237; x_wconf 85' lang='lat' dir='ltr'><strong>Reg.</strong></span> <span class='ocrx_word' id='word_1_57' title='bbox 678 1167 763 1220; x_wconf 79' lang='lat' dir='ltr'><strong>l9.</strong></span> <span class='ocrx_word' id='word_1_58' title='bbox 797 1166 922 1234; x_wconf 76' lang='grc'><strong>55),</strong></span> <span class='ocrx_word' id='word_1_59' title='bbox 953 1180 1020 1218; x_wconf 88' lang='lat' dir='ltr'><strong>an</strong></span> <span class='ocrx_word' id='word_1_60' title='bbox 1048 1165 1329 1218; x_wconf 83' lang='lat' dir='ltr'><strong>duodecim</strong></span> <span class='ocrx_word' id='word_1_61' title='bbox 1357 1162 1597 1233; x_wconf 81' lang='lat' dir='ltr'><strong>legiones</strong></span> <span class='ocrx_word' id='word_1_62' title='bbox 1617 1160 1898 1230; x_wconf 81' lang='lat' dir='ltr'><strong>oportebat</strong></span> 
     </span>
    </p>
   </div>
   <div class='ocr_carea' id='block_1_10' title="bbox 285 1252 1897 1324">
    <p class='ocr_par' dir='ltr' id='par_1_10' title="bbox 285 1252 1897 1324">
     <span class='ocr_line' id='line_1_10' title="bbox 285 1252 1897 1324; baseline -0.007 -10"><span class='ocrx_word' id='word_1_63' title='bbox 285 1271 487 1314; x_wconf 85' lang='lat' dir='ltr'><strong>contra</strong></span> <span class='ocrx_word' id='word_1_64' title='bbox 542 1259 688 1312; x_wconf 89' lang='lat' dir='ltr'><strong>mille</strong></span> <span class='ocrx_word' id='word_1_65' title='bbox 763 1255 1049 1310; x_wconf 71' lang='lat' dir='ltr'><strong>homines?</strong></span> <span class='ocrx_word' id='word_1_66' title='bbox 1098 1255 1214 1310; x_wconf 80' lang='lat' dir='ltr'><strong>Non</strong></span> <span class='ocrx_word' id='word_1_67' title='bbox 1272 1255 1476 1324; x_wconf 90' lang='lat' dir='ltr'><strong>utique.</strong></span> <span class='ocrx_word' id='word_1_68' title='bbox 1545 1252 1652 1308; x_wconf 88' lang='lat' dir='ltr'><strong>Sed</strong></span> <span class='ocrx_word' id='word_1_69' title='bbox 1703 1267 1897 1306; x_wconf 87' lang='lat' dir='ltr'><strong>secun-</strong></span> 
     </span>
    </p>
   </div>
   <div class='ocr_carea' id='block_1_11' title="bbox 289 1347 1890 1407">
    <p class='ocr_par' dir='ltr' id='par_1_11' title="bbox 289 1347 1890 1407">
     <span class='ocr_line' id='line_1_11' title="bbox 289 1347 1890 1407; baseline -0.006 -2"><span class='ocrx_word' id='word_1_70' title='bbox 289 1351 423 1405; x_wconf 77' lang='lat' dir='ltr'><strong>dum</strong></span> <span class='ocrx_word' id='word_1_71' title='bbox 451 1359 653 1404; x_wconf 82' lang='lat' dir='ltr'><strong>metum</strong></span> <span class='ocrx_word' id='word_1_72' title='bbox 695 1357 749 1407; x_wconf 80' lang='lat' dir='ltr'><strong>et</strong></span> <span class='ocrx_word' id='word_1_73' title='bbox 796 1347 1158 1402; x_wconf 85' lang='lat' dir='ltr'><strong>infirmitatem</strong></span> <span class='ocrx_word' id='word_1_74' title='bbox 1191 1363 1380 1401; x_wconf 86' lang='lat' dir='ltr'><strong>eorum</strong></span> <span class='ocrx_word' id='word_1_75' title='bbox 1411 1360 1719 1400; x_wconf 89' lang='lat' dir='ltr'><strong>sermonem</strong></span> <span class='ocrx_word' id='word_1_76' title='bbox 1756 1354 1890 1398; x_wconf 88' lang='lat' dir='ltr'><strong>tem-</strong></span> 
     </span>
    </p>
   </div>
   <div class='ocr_carea' id='block_1_12' title="bbox 294 1435 1895 1510">
    <p class='ocr_par' dir='ltr' id='par_1_12' title="bbox 294 1435 1895 1510">
     <span class='ocr_line' id='line_1_12' title="bbox 294 1435 1895 1510; baseline -0.004 -16"><span class='ocrx_word' id='word_1_77' title='bbox 294 1450 490 1510; x_wconf 89' lang='lat' dir='ltr'><strong>perat:</strong></span> <span class='ocrx_word' id='word_1_78' title='bbox 526 1455 646 1493; x_wconf 90' lang='lat' dir='ltr'><strong>nam</strong></span> <span class='ocrx_word' id='word_1_79' title='bbox 707 1439 900 1491; x_wconf 87' lang='lat' dir='ltr'><strong>timore</strong></span> <span class='ocrx_word' id='word_1_80' title='bbox 941 1438 1169 1491; x_wconf 89' lang='lat' dir='ltr'><strong>emortui</strong></span> <span class='ocrx_word' id='word_1_81' title='bbox 1214 1446 1388 1491; x_wconf 88' lang='lat' dir='ltr'><strong>erant.</strong></span> <span class='ocrx_word' id='word_1_82' title='bbox 1427 1435 1548 1490; x_wconf 87' lang='lat' dir='ltr'><strong>Ideo</strong></span> <span class='ocrx_word' id='word_1_83' title='bbox 1590 1435 1895 1503; x_wconf 80' lang='lat' dir='ltr'><strong>Scripturas</strong></span> 
     </span>
    </p>
   </div>
   <div class='ocr_carea' id='block_1_13' title="bbox 293 1527 1893 1597">
    <p class='ocr_par' dir='ltr' id='par_1_13' title="bbox 293 1527 1893 1597">
     <span class='ocr_line' id='line_1_13' title="bbox 293 1527 1893 1597; baseline -0.004 -11"><span class='ocrx_word' id='word_1_84' title='bbox 293 1532 359 1586; x_wconf 79' lang='lat' dir='ltr'><strong>ad</strong></span> <span class='ocrx_word' id='word_1_85' title='bbox 391 1531 697 1585; x_wconf 86' lang='lat' dir='ltr'><strong>firmitatem</strong></span> <span class='ocrx_word' id='word_1_86' title='bbox 719 1530 876 1583; x_wconf 82' lang='lat' dir='ltr'><strong>affert</strong></span> <span class='ocrx_word' id='word_1_87' title='bbox 909 1528 1094 1583; x_wconf 78' lang='lat' dir='ltr'><strong>dicens</strong></span> <span class='ocrx_word' id='word_1_88' title='bbox 1128 1547 1140 1582; x_wconf 90' lang='lat'><strong>:</strong></span> <span class='ocrx_word' id='word_1_89' title='bbox 1187 1527 1454 1593; x_wconf 76' lang='lat' dir='ltr'><strong>Quomodo</strong></span> <span class='ocrx_word' id='word_1_90' title='bbox 1484 1543 1604 1597; x_wconf 82' lang='lat' dir='ltr'><strong>ergo</strong></span> <span class='ocrx_word' id='word_1_91' title='bbox 1633 1527 1893 1596; x_wconf 84' lang='lat' dir='ltr'><strong>implean-</strong></span> 
     </span>
    </p>
   </div>
   <div class='ocr_carea' id='block_1_14' title="bbox 285 1619 1894 1693">
    <p class='ocr_par' dir='ltr' id='par_1_14' title="bbox 285 1619 1894 1693">
     <span class='ocr_line' id='line_1_14' title="bbox 285 1619 1894 1693; baseline -0.003 -15"><span class='ocrx_word' id='word_1_92' title='bbox 285 1639 376 1678; x_wconf 88' lang='lat' dir='ltr'><strong>tur</strong></span> <span class='ocrx_word' id='word_1_93' title='bbox 400 1623 725 1693; x_wconf 72' lang='lat' dir='ltr'><strong>Scriptum?</strong></span> <span class='ocrx_word' id='word_1_94' title='bbox 757 1623 881 1676; x_wconf 89' lang='lat' dir='ltr'><strong>hinc</strong></span> <span class='ocrx_word' id='word_1_95' title='bbox 908 1625 1187 1676; x_wconf 84' lang='lat' dir='ltr'><strong>deterrens</strong></span> <span class='ocrx_word' id='word_1_96' title='bbox 1217 1636 1333 1676; x_wconf 89' lang='lat' dir='ltr'><strong>eos.</strong></span> <span class='ocrx_word' id='word_1_97' title='bbox 1365 1620 1495 1675; x_wconf 82' lang='lat' dir='ltr'><strong>Nam</strong></span> <span class='ocrx_word' id='word_1_98' title='bbox 1524 1621 1568 1675; x_wconf 89' lang='lat' dir='ltr'><strong>si</strong></span> <span class='ocrx_word' id='word_1_99' title='bbox 1600 1619 1894 1690; x_wconf 87' lang='lat' dir='ltr'><strong>Scripturis</strong></span> 
     </span>
    </p>
   </div>
   <div class='ocr_carea' id='block_1_15' title="bbox 299 1712 1426 1782">
    <p class='ocr_par' dir='ltr' id='par_1_15' title="bbox 299 1712 1426 1782">
     <span class='ocr_line' id='line_1_15' title="bbox 299 1712 1426 1782; baseline -0.004 -14"><span class='ocrx_word' id='word_1_100' title='bbox 299 1716 366 1768; x_wconf 85' lang='lat' dir='ltr'><strong>ita</strong></span> <span class='ocrx_word' id='word_1_101' title='bbox 402 1715 614 1768; x_wconf 84' lang='lat' dir='ltr'><strong>videtur</strong></span> <span class='ocrx_word' id='word_1_102' title='bbox 633 1755 646 1778; x_wconf 86' lang='lat'><strong>,</strong></span> <span class='ocrx_word' id='word_1_103' title='bbox 677 1731 774 1768; x_wconf 86' lang='lat' dir='ltr'><strong>cur</strong></span> <span class='ocrx_word' id='word_1_104' title='bbox 801 1729 896 1767; x_wconf 78' lang='lat' dir='ltr'><strong>ros</strong></span> <span class='ocrx_word' id='word_1_105' title='bbox 922 1723 1107 1767; x_wconf 90' lang='lat' dir='ltr'><strong>contra</strong></span> <span class='ocrx_word' id='word_1_106' title='bbox 1137 1712 1426 1782; x_wconf 83' lang='lat' dir='ltr'><strong>pugnatis?</strong></span> 
     </span>
    </p>
   </div>
   <div class='ocr_carea' id='block_1_16' title="bbox 359 1804 1895 1876">
    <p class='ocr_par' dir='ltr' id='par_1_16' title="bbox 359 1804 1895 1876">
     <span class='ocr_line' id='line_1_16' title="bbox 359 1804 1895 1876; baseline -0.001 -17"><span class='ocrx_word' id='word_1_107' title='bbox 359 1807 415 1860; x_wconf 76' lang='lat'><strong>2.</strong></span> <span class='ocrx_word' id='word_1_108' title='bbox 444 1807 568 1860; x_wconf 62' lang='lat' dir='ltr'><strong>lla‘c</strong></span> <span class='ocrx_word' id='word_1_109' title='bbox 588 1807 886 1875; x_wconf 79' lang='lat' dir='ltr'><strong>discipulis,</strong></span> <span class='ocrx_word' id='word_1_110' title='bbox 913 1807 1018 1860; x_wconf 84' lang='lat' dir='ltr'><strong>illis</strong></span> <span class='ocrx_word' id='word_1_111' title='bbox 1039 1817 1214 1860; x_wconf 87' lang='lat' dir='ltr'><strong>autem</strong></span> <span class='ocrx_word' id='word_1_112' title='bbox 1237 1806 1316 1860; x_wconf 89' lang='lat' dir='ltr'><strong>sic</strong></span> <span class='ocrx_word' id='word_1_113' title='bbox 1344 1805 1613 1876; x_wconf 87' lang='lat' dir='ltr'><strong>loquitur:</strong></span> <span class='ocrx_word' id='word_1_114' title='bbox 1643 1805 1730 1861; x_wconf 83' lang='lat'><strong>55.</strong></span> <span class='ocrx_word' id='word_1_115' title='bbox 1752 1804 1895 1859; x_wconf 85' lang='lat' dir='ltr'><strong>Tan-</strong></span> 
     </span>
    </p>
   </div>
   <div class='ocr_carea' id='block_1_17' title="bbox 283 1898 1889 1971">
    <p class='ocr_par' dir='ltr' id='par_1_17' title="bbox 283 1898 1889 1971">
     <span class='ocr_line' id='line_1_17' title="bbox 283 1898 1889 1971; baseline 0 -21"><span class='ocrx_word' id='word_1_116' title='bbox 283 1915 442 1971; x_wconf 85' lang='lat' dir='ltr'><strong>quam</strong></span> <span class='ocrx_word' id='word_1_117' title='bbox 473 1899 542 1950; x_wconf 88' lang='lat' dir='ltr'><strong>ad</strong></span> <span class='ocrx_word' id='word_1_118' title='bbox 569 1899 818 1951; x_wconf 79' lang='lat' dir='ltr'><strong>latronem</strong></span> <span class='ocrx_word' id='word_1_119' title='bbox 844 1900 1016 1953; x_wconf 72' lang='lat' dir='ltr'><strong>existis</strong></span> <span class='ocrx_word' id='word_1_120' title='bbox 1042 1915 1157 1952; x_wconf 85' lang='lat' dir='ltr'><strong>cum</strong></span> <span class='ocrx_word' id='word_1_121' title='bbox 1204 1899 1389 1967; x_wconf 86' lang='lat' dir='ltr'><strong>gladiis</strong></span> <span class='ocrx_word' id='word_1_122' title='bbox 1417 1909 1465 1952; x_wconf 83' lang='lat' dir='ltr'><strong>et</strong></span> <span class='ocrx_word' id='word_1_123' title='bbox 1509 1898 1725 1968; x_wconf 75' lang='lat' dir='ltr'><strong>fustibus</strong></span> <span class='ocrx_word' id='word_1_124' title='bbox 1751 1915 1889 1952; x_wconf 89' lang='lat' dir='ltr'><strong>com-</strong></span> 
     </span>
    </p>
   </div>
   <div class='ocr_carea' id='block_1_18' title="bbox 287 1989 1892 2059">
    <p class='ocr_par' dir='ltr' id='par_1_18' title="bbox 287 1989 1892 2059">
     <span class='ocr_line' id='line_1_18' title="bbox 287 1989 1892 2059; baseline 0 -17"><span class='ocrx_word' id='word_1_125' title='bbox 287 1991 605 2059; x_wconf 77' lang='lat' dir='ltr'><strong>prehendere</strong></span> <span class='ocrx_word' id='word_1_126' title='bbox 625 2007 739 2044; x_wconf 86' lang='lat' dir='ltr'><strong>me:</strong></span> <span class='ocrx_word' id='word_1_127' title='bbox 763 1992 987 2059; x_wconf 78' lang='lat' dir='ltr'><strong>quotidie</strong></span> <span class='ocrx_word' id='word_1_128' title='bbox 1020 1991 1073 2042; x_wconf 87' lang='lat' dir='ltr'><strong>in</strong></span> <span class='ocrx_word' id='word_1_129' title='bbox 1110 1990 1298 2057; x_wconf 85' lang='lat' dir='ltr'><strong>templo</strong></span> <span class='ocrx_word' id='word_1_130' title='bbox 1327 1989 1558 2043; x_wconf 84' lang='lat' dir='ltr'><strong>sedebam</strong></span> <span class='ocrx_word' id='word_1_131' title='bbox 1582 1991 1796 2054; x_wconf 83' lang='lat' dir='ltr'><strong>docens,</strong></span> <span class='ocrx_word' id='word_1_132' title='bbox 1845 2000 1892 2042; x_wconf 88' lang='lat' dir='ltr'><strong>et</strong></span> 
     </span>
    </p>
   </div>
   <div class='ocr_carea' id='block_1_19' title="bbox 283 2079 1891 2150">
    <p class='ocr_par' dir='ltr' id='par_1_19' title="bbox 283 2079 1891 2150">
     <span class='ocr_line' id='line_1_19' title="bbox 283 2079 1891 2150; baseline 0 -18"><span class='ocrx_word' id='word_1_133' title='bbox 283 2099 389 2134; x_wconf 85' lang='lat' dir='ltr'><strong>non</strong></span> <span class='ocrx_word' id='word_1_134' title='bbox 431 2098 510 2133; x_wconf 88' lang='lat' dir='ltr'><strong>me</strong></span> <span class='ocrx_word' id='word_1_135' title='bbox 534 2081 786 2133; x_wconf 83' lang='lat' dir='ltr'><strong>tenuistis.</strong></span> <span class='ocrx_word' id='word_1_136' title='bbox 816 2079 945 2135; x_wconf 83' lang='lat' dir='ltr'><strong>Vide</strong></span> <span class='ocrx_word' id='word_1_137' title='bbox 969 2090 1165 2149; x_wconf 82' lang='lat' dir='ltr'><strong>quanta</strong></span> <span class='ocrx_word' id='word_1_138' title='bbox 1190 2081 1347 2134; x_wconf 89' lang='lat' dir='ltr'><strong>faciat</strong></span> <span class='ocrx_word' id='word_1_139' title='bbox 1374 2097 1494 2150; x_wconf 72' lang='lat' dir='ltr'><strong>qua:</strong></span> <span class='ocrx_word' id='word_1_140' title='bbox 1524 2084 1730 2149; x_wconf 81' lang='lat' dir='ltr'><strong>possint</strong></span> <span class='ocrx_word' id='word_1_141' title='bbox 1769 2080 1891 2135; x_wconf 84' lang='lat' dir='ltr'><strong>illos</strong></span> 
     </span>
    </p>
   </div>
   <div class='ocr_carea' id='block_1_20' title="bbox 281 2164 1890 2244">
    <p class='ocr_par' dir='ltr' id='par_1_20' title="bbox 281 2164 1890 2244">
     <span class='ocr_line' id='line_1_20' title="bbox 281 2164 1890 2244; baseline 0.001 -20"><span class='ocrx_word' id='word_1_142' title='bbox 281 2175 517 2240; x_wconf 73' lang='lat' dir='ltr'><strong>erigere.</strong></span> <span class='ocrx_word' id='word_1_143' title='bbox 542 2170 774 2239; x_wconf 89' lang='lat' dir='ltr'><strong>Supiuos</strong></span> <span class='ocrx_word' id='word_1_144' title='bbox 799 2171 1041 2240; x_wconf 88' lang='lat' dir='ltr'><strong>projecit,</strong></span> <span class='ocrx_word' id='word_1_145' title='bbox 1065 2187 1255 2225; x_wconf 87' lang='lat' dir='ltr'><strong>aurem</strong></span> <span class='ocrx_word' id='word_1_146' title='bbox 1284 2173 1423 2225; x_wconf 82' lang='lat' dir='ltr'><strong>servi</strong></span> <span class='ocrx_word' id='word_1_147' title='bbox 1453 2172 1677 2235; x_wconf 78' lang='lat' dir='ltr'><strong>curavit,</strong></span> <span class='ocrx_word' id='word_1_148' title='bbox 1703 2164 1890 2244; x_wconf 64' lang='lat' dir='ltr'><strong>necem</strong></span> 
     </span>
    </p>
   </div>
   <div class='ocr_carea' id='block_1_21' title="bbox 284 2261 1892 2333">
    <p class='ocr_par' dir='ltr' id='par_1_21' title="bbox 284 2261 1892 2333">
     <span class='ocr_line' id='line_1_21' title="bbox 284 2261 1892 2333; baseline 0.001 -19"><span class='ocrx_word' id='word_1_149' title='bbox 284 2263 394 2316; x_wconf 84' lang='lat' dir='ltr'><strong>illis</strong></span> <span class='ocrx_word' id='word_1_150' title='bbox 414 2262 774 2316; x_wconf 79' lang='lat' dir='ltr'><strong>comminatus</strong></span> <span class='ocrx_word' id='word_1_151' title='bbox 794 2271 879 2315; x_wconf 89' lang='lat' dir='ltr'><strong>est</strong></span> <span class='ocrx_word' id='word_1_152' title='bbox 903 2280 916 2316; x_wconf 91' lang='lat'>:</span> <span class='ocrx_word' id='word_1_153' title='bbox 941 2261 1127 2315; x_wconf 78' lang='lat' dir='ltr'><strong>Gladio</strong></span> <span class='ocrx_word' id='word_1_154' title='bbox 1157 2263 1412 2330; x_wconf 84' lang='lat' dir='ltr'><strong>peribunt,</strong></span> <span class='ocrx_word' id='word_1_155' title='bbox 1444 2263 1632 2331; x_wconf 87' lang='lat' dir='ltr'><strong>inquit,</strong></span> <span class='ocrx_word' id='word_1_156' title='bbox 1666 2265 1751 2333; x_wconf 83' lang='lat' dir='ltr'><strong>qui</strong></span> <span class='ocrx_word' id='word_1_157' title='bbox 1779 2264 1892 2331; x_wconf 82' lang='lat' dir='ltr'><strong>gla-</strong></span> 
     </span>
    </p>
   </div>
   <div class='ocr_carea' id='block_1_22' title="bbox 280 2356 1886 2426">
    <p class='ocr_par' dir='ltr' id='par_1_22' title="bbox 280 2356 1886 2426">
     <span class='ocr_line' id='line_1_22' title="bbox 280 2356 1886 2426; baseline 0.001 -17"><span class='ocrx_word' id='word_1_158' title='bbox 280 2358 426 2410; x_wconf 82' lang='lat' dir='ltr'><strong>dium</strong></span> <span class='ocrx_word' id='word_1_159' title='bbox 447 2357 728 2423; x_wconf 80' lang='lat' dir='ltr'><strong>accipient,-</strong></span> <span class='ocrx_word' id='word_1_160' title='bbox 756 2356 897 2426; x_wconf 88' lang='lat' dir='ltr'><strong>quod</strong></span> <span class='ocrx_word' id='word_1_161' title='bbox 916 2357 982 2411; x_wconf 91' lang='lat' dir='ltr'><strong>ab</strong></span> <span class='ocrx_word' id='word_1_162' title='bbox 997 2356 1235 2410; x_wconf 82' lang='lat' dir='ltr'><strong>auricula</strong></span> <span class='ocrx_word' id='word_1_163' title='bbox 1261 2357 1503 2410; x_wconf 86' lang='lat' dir='ltr'><strong>restituta</strong></span> <span class='ocrx_word' id='word_1_164' title='bbox 1530 2357 1886 2420; x_wconf 82' lang='lat' dir='ltr'><strong>Conlirtnavil,</strong></span> 
     </span>
    </p>
   </div>
   <div class='ocr_carea' id='block_1_23' title="bbox 281 2448 1888 2519">
    <p class='ocr_par' dir='ltr' id='par_1_23' title="bbox 281 2448 1888 2519">
     <span class='ocr_line' id='line_1_23' title="bbox 281 2448 1888 2519; baseline 0.002 -17"><span class='ocrx_word' id='word_1_165' title='bbox 281 2449 586 2517; x_wconf 87' lang='lat' dir='ltr'><strong>nndique,a</strong></span> <span class='ocrx_word' id='word_1_166' title='bbox 606 2449 976 2518; x_wconf 71' lang='lat' dir='ltr'><strong>przcsentibus,</strong></span> <span class='ocrx_word' id='word_1_167' title='bbox 1007 2465 1036 2502; x_wconf 85' lang='lat' dir='ltr'><strong>a</strong></span> <span class='ocrx_word' id='word_1_168' title='bbox 1069 2448 1282 2514; x_wconf 91' lang='lat' dir='ltr'><strong>futuris,</strong></span> <span class='ocrx_word' id='word_1_169' title='bbox 1304 2451 1598 2519; x_wconf 83' lang='lat' dir='ltr'><strong>potentiam</strong></span> <span class='ocrx_word' id='word_1_170' title='bbox 1625 2451 1888 2506; x_wconf 75' lang='lat' dir='ltr'><strong>exhibens</strong></span> 
     </span>
    </p>
   </div>
   <div class='ocr_carea' id='block_1_24' title="bbox 279 2540 1889 2611">
    <p class='ocr_par' dir='ltr' id='par_1_24' title="bbox 279 2540 1889 2611">
     <span class='ocr_line' id='line_1_24' title="bbox 279 2540 1889 2611; baseline 0.002 -17"><span class='ocrx_word' id='word_1_171' title='bbox 279 2555 473 2603; x_wconf 88' lang='lat' dir='ltr'><strong>suam,</strong></span> <span class='ocrx_word' id='word_1_172' title='bbox 507 2549 564 2592; x_wconf 93' lang='lat' dir='ltr'><strong>ut</strong></span> <span class='ocrx_word' id='word_1_173' title='bbox 607 2540 854 2593; x_wconf 83' lang='lat' dir='ltr'><strong>ostendat</strong></span> <span class='ocrx_word' id='word_1_174' title='bbox 897 2554 1001 2594; x_wconf 90' lang='lat' dir='ltr'><strong>non</strong></span> <span class='ocrx_word' id='word_1_175' title='bbox 1054 2540 1268 2594; x_wconf 90' lang='lat' dir='ltr'><strong>illorum</strong></span> <span class='ocrx_word' id='word_1_176' title='bbox 1302 2540 1626 2595; x_wconf 81' lang='lat' dir='ltr'><strong>fortitudinis</strong></span> <span class='ocrx_word' id='word_1_177' title='bbox 1673 2543 1721 2596; x_wconf 90' lang='lat' dir='ltr'><strong>id</strong></span> <span class='ocrx_word' id='word_1_178' title='bbox 1752 2559 1889 2611; x_wconf 68' lang='lat' dir='ltr'><strong>«qius</strong></span> 
     </span>
    </p>
   </div>
   <div class='ocr_carea' id='block_1_25' title="bbox 279 2631 1885 2701">
    <p class='ocr_par' dir='ltr' id='par_1_25' title="bbox 279 2631 1885 2701">
     <span class='ocr_line' id='line_1_25' title="bbox 279 2631 1885 2701; baseline 0.002 -19"><span class='ocrx_word' id='word_1_179' title='bbox 279 2647 403 2684; x_wconf 70' lang='lat' dir='ltr'><strong>esse</strong></span> <span class='ocrx_word' id='word_1_180' title='bbox 429 2631 568 2698; x_wconf 87' lang='lat' dir='ltr'><strong>quod</strong></span> <span class='ocrx_word' id='word_1_181' title='bbox 601 2632 745 2684; x_wconf 90' lang='lat' dir='ltr'><strong>illum</strong></span> <span class='ocrx_word' id='word_1_182' title='bbox 771 2632 1032 2700; x_wconf 86' lang='lat' dir='ltr'><strong>ceperint.</strong></span> <span class='ocrx_word' id='word_1_183' title='bbox 1059 2632 1183 2686; x_wconf 83' lang='lat' dir='ltr'><strong>Ideo</strong></span> <span class='ocrx_word' id='word_1_184' title='bbox 1228 2633 1461 2701; x_wconf 68' lang='lat' dir='ltr'><strong>subjesit</strong></span> <span class='ocrx_word' id='word_1_185' title='bbox 1490 2651 1502 2686; x_wconf 93' lang='lat'>:</span> <span class='ocrx_word' id='word_1_186' title='bbox 1536 2635 1771 2701; x_wconf 82' lang='lat' dir='ltr'><strong>Quotidie</strong></span> <span class='ocrx_word' id='word_1_187' title='bbox 1797 2653 1885 2689; x_wconf 80' lang='lat' dir='ltr'><strong>vo-</strong></span> 
     </span>
    </p>
   </div>
   <div class='ocr_carea' id='block_1_26' title="bbox 277 2723 1886 2792">
    <p class='ocr_par' dir='ltr' id='par_1_26' title="bbox 277 2723 1886 2792">
     <span class='ocr_line' id='line_1_26' title="bbox 277 2723 1886 2792; baseline 0.004 -16"><span class='ocrx_word' id='word_1_188' title='bbox 277 2723 474 2776; x_wconf 83' lang='lat' dir='ltr'><strong>biscum</strong></span> <span class='ocrx_word' id='word_1_189' title='bbox 512 2740 653 2776; x_wconf 84' lang='lat' dir='ltr'><strong>eram</strong></span> <span class='ocrx_word' id='word_1_190' title='bbox 692 2735 738 2777; x_wconf 88' lang='lat' dir='ltr'><strong>et</strong></span> <span class='ocrx_word' id='word_1_191' title='bbox 756 2725 998 2778; x_wconf 81' lang='lat' dir='ltr'><strong>sedebam</strong></span> <span class='ocrx_word' id='word_1_192' title='bbox 1024 2726 1244 2790; x_wconf 83' lang='lat' dir='ltr'><strong>docens,</strong></span> <span class='ocrx_word' id='word_1_193' title='bbox 1290 2735 1335 2780; x_wconf 88' lang='lat' dir='ltr'><strong>et</strong></span> <span class='ocrx_word' id='word_1_194' title='bbox 1366 2744 1466 2779; x_wconf 87' lang='lat' dir='ltr'><strong>non</strong></span> <span class='ocrx_word' id='word_1_195' title='bbox 1510 2745 1590 2781; x_wconf 89' lang='lat' dir='ltr'><strong>me</strong></span> <span class='ocrx_word' id='word_1_196' title='bbox 1616 2731 1886 2792; x_wconf 79' lang='lat' dir='ltr'><strong>lenuistis;</strong></span> 
     </span>
    </p>
   </div>
   <div class='ocr_carea' id='block_1_27' title="bbox 281 2817 1887 2886">
    <p class='ocr_par' dir='ltr' id='par_1_27' title="bbox 281 2817 1887 2886">
     <span class='ocr_line' id='line_1_27' title="bbox 281 2817 1887 2886; baseline 0.007 -20"><span class='ocrx_word' id='word_1_197' title='bbox 281 2817 410 2868; x_wconf 88' lang='lat' dir='ltr'><strong>hinc</strong></span> <span class='ocrx_word' id='word_1_198' title='bbox 449 2817 609 2869; x_wconf 86' lang='lat' dir='ltr'><strong>ctiam</strong></span> <span class='ocrx_word' id='word_1_199' title='bbox 645 2817 934 2870; x_wconf 86' lang='lat' dir='ltr'><strong>ostendens</strong></span> <span class='ocrx_word' id='word_1_200' title='bbox 959 2817 1309 2886; x_wconf 83' lang='lat' dir='ltr'><strong>pcrmissioue</strong></span> <span class='ocrx_word' id='word_1_201' title='bbox 1341 2836 1434 2873; x_wconf 88' lang='lat' dir='ltr'><strong>sua</strong></span> <span class='ocrx_word' id='word_1_202' title='bbox 1467 2819 1803 2877; x_wconf 86' lang='lat' dir='ltr'><strong>factumesse</strong></span> <span class='ocrx_word' id='word_1_203' title='bbox 1832 2834 1887 2878; x_wconf 90' lang='lat' dir='ltr'><strong>ut</strong></span> 
     </span>
    </p>
   </div>
   <div class='ocr_carea' id='block_1_28' title="bbox 280 2908 1883 2979">
    <p class='ocr_par' dir='ltr' id='par_1_28' title="bbox 280 2908 1883 2979">
     <span class='ocr_line' id='line_1_28' title="bbox 280 2908 1883 2979; baseline 0.005 -19"><span class='ocrx_word' id='word_1_204' title='bbox 280 2909 587 2976; x_wconf 59' lang='lat' dir='ltr'><strong>eriperetur.</strong></span> <span class='ocrx_word' id='word_1_205' title='bbox 612 2908 878 2962; x_wconf 79' lang='lat' dir='ltr'><strong>Miraculis</strong></span> <span class='ocrx_word' id='word_1_206' title='bbox 909 2919 1086 2962; x_wconf 88' lang='lat' dir='ltr'><strong>autem</strong></span> <span class='ocrx_word' id='word_1_207' title='bbox 1120 2912 1513 2979; x_wconf 63' lang='lat' dir='ltr'><strong>praetermissis,</strong></span> <span class='ocrx_word' id='word_1_208' title='bbox 1545 2913 1614 2966; x_wconf 91' lang='lat' dir='ltr'><strong>de</strong></span> <span class='ocrx_word' id='word_1_209' title='bbox 1641 2914 1883 2968; x_wconf 88' lang='lat' dir='ltr'><strong>doctrina</strong></span> 
     </span>
    </p>
   </div>
   <div class='ocr_carea' id='block_1_29' title="bbox 283 3000 1882 3067">
    <p class='ocr_par' dir='ltr' id='par_1_29' title="bbox 283 3000 1882 3067">
     <span class='ocr_line' id='line_1_29' title="bbox 283 3000 1882 3067; baseline 0.005 -15"><span class='ocrx_word' id='word_1_210' title='bbox 283 3000 540 3067; x_wconf 87' lang='lat' dir='ltr'><strong>l0quitur,</strong></span> <span class='ocrx_word' id='word_1_211' title='bbox 583 3016 647 3054; x_wconf 88' lang='lat' dir='ltr'><strong>ne</strong></span> <span class='ocrx_word' id='word_1_212' title='bbox 669 3001 873 3066; x_wconf 79' lang='lat' dir='ltr'><strong>jactare</strong></span> <span class='ocrx_word' id='word_1_213' title='bbox 903 3015 962 3054; x_wconf 90' lang='lat' dir='ltr'><strong>se</strong></span> <span class='ocrx_word' id='word_1_214' title='bbox 993 3001 1280 3054; x_wconf 70' lang='lat' dir='ltr'><strong>videretur.</strong></span> <span class='ocrx_word' id='word_1_215' title='bbox 1314 3001 1444 3055; x_wconf 88' lang='lat' dir='ltr'><strong>Cum</strong></span> <span class='ocrx_word' id='word_1_216' title='bbox 1473 3003 1747 3066; x_wconf 85' lang='lat' dir='ltr'><strong>docerem,</strong></span> <span class='ocrx_word' id='word_1_217' title='bbox 1778 3024 1882 3060; x_wconf 89' lang='lat' dir='ltr'><strong>non</strong></span> 
     </span>
    </p>
   </div>
   <div class='ocr_carea' id='block_1_30' title="bbox 282 3092 1879 3165">
    <p class='ocr_par' dir='ltr' id='par_1_30' title="bbox 282 3092 1879 3165">
     <span class='ocr_line' id='line_1_30' title="bbox 282 3092 1879 3165; baseline 0.003 -19"><span class='ocrx_word' id='word_1_218' title='bbox 282 3093 530 3146; x_wconf 85' lang='lat' dir='ltr'><strong>teuuistis</strong></span> <span class='ocrx_word' id='word_1_219' title='bbox 560 3107 669 3154; x_wconf 86' lang='lat' dir='ltr'><strong>me;</strong></span> <span class='ocrx_word' id='word_1_220' title='bbox 693 3092 936 3146; x_wconf 79' lang='lat' dir='ltr'><strong>silentem</strong></span> <span class='ocrx_word' id='word_1_221' title='bbox 964 3094 1199 3161; x_wconf 77' lang='lat' dir='ltr'><strong>aggressi</strong></span> <span class='ocrx_word' id='word_1_222' title='bbox 1226 3095 1376 3158; x_wconf 80' lang='lat' dir='ltr'><strong>estis;</strong></span> <span class='ocrx_word' id='word_1_223' title='bbox 1408 3095 1458 3147; x_wconf 93' lang='lat' dir='ltr'><strong>in</strong></span> <span class='ocrx_word' id='word_1_224' title='bbox 1485 3097 1683 3165; x_wconf 85' lang='lat' dir='ltr'><strong>templo</strong></span> <span class='ocrx_word' id='word_1_225' title='bbox 1710 3113 1879 3162; x_wconf 85' lang='lat' dir='ltr'><strong>eram,</strong></span> 
     </span>
    </p>
   </div>
   <div class='ocr_carea' id='block_1_31' title="bbox 279 3183 1884 3254">
    <p class='ocr_par' dir='ltr' id='par_1_31' title="bbox 279 3183 1884 3254">
     <span class='ocr_line' id='line_1_31' title="bbox 279 3183 1884 3254; baseline 0.004 -19"><span class='ocrx_word' id='word_1_226' title='bbox 279 3193 338 3236; x_wconf 81' lang='lat' dir='ltr'><strong>et</strong></span> <span class='ocrx_word' id='word_1_227' title='bbox 363 3199 524 3236; x_wconf 86' lang='lat' dir='ltr'><strong>nemo</strong></span> <span class='ocrx_word' id='word_1_228' title='bbox 553 3183 746 3236; x_wconf 78' lang='lat' dir='ltr'><strong>invasit</strong></span> <span class='ocrx_word' id='word_1_229' title='bbox 788 3198 912 3236; x_wconf 87' lang='lat' dir='ltr'><strong>me:</strong></span> <span class='ocrx_word' id='word_1_230' title='bbox 948 3199 1088 3236; x_wconf 89' lang='lat' dir='ltr'><strong>nunc</strong></span> <span class='ocrx_word' id='word_1_231' title='bbox 1110 3195 1288 3236; x_wconf 80' lang='lat' dir='ltr'><strong>autent</strong></span> <span class='ocrx_word' id='word_1_232' title='bbox 1320 3185 1636 3254; x_wconf 78' lang='lat' dir='ltr'><strong>intempesta</strong></span> <span class='ocrx_word' id='word_1_233' title='bbox 1669 3186 1797 3241; x_wconf 79' lang='lat' dir='ltr'><strong>hora</strong></span> <span class='ocrx_word' id='word_1_234' title='bbox 1830 3200 1884 3242; x_wconf 83' lang='lat' dir='ltr'><strong>et</strong></span> 
     </span>
    </p>
   </div>
   <div class='ocr_carea' id='block_1_32' title="bbox 279 3274 1885 3343">
    <p class='ocr_par' dir='ltr' id='par_1_32' title="bbox 279 3274 1885 3343">
     <span class='ocr_line' id='line_1_32' title="bbox 279 3274 1885 3343; baseline 0.002 -15"><span class='ocrx_word' id='word_1_235' title='bbox 279 3276 458 3329; x_wconf 86' lang='lat' dir='ltr'><strong>media</strong></span> <span class='ocrx_word' id='word_1_236' title='bbox 489 3286 644 3328; x_wconf 88' lang='lat' dir='ltr'><strong>nocte</strong></span> <span class='ocrx_word' id='word_1_237' title='bbox 674 3275 876 3328; x_wconf 89' lang='lat' dir='ltr'><strong>irruitis</strong></span> <span class='ocrx_word' id='word_1_238' title='bbox 899 3289 1020 3328; x_wconf 89' lang='lat' dir='ltr'><strong>cum</strong></span> <span class='ocrx_word' id='word_1_239' title='bbox 1051 3274 1242 3343; x_wconf 80' lang='lat' dir='ltr'><strong>gladiis</strong></span> <span class='ocrx_word' id='word_1_240' title='bbox 1267 3283 1322 3330; x_wconf 87' lang='lat' dir='ltr'><strong>et</strong></span> <span class='ocrx_word' id='word_1_241' title='bbox 1351 3274 1617 3330; x_wconf 85' lang='lat' dir='ltr'><strong>fustibus?</strong></span> <span class='ocrx_word' id='word_1_242' title='bbox 1645 3278 1782 3342; x_wconf 82' lang='lat' dir='ltr'><strong>Quid</strong></span> <span class='ocrx_word' id='word_1_243' title='bbox 1820 3281 1885 3332; x_wconf 87' lang='lat' dir='ltr'><strong>il-</strong></span> 
     </span>
    </p>
   </div>
   <div class='ocr_carea' id='block_1_33' title="bbox 281 3369 1882 3438">
    <p class='ocr_par' dir='ltr' id='par_1_33' title="bbox 281 3369 1882 3438">
     <span class='ocr_line' id='line_1_33' title="bbox 281 3369 1882 3438; baseline 0 -14"><span class='ocrx_word' id='word_1_244' title='bbox 281 3370 348 3424; x_wconf 89' lang='lat' dir='ltr'><strong>lis</strong></span> <span class='ocrx_word' id='word_1_245' title='bbox 378 3386 514 3438; x_wconf 86' lang='lat' dir='ltr'><strong>opus</strong></span> <span class='ocrx_word' id='word_1_246' title='bbox 540 3379 655 3424; x_wconf 89' lang='lat' dir='ltr'><strong>erat</strong></span> <span class='ocrx_word' id='word_1_247' title='bbox 679 3370 845 3422; x_wconf 85' lang='lat' dir='ltr'><strong>armis</strong></span> <span class='ocrx_word' id='word_1_248' title='bbox 882 3369 1141 3423; x_wconf 82' lang='lat' dir='ltr'><strong>adversus</strong></span> <span class='ocrx_word' id='word_1_249' title='bbox 1159 3384 1283 3423; x_wconf 89' lang='lat' dir='ltr'><strong>eum</strong></span> <span class='ocrx_word' id='word_1_250' title='bbox 1314 3371 1404 3438; x_wconf 90' lang='lat' dir='ltr'><strong>qui</strong></span> <span class='ocrx_word' id='word_1_251' title='bbox 1435 3371 1707 3424; x_wconf 83' lang='lat' dir='ltr'><strong>vobiscum</strong></span> <span class='ocrx_word' id='word_1_252' title='bbox 1738 3386 1882 3425; x_wconf 88' lang='lat' dir='ltr'><strong>sem-</strong></span> 
     </span>
    </p>
   </div>
   <div class='ocr_carea' id='block_1_34' title="bbox 280 3461 1884 3531">
    <p class='ocr_par' dir='ltr' id='par_1_34' title="bbox 280 3461 1884 3531">
     <span class='ocr_line' id='line_1_34' title="bbox 280 3461 1884 3531; baseline 0.001 -19"><span class='ocrx_word' id='word_1_253' title='bbox 280 3478 378 3531; x_wconf 84' lang='lat' dir='ltr'><strong>per</strong></span> <span class='ocrx_word' id='word_1_254' title='bbox 402 3462 552 3514; x_wconf 75' lang='lat' dir='ltr'><strong>erat?</strong></span> <span class='ocrx_word' id='word_1_255' title='bbox 580 3462 660 3514; x_wconf 77' lang='lat' dir='ltr'><strong>his</strong></span> <span class='ocrx_word' id='word_1_256' title='bbox 688 3461 909 3523; x_wconf 84' lang='lat' dir='ltr'><strong>docens,</strong></span> <span class='ocrx_word' id='word_1_257' title='bbox 935 3461 1033 3513; x_wconf 78' lang='lat' dir='ltr'><strong>nisi</strong></span> <span class='ocrx_word' id='word_1_258' title='bbox 1064 3475 1122 3515; x_wconf 86' lang='lat' dir='ltr'><strong>se</strong></span> <span class='ocrx_word' id='word_1_259' title='bbox 1148 3472 1337 3529; x_wconf 74' lang='lat' dir='ltr'><strong>Sponte</strong></span> <span class='ocrx_word' id='word_1_260' title='bbox 1372 3463 1698 3527; x_wconf 82' lang='lat' dir='ltr'><strong>tradidisset,</strong></span> <span class='ocrx_word' id='word_1_261' title='bbox 1728 3480 1884 3516; x_wconf 88' lang='lat' dir='ltr'><strong>umn-</strong></span> 
     </span>
    </p>
   </div>
   <div class='ocr_carea' id='block_1_35' title="bbox 276 3553 1882 3626">
    <p class='ocr_par' dir='ltr' id='par_1_35' title="bbox 276 3553 1882 3626">
     <span class='ocr_line' id='line_1_35' title="bbox 276 3553 1882 3626; baseline 0.003 -20"><span class='ocrx_word' id='word_1_262' title='bbox 276 3571 438 3624; x_wconf 86' lang='lat' dir='ltr'><strong>quam</strong></span> <span class='ocrx_word' id='word_1_263' title='bbox 461 3555 699 3624; x_wconf 83' lang='lat' dir='ltr'><strong>potuisse</strong></span> <span class='ocrx_word' id='word_1_264' title='bbox 729 3555 866 3624; x_wconf 83' lang='lat' dir='ltr'><strong>rapi.</strong></span> <span class='ocrx_word' id='word_1_265' title='bbox 894 3553 1074 3622; x_wconf 81' lang='lat' dir='ltr'><strong>Neque</strong></span> <span class='ocrx_word' id='word_1_266' title='bbox 1095 3556 1237 3609; x_wconf 89' lang='lat' dir='ltr'><strong>enim</strong></span> <span class='ocrx_word' id='word_1_267' title='bbox 1270 3557 1322 3620; x_wconf 92' lang='lat' dir='ltr'><strong>ii,</strong></span> <span class='ocrx_word' id='word_1_268' title='bbox 1350 3559 1439 3626; x_wconf 90' lang='lat' dir='ltr'><strong>qui</strong></span> <span class='ocrx_word' id='word_1_269' title='bbox 1467 3558 1612 3611; x_wconf 88' lang='lat' dir='ltr'><strong>illum</strong></span> <span class='ocrx_word' id='word_1_270' title='bbox 1641 3575 1746 3626; x_wconf 77' lang='lat' dir='ltr'><strong>pra:</strong></span> <span class='ocrx_word' id='word_1_271' title='bbox 1770 3575 1882 3611; x_wconf 89' lang='lat' dir='ltr'><strong>ma-</strong></span> 
     </span>
    </p>
   </div>
   <div class='ocr_carea' id='block_1_36' title="bbox 277 3647 1878 3720">
    <p class='ocr_par' dir='ltr' id='par_1_36' title="bbox 277 3647 1878 3720">
     <span class='ocr_line' id='line_1_36' title="bbox 277 3647 1878 3720; baseline 0.004 -21"><span class='ocrx_word' id='word_1_272' title='bbox 277 3647 437 3701; x_wconf 86' lang='lat' dir='ltr'><strong>nibus</strong></span> <span class='ocrx_word' id='word_1_273' title='bbox 486 3658 540 3701; x_wconf 91' lang='lat' dir='ltr'><strong>et</strong></span> <span class='ocrx_word' id='word_1_274' title='bbox 593 3648 645 3700; x_wconf 90' lang='lat' dir='ltr'><strong>in</strong></span> <span class='ocrx_word' id='word_1_275' title='bbox 691 3650 869 3703; x_wconf 88' lang='lat' dir='ltr'><strong>medio</strong></span> <span class='ocrx_word' id='word_1_276' title='bbox 921 3651 1214 3715; x_wconf 85' lang='lat' dir='ltr'><strong>habentes,</strong></span> <span class='ocrx_word' id='word_1_277' title='bbox 1259 3651 1718 3720; x_wconf 75' lang='lat' dir='ltr'><strong>conlprehendcrc</strong></span> <span class='ocrx_word' id='word_1_278' title='bbox 1773 3669 1878 3706; x_wconf 90' lang='lat' dir='ltr'><strong>non</strong></span> 
     </span>
    </p>
   </div>
   <div class='ocr_carea' id='block_1_37' title="bbox 278 3741 1881 3810">
    <p class='ocr_par' dir='ltr' id='par_1_37' title="bbox 278 3741 1881 3810">
     <span class='ocr_line' id='line_1_37' title="bbox 278 3741 1881 3810; baseline 0.006 -22"><span class='ocrx_word' id='word_1_279' title='bbox 278 3749 583 3806; x_wconf 84' lang='lat' dir='ltr'><strong>potucrant,</strong></span> <span class='ocrx_word' id='word_1_280' title='bbox 610 3751 734 3793; x_wconf 84' lang='lat' dir='ltr'><strong>mne</strong></span> <span class='ocrx_word' id='word_1_281' title='bbox 764 3741 1079 3807; x_wconf 65' lang='lat' dir='ltr'><strong>potuissent,</strong></span> <span class='ocrx_word' id='word_1_282' title='bbox 1103 3741 1202 3795; x_wconf 89' lang='lat' dir='ltr'><strong>nisi</strong></span> <span class='ocrx_word' id='word_1_283' title='bbox 1237 3744 1349 3810; x_wconf 87' lang='lat' dir='ltr'><strong>ipse</strong></span> <span class='ocrx_word' id='word_1_284' title='bbox 1375 3743 1646 3796; x_wconf 83' lang='lat' dir='ltr'><strong>voluisset.</strong></span> <span class='ocrx_word' id='word_1_285' title='bbox 1682 3743 1881 3798; x_wconf 84' lang='lat' dir='ltr'><strong>Deinde</strong></span> 
     </span>
    </p>
   </div>
   <div class='ocr_carea' id='block_1_38' title="bbox 274 3832 1878 3906">
    <p class='ocr_par' dir='ltr' id='par_1_38' title="bbox 274 3832 1878 3906">
     <span class='ocr_line' id='line_1_38' title="bbox 274 3832 1878 3906; baseline 0.004 -23"><span class='ocrx_word' id='word_1_286' title='bbox 274 3832 679 3900; x_wconf 77' lang='lat' dir='ltr'><strong>ambiguitatem</strong></span> <span class='ocrx_word' id='word_1_287' title='bbox 717 3834 894 3895; x_wconf 74' lang='lat' dir='ltr'><strong>solvit,</strong></span> <span class='ocrx_word' id='word_1_288' title='bbox 928 3849 1021 3888; x_wconf 93' lang='lat' dir='ltr'><strong>cur</strong></span> <span class='ocrx_word' id='word_1_289' title='bbox 1056 3835 1105 3888; x_wconf 89' lang='lat' dir='ltr'><strong>id</strong></span> <span class='ocrx_word' id='word_1_290' title='bbox 1132 3836 1377 3890; x_wconf 81' lang='lat' dir='ltr'><strong>voluerit.</strong></span> <span class='ocrx_word' id='word_1_291' title='bbox 1412 3836 1498 3890; x_wconf 84' lang='lat'><strong>56.</strong></span> <span class='ocrx_word' id='word_1_292' title='bbox 1533 3834 1646 3889; x_wconf 87' lang='lat' dir='ltr'><strong>lloc</strong></span> <span class='ocrx_word' id='word_1_293' title='bbox 1686 3840 1878 3906; x_wconf 83' lang='lat' dir='ltr'><strong>factum</strong></span> 
     </span>
    </p>
   </div>
   <div class='ocr_carea' id='block_1_39' title="bbox 271 3924 1878 3996">
    <p class='ocr_par' dir='ltr' id='par_1_39' title="bbox 271 3924 1878 3996">
     <span class='ocr_line' id='line_1_39' title="bbox 271 3924 1878 3996; baseline 0.005 -21"><span class='ocrx_word' id='word_1_294' title='bbox 271 3932 371 3985; x_wconf 87' lang='lat' dir='ltr'><strong>est,</strong></span> <span class='ocrx_word' id='word_1_295' title='bbox 406 3924 594 3991; x_wconf 90' lang='lat' dir='ltr'><strong>inquit,</strong></span> <span class='ocrx_word' id='word_1_296' title='bbox 619 3935 672 3976; x_wconf 81' lang='lat' dir='ltr'><strong>ut</strong></span> <span class='ocrx_word' id='word_1_297' title='bbox 699 3925 1028 3994; x_wconf 81' lang='lat' dir='ltr'><strong>implerentar</strong></span> <span class='ocrx_word' id='word_1_298' title='bbox 1052 3925 1340 3996; x_wconf 74' lang='lat' dir='ltr'><strong>Scriptum</strong></span> <span class='ocrx_word' id='word_1_299' title='bbox 1370 3929 1754 3996; x_wconf 83' lang='lat' dir='ltr'><strong>prophetarum.</strong></span> <span class='ocrx_word' id='word_1_300' title='bbox 1790 3929 1878 3983; x_wconf 78' lang='lat' dir='ltr'><strong>Vi-</strong></span> 
     </span>
    </p>
   </div>
   <div class='ocr_carea' id='block_1_40' title="bbox 272 4017 1867 4087">
    <p class='ocr_par' dir='ltr' id='par_1_40' title="bbox 272 4017 1867 4087">
     <span class='ocr_line' id='line_1_40' title="bbox 272 4017 1867 4087; baseline 0.005 -19"><span class='ocrx_word' id='word_1_301' title='bbox 272 4017 454 4069; x_wconf 88' lang='lat' dir='ltr'><strong>distiu&#39;</strong></span> <span class='ocrx_word' id='word_1_302' title='bbox 485 4019 754 4086; x_wconf 90' lang='lat' dir='ltr'><strong>quomodo</strong></span> <span class='ocrx_word' id='word_1_303' title='bbox 799 4035 965 4087; x_wconf 83' lang='lat' dir='ltr'><strong>usque</strong></span> <span class='ocrx_word' id='word_1_304' title='bbox 1013 4020 1077 4073; x_wconf 88' lang='lat' dir='ltr'><strong>ad</strong></span> <span class='ocrx_word' id='word_1_305' title='bbox 1119 4021 1360 4075; x_wconf 90' lang='lat' dir='ltr'><strong>ultimam</strong></span> <span class='ocrx_word' id='word_1_306' title='bbox 1393 4020 1580 4076; x_wconf 91' lang='lat' dir='ltr'><strong>horam</strong></span> <span class='ocrx_word' id='word_1_307' title='bbox 1607 4065 1623 4084; x_wconf 95' lang='lat'><strong>,</strong></span> <span class='ocrx_word' id='word_1_308' title='bbox 1655 4037 1718 4076; x_wconf 84' lang='lat' dir='ltr'><strong>ac</strong></span> <span class='ocrx_word' id='word_1_309' title='bbox 1745 4037 1867 4076; x_wconf 90' lang='lat' dir='ltr'><strong>cum</strong></span> 
     </span>
    </p>
   </div>
   <div class='ocr_carea' id='block_1_41' title="bbox 275 4109 1876 4177">
    <p class='ocr_par' dir='ltr' id='par_1_41' title="bbox 275 4109 1876 4177">
     <span class='ocr_line' id='line_1_41' title="bbox 275 4109 1876 4177; baseline 0.004 -17"><span class='ocrx_word' id='word_1_310' title='bbox 275 4109 391 4177; x_wconf 74' lang='lat' dir='ltr'><strong>ip~c</strong></span> <span class='ocrx_word' id='word_1_311' title='bbox 421 4109 738 4172; x_wconf 76' lang='lat' dir='ltr'><strong>traderetur,</strong></span> <span class='ocrx_word' id='word_1_312' title='bbox 765 4111 944 4164; x_wconf 86' lang='lat' dir='ltr'><strong>onmia</strong></span> <span class='ocrx_word' id='word_1_313' title='bbox 970 4110 1171 4166; x_wconf 82' lang='lat' dir='ltr'><strong>faceret</strong></span> <span class='ocrx_word' id='word_1_314' title='bbox 1207 4113 1272 4166; x_wconf 86' lang='lat' dir='ltr'><strong>ad</strong></span> <span class='ocrx_word' id='word_1_315' title='bbox 1302 4113 1514 4168; x_wconf 91' lang='lat' dir='ltr'><strong>illorum</strong></span> <span class='ocrx_word' id='word_1_316' title='bbox 1543 4113 1876 4167; x_wconf 89' lang='lat' dir='ltr'><strong>emendatio-</strong></span> 
     </span>
    </p>
   </div>
   <div class='ocr_carea' id='block_1_42' title="bbox 274 4202 1874 4276">
    <p class='ocr_par' dir='ltr' id='par_1_42' title="bbox 274 4202 1874 4276">
     <span class='ocr_line' id='line_1_42' title="bbox 274 4202 1874 4276; baseline 0.003 -23"><span class='ocrx_word' id='word_1_317' title='bbox 274 4216 422 4265; x_wconf 88' lang='lat' dir='ltr'><strong>nem,</strong></span> <span class='ocrx_word' id='word_1_318' title='bbox 447 4215 662 4266; x_wconf 82' lang='lat' dir='ltr'><strong>sanans,</strong></span> <span class='ocrx_word' id='word_1_319' title='bbox 693 4202 1100 4270; x_wconf 79' lang='lat' dir='ltr'><strong>prophclizans,</strong></span> <span class='ocrx_word' id='word_1_320' title='bbox 1131 4205 1302 4258; x_wconf 86' lang='lat' dir='ltr'><strong>minas</strong></span> <span class='ocrx_word' id='word_1_321' title='bbox 1331 4206 1600 4259; x_wconf 91' lang='lat' dir='ltr'><strong>intentans</strong></span> <span class='ocrx_word' id='word_1_322' title='bbox 1631 4206 1649 4275; x_wconf 96' lang='lat'><strong>(</strong></span> <span class='ocrx_word' id='word_1_323' title='bbox 1666 4205 1730 4258; x_wconf 88' lang='lat' dir='ltr'><strong>In</strong></span> <span class='ocrx_word' id='word_1_324' title='bbox 1758 4208 1874 4276; x_wconf 82' lang='lat' dir='ltr'><strong>gla-</strong></span> 
     </span>
    </p>
   </div>
   <div class='ocr_carea' id='block_1_43' title="bbox 271 4292 1874 4367">
    <p class='ocr_par' dir='ltr' id='par_1_43' title="bbox 271 4292 1874 4367">
     <span class='ocr_line' id='line_1_43' title="bbox 271 4292 1874 4367; baseline 0.005 -24"><span class='ocrx_word' id='word_1_325' title='bbox 271 4292 398 4356; x_wconf 86' lang='lat' dir='ltr'><strong>dio,</strong></span> <span class='ocrx_word' id='word_1_326' title='bbox 450 4292 655 4362; x_wconf 84' lang='lat' dir='ltr'><strong>inquit,</strong></span> <span class='ocrx_word' id='word_1_327' title='bbox 698 4294 996 4365; x_wconf 81' lang='lat' dir='ltr'><strong>peribunt);</strong></span> <span class='ocrx_word' id='word_1_328' title='bbox 1039 4296 1330 4350; x_wconf 88' lang='lat' dir='ltr'><strong>ostendens</strong></span> <span class='ocrx_word' id='word_1_329' title='bbox 1375 4312 1437 4352; x_wconf 87' lang='lat' dir='ltr'><strong>se</strong></span> <span class='ocrx_word' id='word_1_330' title='bbox 1486 4299 1713 4352; x_wconf 85' lang='lat' dir='ltr'><strong>libenter</strong></span> <span class='ocrx_word' id='word_1_331' title='bbox 1769 4298 1874 4367; x_wconf 84' lang='lat' dir='ltr'><strong>pali</strong></span> 
     </span>
    </p>
   </div>
   <div class='ocr_carea' id='block_1_44' title="bbox 271 4381 1874 4454">
    <p class='ocr_par' dir='ltr' id='par_1_44' title="bbox 271 4381 1874 4454">
     <span class='ocr_line' id='line_1_44' title="bbox 271 4381 1874 4454; baseline 0.007 -21"><span class='ocrx_word' id='word_1_332' title='bbox 271 4381 572 4451; x_wconf 81' lang='lat' dir='ltr'><strong>(Quotidie,</strong></span> <span class='ocrx_word' id='word_1_333' title='bbox 605 4384 796 4453; x_wconf 85' lang='lat' dir='ltr'><strong>inquit,</strong></span> <span class='ocrx_word' id='word_1_334' title='bbox 820 4387 1072 4439; x_wconf 75' lang='lat' dir='ltr'><strong>vobiscum</strong></span> <span class='ocrx_word' id='word_1_335' title='bbox 1107 4404 1243 4440; x_wconf 86' lang='lat' dir='ltr'><strong>eram</strong></span> <span class='ocrx_word' id='word_1_336' title='bbox 1283 4389 1527 4454; x_wconf 86' lang='lat' dir='ltr'><strong>docens),</strong></span> <span class='ocrx_word' id='word_1_337' title='bbox 1560 4405 1711 4443; x_wconf 90' lang='lat' dir='ltr'><strong>suam</strong></span> <span class='ocrx_word' id='word_1_338' title='bbox 1753 4406 1874 4444; x_wconf 90' lang='lat' dir='ltr'><strong>cum</strong></span> 
     </span>
    </p>
   </div>
   <div class='ocr_carea' id='block_1_45' title="bbox 274 4473 1877 4551">
    <p class='ocr_par' dir='ltr' id='par_1_45' title="bbox 274 4473 1877 4551">
     <span class='ocr_line' id='line_1_45' title="bbox 274 4473 1877 4551; baseline 0.006 -25"><span class='ocrx_word' id='word_1_339' title='bbox 274 4473 435 4526; x_wconf 78' lang='lat' dir='ltr'><strong>Patre</strong></span> <span class='ocrx_word' id='word_1_340' title='bbox 455 4474 797 4527; x_wconf 81' lang='lat' dir='ltr'><strong>Concordiam</strong></span> <span class='ocrx_word' id='word_1_341' title='bbox 823 4477 1131 4543; x_wconf 78' lang='lat' dir='ltr'><strong>ostendens,</strong></span> <span class='ocrx_word' id='word_1_342' title='bbox 1157 4476 1220 4531; x_wconf 88' lang='lat' dir='ltr'><strong>Ut</strong></span> <span class='ocrx_word' id='word_1_343' title='bbox 1243 4480 1569 4544; x_wconf 85' lang='lat' dir='ltr'><strong>implerentur</strong></span> <span class='ocrx_word' id='word_1_344' title='bbox 1592 4481 1877 4551; x_wconf 70' lang='lat' dir='ltr'><strong>Scriptura:</strong></span> 
     </span>
    </p>
   </div>
   <div class='ocr_carea' id='block_1_46' title="bbox 271 4567 1871 4644">
    <p class='ocr_par' dir='ltr' id='par_1_46' title="bbox 271 4567 1871 4644">
     <span class='ocr_line' id='line_1_46' title="bbox 271 4567 1871 4644; baseline 0.007 -26"><span class='ocrx_word' id='word_1_345' title='bbox 271 4569 678 4636; x_wconf 73' lang='lat' dir='ltr'><strong>prophetarum?</strong></span> <span class='ocrx_word' id='word_1_346' title='bbox 707 4567 815 4621; x_wconf 88' lang='lat' dir='ltr'><strong>Cur</strong></span> <span class='ocrx_word' id='word_1_347' title='bbox 839 4581 1014 4625; x_wconf 87' lang='lat' dir='ltr'><strong>autem</strong></span> <span class='ocrx_word' id='word_1_348' title='bbox 1049 4588 1153 4625; x_wconf 82' lang='lat' dir='ltr'><strong>non</strong></span> <span class='ocrx_word' id='word_1_349' title='bbox 1185 4573 1332 4626; x_wconf 91' lang='lat' dir='ltr'><strong>illum</strong></span> <span class='ocrx_word' id='word_1_350' title='bbox 1369 4575 1419 4626; x_wconf 90' lang='lat' dir='ltr'><strong>in</strong></span> <span class='ocrx_word' id='word_1_351' title='bbox 1451 4576 1650 4644; x_wconf 87' lang='lat' dir='ltr'><strong>templo</strong></span> <span class='ocrx_word' id='word_1_352' title='bbox 1679 4585 1871 4629; x_wconf 87' lang='lat' dir='ltr'><strong>tenue-</strong></span> 
     </span>
    </p>
   </div>
   <div class='ocr_carea' id='block_1_47' title="bbox 270 4659 1873 4735">
    <p class='ocr_par' dir='ltr' id='par_1_47' title="bbox 270 4659 1873 4735">
     <span class='ocr_line' id='line_1_47' title="bbox 270 4659 1873 4735; baseline 0.007 -24"><span class='ocrx_word' id='word_1_353' title='bbox 270 4659 439 4711; x_wconf 90' lang='lat' dir='ltr'><strong>runt?</strong></span> <span class='ocrx_word' id='word_1_354' title='bbox 469 4659 601 4726; x_wconf 82' lang='lat' dir='ltr'><strong>Quia</strong></span> <span class='ocrx_word' id='word_1_355' title='bbox 646 4660 714 4713; x_wconf 92' lang='lat' dir='ltr'><strong>ibi</strong></span> <span class='ocrx_word' id='word_1_356' title='bbox 761 4677 864 4713; x_wconf 92' lang='lat' dir='ltr'><strong>non</strong></span> <span class='ocrx_word' id='word_1_357' title='bbox 905 4663 1019 4716; x_wconf 82' lang='lat' dir='ltr'><strong>ausi</strong></span> <span class='ocrx_word' id='word_1_358' title='bbox 1050 4664 1272 4718; x_wconf 67' lang='lat' dir='ltr'><strong>fuissent</strong></span> <span class='ocrx_word' id='word_1_359' title='bbox 1305 4676 1524 4735; x_wconf 87' lang='lat' dir='ltr'><strong>propter</strong></span> <span class='ocrx_word' id='word_1_360' title='bbox 1551 4667 1755 4722; x_wconf 86' lang='lat' dir='ltr'><strong>turbas.</strong></span> <span class='ocrx_word' id='word_1_361' title='bbox 1789 4667 1873 4723; x_wconf 85' lang='lat' dir='ltr'><strong>ld-</strong></span> 
     </span>
    </p>
   </div>
   <div class='ocr_carea' id='block_1_48' title="bbox 267 4751 1870 4830">
    <p class='ocr_par' dir='ltr' id='par_1_48' title="bbox 267 4751 1870 4830">
     <span class='ocr_line' id='line_1_48' title="bbox 267 4751 1870 4830; baseline 0.009 -27"><span class='ocrx_word' id='word_1_362' title='bbox 267 4752 418 4804; x_wconf 87' lang='lat' dir='ltr'><strong>eirco</strong></span> <span class='ocrx_word' id='word_1_363' title='bbox 452 4751 595 4804; x_wconf 84' lang='lat' dir='ltr'><strong>foras</strong></span> <span class='ocrx_word' id='word_1_364' title='bbox 627 4753 812 4817; x_wconf 78' lang='lat' dir='ltr'><strong>exivit,</strong></span> <span class='ocrx_word' id='word_1_365' title='bbox 856 4766 908 4809; x_wconf 89' lang='lat' dir='ltr'><strong>et</strong></span> <span class='ocrx_word' id='word_1_366' title='bbox 951 4770 980 4808; x_wconf 87' lang='lat' dir='ltr'><strong>a</strong></span> <span class='ocrx_word' id='word_1_367' title='bbox 1014 4759 1130 4808; x_wconf 81' lang='lat' dir='ltr'><strong>loro</strong></span> <span class='ocrx_word' id='word_1_368' title='bbox 1159 4767 1213 4811; x_wconf 86' lang='lat' dir='ltr'><strong>et</strong></span> <span class='ocrx_word' id='word_1_369' title='bbox 1239 4774 1268 4811; x_wconf 86' lang='lat' dir='ltr'><strong>a</strong></span> <span class='ocrx_word' id='word_1_370' title='bbox 1302 4770 1543 4830; x_wconf 85' lang='lat' dir='ltr'><strong>tempore</strong></span> <span class='ocrx_word' id='word_1_371' title='bbox 1571 4762 1870 4818; x_wconf 85' lang='lat' dir='ltr'><strong>libertatem</strong></span> 
     </span>
    </p>
   </div>
   <div class='ocr_carea' id='block_1_49' title="bbox 267 4843 1868 4922">
    <p class='ocr_par' dir='ltr' id='par_1_49' title="bbox 267 4843 1868 4922">
     <span class='ocr_line' id='line_1_49' title="bbox 267 4843 1868 4922; baseline 0.008 -26"><span class='ocrx_word' id='word_1_372' title='bbox 267 4843 400 4911; x_wconf 82' lang='lat' dir='ltr'><strong>ipsis</strong></span> <span class='ocrx_word' id='word_1_373' title='bbox 425 4859 638 4912; x_wconf 88' lang='lat' dir='ltr'><strong>parans,</strong></span> <span class='ocrx_word' id='word_1_374' title='bbox 662 4857 716 4899; x_wconf 90' lang='lat' dir='ltr'><strong>et</strong></span> <span class='ocrx_word' id='word_1_375' title='bbox 744 4861 911 4913; x_wconf 87' lang='lat' dir='ltr'><strong>usque</strong></span> <span class='ocrx_word' id='word_1_376' title='bbox 931 4849 996 4901; x_wconf 87' lang='lat' dir='ltr'><strong>ad</strong></span> <span class='ocrx_word' id='word_1_377' title='bbox 1018 4859 1315 4904; x_wconf 75' lang='lat' dir='ltr'><strong>extremam</strong></span> <span class='ocrx_word' id='word_1_378' title='bbox 1336 4851 1522 4907; x_wconf 87' lang='lat' dir='ltr'><strong>horam</strong></span> <span class='ocrx_word' id='word_1_379' title='bbox 1549 4855 1676 4922; x_wconf 84' lang='lat' dir='ltr'><strong>ipsis</strong></span> <span class='ocrx_word' id='word_1_380' title='bbox 1702 4871 1868 4910; x_wconf 86' lang='lat' dir='ltr'><strong>exeu-</strong></span> 
     </span>
    </p>
   </div>
   <div class='ocr_carea' id='block_1_50' title="bbox 265 4935 1869 5016">
    <p class='ocr_par' dir='ltr' id='par_1_50' title="bbox 265 4935 1869 5016">
     <span class='ocr_line' id='line_1_50' title="bbox 265 4935 1869 5016; baseline 0.009 -28"><span class='ocrx_word' id='word_1_381' title='bbox 265 4935 532 4990; x_wconf 82' lang='lat' dir='ltr'><strong>sationent</strong></span> <span class='ocrx_word' id='word_1_382' title='bbox 566 4939 877 5007; x_wconf 69' lang='lat' dir='ltr'><strong>praecidens.</strong></span> <span class='ocrx_word' id='word_1_383' title='bbox 904 4940 1031 4995; x_wconf 79' lang='lat' dir='ltr'><strong>Nam</strong></span> <span class='ocrx_word' id='word_1_384' title='bbox 1056 4943 1142 5011; x_wconf 91' lang='lat' dir='ltr'><strong>qui</strong></span> <span class='ocrx_word' id='word_1_385' title='bbox 1175 4959 1233 4997; x_wconf 87' lang='lat' dir='ltr'><strong>se</strong></span> <span class='ocrx_word' id='word_1_386' title='bbox 1258 4946 1475 5000; x_wconf 87' lang='lat' dir='ltr'><strong>tradidit</strong></span> <span class='ocrx_word' id='word_1_387' title='bbox 1505 4958 1561 5000; x_wconf 89' lang='lat' dir='ltr'><strong>ut</strong></span> <span class='ocrx_word' id='word_1_388' title='bbox 1593 4948 1869 5016; x_wconf 88' lang='lat' dir='ltr'><strong>prophetis</strong></span> 
     </span>
    </p>
   </div>
   <div class='ocr_carea' id='block_1_51' title="bbox 263 5028 1869 5100">
    <p class='ocr_par' dir='ltr' id='par_1_51' title="bbox 263 5028 1869 5100">
     <span class='ocr_line' id='line_1_51' title="bbox 263 5028 1869 5100; baseline 0.009 -21"><span class='ocrx_word' id='word_1_389' title='bbox 263 5028 694 5098; x_wconf 88' lang='lat' dir='ltr'><strong>obtemperaret,</strong></span> <span class='ocrx_word' id='word_1_390' title='bbox 749 5033 1019 5100; x_wconf 88' lang='lat' dir='ltr'><strong>quomodo</strong></span> <span class='ocrx_word' id='word_1_391' title='bbox 1065 5036 1329 5089; x_wconf 88' lang='lat' dir='ltr'><strong>contraria</strong></span> <span class='ocrx_word' id='word_1_392' title='bbox 1372 5037 1681 5094; x_wconf 78' lang='lat' dir='ltr'><strong>docuisset?</strong></span> <span class='ocrx_word' id='word_1_393' title='bbox 1729 5039 1869 5094; x_wconf 87' lang='lat' dir='ltr'><strong>Tunc</strong></span> 
     </span>
    </p>
   </div>
   <div class='ocr_carea' id='block_1_52' title="bbox 264 5119 1868 5203">
    <p class='ocr_par' dir='ltr' id='par_1_52' title="bbox 264 5119 1868 5203">
     <span class='ocr_line' id='line_1_52' title="bbox 264 5119 1868 5203; baseline 0.012 -33"><span class='ocrx_word' id='word_1_394' title='bbox 264 5135 441 5173; x_wconf 87' lang='lat' dir='ltr'><strong>omnes</strong></span> <span class='ocrx_word' id='word_1_395' title='bbox 461 5119 743 5191; x_wconf 85' lang='lat' dir='ltr'><strong>discipuli,</strong></span> <span class='ocrx_word' id='word_1_396' title='bbox 793 5125 883 5176; x_wconf 89' lang='lat' dir='ltr'><strong>illo</strong></span> <span class='ocrx_word' id='word_1_397' title='bbox 929 5125 1136 5178; x_wconf 86' lang='lat' dir='ltr'><strong>dimisso</strong></span> <span class='ocrx_word' id='word_1_398' title='bbox 1159 5169 1173 5192; x_wconf 95' lang='lat'><strong>,</strong></span> <span class='ocrx_word' id='word_1_399' title='bbox 1207 5130 1464 5198; x_wconf 79' lang='lat' dir='ltr'><strong>fugerunt.</strong></span> <span class='ocrx_word' id='word_1_400' title='bbox 1509 5130 1643 5186; x_wconf 86' lang='lat' dir='ltr'><strong>Cum</strong></span> <span class='ocrx_word' id='word_1_401' title='bbox 1679 5143 1868 5203; x_wconf 83' lang='lat' dir='ltr'><strong>captus</strong></span> 
     </span>
    </p>
   </div>
   <div class='ocr_carea' id='block_1_53' title="bbox 264 5210 1866 5292">
    <p class='ocr_par' dir='ltr' id='par_1_53' title="bbox 264 5210 1866 5292">
     <span class='ocr_line' id='line_1_53' title="bbox 264 5210 1866 5292; baseline 0.011 -28"><span class='ocrx_word' id='word_1_402' title='bbox 264 5210 394 5274; x_wconf 87' lang='lat' dir='ltr'><strong>fuit,</strong></span> <span class='ocrx_word' id='word_1_403' title='bbox 425 5223 771 5277; x_wconf 85' lang='lat' dir='ltr'><strong>manserunt;</strong></span> <span class='ocrx_word' id='word_1_404' title='bbox 800 5230 921 5269; x_wconf 90' lang='lat' dir='ltr'><strong>cum</strong></span> <span class='ocrx_word' id='word_1_405' title='bbox 949 5227 1126 5271; x_wconf 86' lang='lat' dir='ltr'><strong>autem</strong></span> <span class='ocrx_word' id='word_1_406' title='bbox 1158 5218 1272 5273; x_wconf 73' lang='lat' dir='ltr'><strong>hare</strong></span> <span class='ocrx_word' id='word_1_407' title='bbox 1297 5221 1363 5274; x_wconf 89' lang='lat' dir='ltr'><strong>ad</strong></span> <span class='ocrx_word' id='word_1_408' title='bbox 1394 5222 1575 5277; x_wconf 86' lang='lat' dir='ltr'><strong>turbas</strong></span> <span class='ocrx_word' id='word_1_409' title='bbox 1617 5224 1866 5292; x_wconf 87' lang='lat' dir='ltr'><strong>loquutus</strong></span> 
     </span>
    </p>
   </div>
   <div class='ocr_carea' id='block_1_54' title="bbox 260 5301 1863 5388">
    <p class='ocr_par' dir='ltr' id='par_1_54' title="bbox 260 5301 1863 5388">
     <span class='ocr_line' id='line_1_54' title="bbox 260 5301 1863 5388; baseline 0.009 -30"><span class='ocrx_word' id='word_1_410' title='bbox 260 5311 430 5365; x_wconf 85' lang='lat' dir='ltr'><strong>esset,</strong></span> <span class='ocrx_word' id='word_1_411' title='bbox 459 5301 727 5373; x_wconf 79' lang='lat' dir='ltr'><strong>fugerunt.</strong></span> <span class='ocrx_word' id='word_1_412' title='bbox 762 5305 1020 5362; x_wconf 77' lang='lat' dir='ltr'><strong>Viderunt</strong></span> <span class='ocrx_word' id='word_1_413' title='bbox 1041 5310 1183 5364; x_wconf 83' lang='lat' dir='ltr'><strong>enim</strong></span> <span class='ocrx_word' id='word_1_414' title='bbox 1212 5311 1427 5367; x_wconf 90' lang='lat' dir='ltr'><strong>demum</strong></span> <span class='ocrx_word' id='word_1_415' title='bbox 1460 5331 1565 5369; x_wconf 87' lang='lat' dir='ltr'><strong>non</strong></span> <span class='ocrx_word' id='word_1_416' title='bbox 1599 5317 1734 5371; x_wconf 84' lang='lat' dir='ltr'><strong>ultra</strong></span> <span class='ocrx_word' id='word_1_417' title='bbox 1764 5318 1863 5388; x_wconf 86' lang='lat' dir='ltr'><strong>ipsi</strong></span> 
     </span>
    </p>
   </div>
   <div class='ocr_carea' id='block_1_55' title="bbox 263 5391 1862 5474">
    <p class='ocr_par' dir='ltr' id='par_1_55' title="bbox 263 5391 1862 5474">
     <span class='ocr_line' id='line_1_55' title="bbox 263 5391 1862 5474; baseline 0.013 -28"><span class='ocrx_word' id='word_1_418' title='bbox 263 5391 502 5465; x_wconf 81' lang='lat' dir='ltr'><strong>fugiendi</strong></span> <span class='ocrx_word' id='word_1_419' title='bbox 533 5397 839 5452; x_wconf 82' lang='lat' dir='ltr'><strong>facultatem</strong></span> <span class='ocrx_word' id='word_1_420' title='bbox 878 5399 1012 5466; x_wconf 87' lang='lat' dir='ltr'><strong>fore,</strong></span> <span class='ocrx_word' id='word_1_421' title='bbox 1055 5418 1175 5456; x_wconf 90' lang='lat' dir='ltr'><strong>cum</strong></span> <span class='ocrx_word' id='word_1_422' title='bbox 1208 5405 1405 5474; x_wconf 88' lang='lat' dir='ltr'><strong>seipse</strong></span> <span class='ocrx_word' id='word_1_423' title='bbox 1436 5408 1667 5465; x_wconf 84' lang='lat' dir='ltr'><strong>libenter</strong></span> <span class='ocrx_word' id='word_1_424' title='bbox 1697 5413 1862 5465; x_wconf 85' lang='lat' dir='ltr'><strong>tradi-</strong></span> 
     </span>
    </p>
   </div>
   <div class='ocr_carea' id='block_1_56' title="bbox 260 5485 1858 5568">
    <p class='ocr_par' dir='ltr' id='par_1_56' title="bbox 260 5485 1858 5568">
     <span class='ocr_line' id='line_1_56' title="bbox 260 5485 1858 5568; baseline 0.011 -30"><span class='ocrx_word' id='word_1_425' title='bbox 260 5485 432 5541; x_wconf 84' lang='lat' dir='ltr'><strong>disset</strong></span> <span class='ocrx_word' id='word_1_426' title='bbox 459 5487 583 5554; x_wconf 85' lang='lat' dir='ltr'><strong>illis,</strong></span> <span class='ocrx_word' id='word_1_427' title='bbox 627 5501 682 5542; x_wconf 88' lang='lat' dir='ltr'><strong>et</strong></span> <span class='ocrx_word' id='word_1_428' title='bbox 711 5490 912 5545; x_wconf 88' lang='lat' dir='ltr'><strong>diceret</strong></span> <span class='ocrx_word' id='word_1_429' title='bbox 945 5493 1046 5548; x_wconf 90' lang='lat' dir='ltr'><strong>hoc</strong></span> <span class='ocrx_word' id='word_1_430' title='bbox 1075 5496 1368 5552; x_wconf 88' lang='lat' dir='ltr'><strong>secundum</strong></span> <span class='ocrx_word' id='word_1_431' title='bbox 1391 5499 1701 5568; x_wconf 87' lang='lat' dir='ltr'><strong>Scripturas</strong></span> <span class='ocrx_word' id='word_1_432' title='bbox 1725 5502 1858 5556; x_wconf 81' lang='lat' dir='ltr'><strong>fieri.</strong></span> 
     </span>
    </p>
   </div>
   <div class='ocr_carea' id='block_1_57' title="bbox 259 5577 1856 5659">
    <p class='ocr_par' dir='ltr' id='par_1_57' title="bbox 259 5577 1856 5659">
     <span class='ocr_line' id='line_1_57' title="bbox 259 5577 1856 5659; baseline 0.011 -27"><span class='ocrx_word' id='word_1_433' title='bbox 259 5577 393 5632; x_wconf 89' lang='lat' dir='ltr'><strong>Cum</strong></span> <span class='ocrx_word' id='word_1_434' title='bbox 423 5579 754 5650; x_wconf 85' lang='lat' dir='ltr'><strong>aufugissent</strong></span> <span class='ocrx_word' id='word_1_435' title='bbox 783 5583 893 5650; x_wconf 90' lang='lat' dir='ltr'><strong>illi,</strong></span> <span class='ocrx_word' id='word_1_436' title='bbox 941 5584 1143 5640; x_wconf 90' lang='lat' dir='ltr'><strong>ducunt</strong></span> <span class='ocrx_word' id='word_1_437' title='bbox 1171 5604 1290 5641; x_wconf 90' lang='lat' dir='ltr'><strong>eum</strong></span> <span class='ocrx_word' id='word_1_438' title='bbox 1331 5590 1397 5643; x_wconf 89' lang='lat' dir='ltr'><strong>ad</strong></span> <span class='ocrx_word' id='word_1_439' title='bbox 1425 5592 1676 5659; x_wconf 80' lang='lat' dir='ltr'><strong>Caipham</strong></span> <span class='ocrx_word' id='word_1_440' title='bbox 1701 5611 1715 5657; x_wconf 92' lang='lat'>;</span> <span class='ocrx_word' id='word_1_441' title='bbox 1767 5595 1856 5650; x_wconf 82' lang='lat'><strong>58.</strong></span> 
     </span>
    </p>
   </div>
   <div class='ocr_carea' id='block_1_58' title="bbox 259 5667 1854 5750">
    <p class='ocr_par' dir='ltr' id='par_1_58' title="bbox 259 5667 1854 5750">
     <span class='ocr_line' id='line_1_58' title="bbox 259 5667 1854 5750; baseline 0.01 -26"><span class='ocrx_word' id='word_1_442' title='bbox 259 5667 445 5724; x_wconf 74' lang='lat' dir='ltr'><strong>Petrus</strong></span> <span class='ocrx_word' id='word_1_443' title='bbox 471 5682 636 5726; x_wconf 79' lang='lat' dir='ltr'><strong>autem</strong></span> <span class='ocrx_word' id='word_1_444' title='bbox 668 5686 902 5740; x_wconf 83' lang='lat' dir='ltr'><strong>sequutus</strong></span> <span class='ocrx_word' id='word_1_445' title='bbox 925 5687 970 5729; x_wconf 88' lang='lat' dir='ltr'><strong>et</strong></span> <span class='ocrx_word' id='word_1_446' title='bbox 993 5678 1247 5748; x_wconf 82' lang='lat' dir='ltr'><strong>ingressus</strong></span> <span class='ocrx_word' id='word_1_447' title='bbox 1278 5691 1369 5746; x_wconf 82' lang='lat' dir='ltr'><strong>est,</strong></span> <span class='ocrx_word' id='word_1_448' title='bbox 1402 5693 1453 5734; x_wconf 89' lang='lat' dir='ltr'><strong>ut</strong></span> <span class='ocrx_word' id='word_1_449' title='bbox 1476 5684 1660 5737; x_wconf 82' lang='lat' dir='ltr'><strong>rideret</strong></span> <span class='ocrx_word' id='word_1_450' title='bbox 1682 5687 1854 5750; x_wconf 76' lang='lat' dir='ltr'><strong>ﬁnem.</strong></span> 
     </span>
    </p>
   </div>
   <div class='ocr_carea' id='block_1_59' title="bbox 262 5763 1856 5841">
    <p class='ocr_par' dir='ltr' id='par_1_59' title="bbox 262 5763 1856 5841">
     <span class='ocr_line' id='line_1_59' title="bbox 262 5763 1856 5841; baseline 0.012 -27"><span class='ocrx_word' id='word_1_451' title='bbox 262 5763 452 5832; x_wconf 85' lang='lat' dir='ltr'><strong>lugens</strong></span> <span class='ocrx_word' id='word_1_452' title='bbox 478 5765 723 5834; x_wconf 86' lang='lat' dir='ltr'><strong>discipuli</strong></span> <span class='ocrx_word' id='word_1_453' title='bbox 762 5769 979 5832; x_wconf 78' lang='lat' dir='ltr'><strong>fervor;</strong></span> <span class='ocrx_word' id='word_1_454' title='bbox 1026 5787 1146 5824; x_wconf 87' lang='lat' dir='ltr'><strong>cum</strong></span> <span class='ocrx_word' id='word_1_455' title='bbox 1187 5772 1450 5841; x_wconf 80' lang='lat' dir='ltr'><strong>fugientes</strong></span> <span class='ocrx_word' id='word_1_456' title='bbox 1491 5777 1714 5841; x_wconf 87' lang='lat' dir='ltr'><strong>videret,</strong></span> <span class='ocrx_word' id='word_1_457' title='bbox 1752 5795 1856 5833; x_wconf 87' lang='lat' dir='ltr'><strong>non</strong></span> 
     </span>
    </p>
   </div>
   <div class='ocr_carea' id='block_1_60' title="bbox 262 5857 1855 5928">
    <p class='ocr_par' dir='ltr' id='par_1_60' title="bbox 262 5857 1855 5928">
     <span class='ocr_line' id='line_1_60' title="bbox 262 5857 1855 5928; baseline 0.011 -17"><span class='ocrx_word' id='word_1_458' title='bbox 262 5857 411 5928; x_wconf 84' lang='lat' dir='ltr'><strong>fugit,</strong></span> <span class='ocrx_word' id='word_1_459' title='bbox 446 5857 539 5913; x_wconf 78' lang='lat' dir='ltr'><strong>sed</strong></span> <span class='ocrx_word' id='word_1_460' title='bbox 571 5861 714 5916; x_wconf 83' lang='lat' dir='ltr'><strong>stetit</strong></span> <span class='ocrx_word' id='word_1_461' title='bbox 743 5871 796 5916; x_wconf 88' lang='lat' dir='ltr'><strong>et</strong></span> <span class='ocrx_word' id='word_1_462' title='bbox 839 5877 958 5917; x_wconf 90' lang='lat' dir='ltr'><strong>cum</strong></span> <span class='ocrx_word' id='word_1_463' title='bbox 993 5864 1095 5919; x_wconf 83' lang='lat' dir='ltr'><strong>illis</strong></span> <span class='ocrx_word' id='word_1_464' title='bbox 1123 5867 1380 5921; x_wconf 73' lang='lat' dir='ltr'><strong>introivit.</strong></span> <span class='ocrx_word' id='word_1_465' title='bbox 1413 5866 1546 5924; x_wconf 84' lang='lat' dir='ltr'><strong>Nam</strong></span> <span class='ocrx_word' id='word_1_466' title='bbox 1569 5873 1666 5928; x_wconf 86' lang='lat' dir='ltr'><strong>etsi</strong></span> <span class='ocrx_word' id='word_1_467' title='bbox 1694 5871 1855 5928; x_wconf 82' lang='lat' dir='ltr'><strong>Joan-</strong></span> 
     </span>
    </p>
   </div>
   <div class='ocr_carea' id='block_1_61' title="bbox 1164 390 2713 457">
    <p class='ocr_par' dir='ltr' id='par_1_61' title="bbox 1164 390 2713 457">
     <span class='ocr_line' id='line_1_61' title="bbox 1164 390 2713 457; baseline -0.006 0"><span class='ocrx_word' id='word_1_468' title='bbox 1164 400 1229 457; x_wconf 76' lang='grc' dir='ltr'><strong>ΙΝ</strong></span> <span class='ocrx_word' id='word_1_469' title='bbox 1271 395 1684 456; x_wconf 75' lang='grc' dir='ltr'><strong>ΜΑΤΤΙΙΑΞΠΜ</strong></span> <span class='ocrx_word' id='word_1_470' title='bbox 1725 390 1955 448; x_wconf 76' lang='lat' dir='ltr'><strong>IIOMIL.</strong></span> <span class='ocrx_word' id='word_1_471' title='bbox 2000 390 2290 447; x_wconf 69' lang='lat' dir='ltr'><strong>LXXXIV.</strong></span> <span class='ocrx_word' id='word_1_472' title='bbox 2332 394 2383 449; x_wconf 86' lang='lat' dir='ltr'><strong>al</strong></span> <span class='ocrx_word' id='word_1_473' title='bbox 2449 391 2713 449; x_wconf 73' lang='lat' dir='ltr'><strong>LXXXV.</strong></span> 
     </span>
    </p>
   </div>
   <div class='ocr_carea' id='block_1_62' title="bbox 3513 402 3622 460">
    <p class='ocr_par' dir='ltr' id='par_1_62' title="bbox 3513 402 3622 460">
     <span class='ocr_line' id='line_1_62' title="bbox 3513 402 3622 460; baseline 0.055 -7"><span class='ocrx_word' id='word_1_474' title='bbox 3513 402 3622 460; x_wconf 63' lang='grc' dir='ltr'><strong>79ζὸ</strong></span> 
     </span>
    </p>
   </div>
   <div class='ocr_carea' id='block_1_63' title="bbox 2015 504 3623 578">
    <p class='ocr_par' dir='ltr' id='par_1_63' title="bbox 2015 504 3623 578">
     <span class='ocr_line' id='line_1_63' title="bbox 2015 504 3623 578; baseline 0.009 -21"><span class='ocrx_word' id='word_1_475' title='bbox 2015 520 2112 559; x_wconf 87' lang='lat' dir='ltr'><strong>nes</strong></span> <span class='ocrx_word' id='word_1_476' title='bbox 2138 509 2156 576; x_wconf 96' lang='lat'><strong>(</strong></span> <span class='ocrx_word' id='word_1_477' title='bbox 2183 504 2316 577; x_wconf 77' lang='lat' dir='ltr'><strong>Cap.</strong></span> <span class='ocrx_word' id='word_1_478' title='bbox 2349 507 2435 561; x_wconf 69' lang='lat'><strong>£8.</strong></span> <span class='ocrx_word' id='word_1_479' title='bbox 2473 508 2580 578; x_wconf 83' lang='lat' dir='ltr'><strong>l5)</strong></span> <span class='ocrx_word' id='word_1_480' title='bbox 2607 524 2820 578; x_wconf 84' lang='lat' dir='ltr'><strong>quoque</strong></span> <span class='ocrx_word' id='word_1_481' title='bbox 2844 508 2948 565; x_wconf 86' lang='lat' dir='ltr'><strong>hoc</strong></span> <span class='ocrx_word' id='word_1_482' title='bbox 2969 510 3185 577; x_wconf 83' lang='lat' dir='ltr'><strong>fecerat,</strong></span> <span class='ocrx_word' id='word_1_483' title='bbox 3206 513 3302 568; x_wconf 86' lang='lat' dir='ltr'><strong>sed</strong></span> <span class='ocrx_word' id='word_1_484' title='bbox 3326 523 3484 570; x_wconf 85' lang='lat' dir='ltr'><strong>notus</strong></span> <span class='ocrx_word' id='word_1_485' title='bbox 3504 529 3623 572; x_wconf 83' lang='lat' dir='ltr'><strong>erat</strong></span> 
     </span>
    </p>
   </div>
   <div class='ocr_carea' id='block_1_64' title="bbox 2010 598 3620 669">
    <p class='ocr_par' dir='ltr' id='par_1_64' title="bbox 2010 598 3620 669">
     <span class='ocr_line' id='line_1_64' title="bbox 2010 598 3620 669; baseline 0.007 -20"><span class='ocrx_word' id='word_1_486' title='bbox 2010 599 2270 666; x_wconf 89' lang='lat' dir='ltr'><strong>poutitici.</strong></span> <span class='ocrx_word' id='word_1_487' title='bbox 2303 598 2370 652; x_wconf 85' lang='lat' dir='ltr'><strong>Et</strong></span> <span class='ocrx_word' id='word_1_488' title='bbox 2396 615 2496 652; x_wconf 87' lang='lat' dir='ltr'><strong>cur</strong></span> <span class='ocrx_word' id='word_1_489' title='bbox 2534 616 2659 654; x_wconf 87' lang='lat' dir='ltr'><strong>eum</strong></span> <span class='ocrx_word' id='word_1_490' title='bbox 2689 601 2781 654; x_wconf 88' lang='lat' dir='ltr'><strong>illo</strong></span> <span class='ocrx_word' id='word_1_491' title='bbox 2807 601 3166 669; x_wconf 80' lang='lat' dir='ltr'><strong>adduxerunt,</strong></span> <span class='ocrx_word' id='word_1_492' title='bbox 3200 605 3286 658; x_wconf 91' lang='lat' dir='ltr'><strong>ubi</strong></span> <span class='ocrx_word' id='word_1_493' title='bbox 3315 616 3470 660; x_wconf 78' lang='lat' dir='ltr'><strong>erant</strong></span> <span class='ocrx_word' id='word_1_494' title='bbox 3498 623 3620 662; x_wconf 89' lang='lat' dir='ltr'><strong>om-</strong></span> 
     </span>
    </p>
   </div>
   <div class='ocr_carea' id='block_1_65' title="bbox 2011 691 3616 764">
    <p class='ocr_par' dir='ltr' id='par_1_65' title="bbox 2011 691 3616 764">
     <span class='ocr_line' id='line_1_65' title="bbox 2011 691 3616 764; baseline 0.007 -20"><span class='ocrx_word' id='word_1_495' title='bbox 2011 705 2109 744; x_wconf 79' lang='lat' dir='ltr'><strong>nes</strong></span> <span class='ocrx_word' id='word_1_496' title='bbox 2129 697 2438 760; x_wconf 68' lang='lat' dir='ltr'><strong>congregati</strong></span> <span class='ocrx_word' id='word_1_497' title='bbox 2462 693 2484 745; x_wconf 85' lang='lat'><strong>?</strong></span> <span class='ocrx_word' id='word_1_498' title='bbox 2513 691 2580 748; x_wconf 83' lang='lat' dir='ltr'><strong>Ut</strong></span> <span class='ocrx_word' id='word_1_499' title='bbox 2609 696 2788 748; x_wconf 70' lang='lat' dir='ltr'><strong>«nimia</strong></span> <span class='ocrx_word' id='word_1_500' title='bbox 2815 711 2882 750; x_wconf 87' lang='lat' dir='ltr'><strong>ex</strong></span> <span class='ocrx_word' id='word_1_501' title='bbox 2916 697 3225 764; x_wconf 72' lang='lat' dir='ltr'><strong>[uiittilicum</strong></span> <span class='ocrx_word' id='word_1_502' title='bbox 3248 702 3512 755; x_wconf 70' lang='lat' dir='ltr'><strong>sordentia</strong></span> <span class='ocrx_word' id='word_1_503' title='bbox 3537 700 3616 757; x_wconf 61' lang='lat' dir='ltr'><strong>fav</strong></span> 
     </span>
    </p>
   </div>
   <div class='ocr_carea' id='block_1_66' title="bbox 2007 785 3621 859">
    <p class='ocr_par' dir='ltr' id='par_1_66' title="bbox 2007 785 3621 859">
     <span class='ocr_line' id='line_1_66' title="bbox 2007 785 3621 859; baseline 0.006 -19"><span class='ocrx_word' id='word_1_504' title='bbox 2007 797 2216 840; x_wconf 90' lang='lat' dir='ltr'><strong>cercnt.</strong></span> <span class='ocrx_word' id='word_1_505' title='bbox 2262 785 2356 841; x_wconf 90' lang='lat' dir='ltr'><strong>Ille</strong></span> <span class='ocrx_word' id='word_1_506' title='bbox 2386 803 2618 855; x_wconf 86' lang='lat' dir='ltr'><strong>namque</strong></span> <span class='ocrx_word' id='word_1_507' title='bbox 2651 799 2777 842; x_wconf 91' lang='lat' dir='ltr'><strong>lnnc</strong></span> <span class='ocrx_word' id='word_1_508' title='bbox 2806 799 2923 843; x_wconf 86' lang='lat' dir='ltr'><strong>erat</strong></span> <span class='ocrx_word' id='word_1_509' title='bbox 2951 806 3198 848; x_wconf 87' lang='lat' dir='ltr'><strong>summus</strong></span> <span class='ocrx_word' id='word_1_510' title='bbox 3242 795 3517 859; x_wconf 77' lang='lat' dir='ltr'><strong>sacerdos,</strong></span> <span class='ocrx_word' id='word_1_511' title='bbox 3565 805 3621 849; x_wconf 89' lang='lat' dir='ltr'><strong>et</strong></span> 
     </span>
    </p>
   </div>
   <div class='ocr_carea' id='block_1_67' title="bbox 2005 878 3615 956">
    <p class='ocr_par' dir='ltr' id='par_1_67' title="bbox 2005 878 3615 956">
     <span class='ocr_line' id='line_1_67' title="bbox 2005 878 3615 956; baseline 0.006 -25"><span class='ocrx_word' id='word_1_512' title='bbox 2005 891 2197 931; x_wconf 86' lang='lat' dir='ltr'><strong>omnes</strong></span> <span class='ocrx_word' id='word_1_513' title='bbox 2225 878 2330 931; x_wconf 87' lang='lat' dir='ltr'><strong>illic</strong></span> <span class='ocrx_word' id='word_1_514' title='bbox 2351 879 2643 933; x_wconf 82' lang='lat' dir='ltr'><strong>manebant</strong></span> <span class='ocrx_word' id='word_1_515' title='bbox 2672 898 2685 932; x_wconf 90' lang='lat'><strong>:</strong></span> <span class='ocrx_word' id='word_1_516' title='bbox 2719 880 2797 935; x_wconf 90' lang='lat' dir='ltr'><strong>sic</strong></span> <span class='ocrx_word' id='word_1_517' title='bbox 2823 883 3215 950; x_wconf 82' lang='lat' dir='ltr'><strong>pernoctabant</strong></span> <span class='ocrx_word' id='word_1_518' title='bbox 3240 894 3294 939; x_wconf 87' lang='lat' dir='ltr'><strong>et</strong></span> <span class='ocrx_word' id='word_1_519' title='bbox 3324 887 3615 956; x_wconf 81' lang='lat' dir='ltr'><strong>vigilabant</strong></span> 
     </span>
    </p>
   </div>
   <div class='ocr_carea' id='block_1_68' title="bbox 2008 969 3616 1044">
    <p class='ocr_par' dir='ltr' id='par_1_68' title="bbox 2008 969 3616 1044">
     <span class='ocr_line' id='line_1_68' title="bbox 2008 969 3616 1044; baseline 0.007 -21"><span class='ocrx_word' id='word_1_520' title='bbox 2008 984 2106 1038; x_wconf 87' lang='lat' dir='ltr'><strong>pro</strong></span> <span class='ocrx_word' id='word_1_521' title='bbox 2133 984 2191 1023; x_wconf 89' lang='lat' dir='ltr'><strong>re</strong></span> <span class='ocrx_word' id='word_1_522' title='bbox 2223 969 2329 1024; x_wconf 90' lang='lat' dir='ltr'><strong>illa.</strong></span> <span class='ocrx_word' id='word_1_523' title='bbox 2364 969 2482 1024; x_wconf 82' lang='lat' dir='ltr'><strong>Non</strong></span> <span class='ocrx_word' id='word_1_524' title='bbox 2507 972 2654 1025; x_wconf 84' lang='lat' dir='ltr'><strong>enim</strong></span> <span class='ocrx_word' id='word_1_525' title='bbox 2696 974 2894 1042; x_wconf 88' lang='lat' dir='ltr'><strong>pascha</strong></span> <span class='ocrx_word' id='word_1_526' title='bbox 2940 984 3064 1029; x_wconf 89' lang='lat' dir='ltr'><strong>tunc</strong></span> <span class='ocrx_word' id='word_1_527' title='bbox 3113 976 3497 1044; x_wconf 85' lang='lat' dir='ltr'><strong>comederant,</strong></span> <span class='ocrx_word' id='word_1_528' title='bbox 3535 980 3616 1034; x_wconf 85' lang='lat' dir='ltr'><strong>in-</strong></span> 
     </span>
    </p>
   </div>
   <div class='ocr_carea' id='block_1_69' title="bbox 2004 1061 3614 1134">
    <p class='ocr_par' dir='ltr' id='par_1_69' title="bbox 2004 1061 3614 1134">
     <span class='ocr_line' id='line_1_69' title="bbox 2004 1061 3614 1134; baseline 0.006 -20"><span class='ocrx_word' id='word_1_529' title='bbox 2004 1062 2144 1130; x_wconf 87' lang='lat' dir='ltr'><strong>quit,</strong></span> <span class='ocrx_word' id='word_1_530' title='bbox 2176 1061 2272 1116; x_wconf 86' lang='lat' dir='ltr'><strong>sed</strong></span> <span class='ocrx_word' id='word_1_531' title='bbox 2295 1077 2358 1116; x_wconf 80' lang='lat' dir='ltr'><strong>ea</strong></span> <span class='ocrx_word' id='word_1_532' title='bbox 2385 1061 2454 1116; x_wconf 90' lang='lat' dir='ltr'><strong>de</strong></span> <span class='ocrx_word' id='word_1_533' title='bbox 2496 1077 2660 1118; x_wconf 84' lang='lat' dir='ltr'><strong>causa</strong></span> <span class='ocrx_word' id='word_1_534' title='bbox 2693 1065 3006 1132; x_wconf 75' lang='lat' dir='ltr'><strong>vigilabant.</strong></span> <span class='ocrx_word' id='word_1_535' title='bbox 3027 1066 3161 1120; x_wconf 84' lang='lat' dir='ltr'><strong>Cum</strong></span> <span class='ocrx_word' id='word_1_536' title='bbox 3183 1067 3407 1122; x_wconf 84' lang='lat' dir='ltr'><strong>dixisset</strong></span> <span class='ocrx_word' id='word_1_537' title='bbox 3433 1071 3578 1124; x_wconf 87' lang='lat' dir='ltr'><strong>enim</strong></span> <span class='ocrx_word' id='word_1_538' title='bbox 3599 1115 3614 1134; x_wconf 96' lang='lat'><strong>,</strong></span> 
     </span>
    </p>
   </div>
   <div class='ocr_carea' id='block_1_70' title="bbox 2008 1150 3614 1232">
    <p class='ocr_par' dir='ltr' id='par_1_70' title="bbox 2008 1150 3614 1232">
     <span class='ocr_line' id='line_1_70' title="bbox 2008 1150 3614 1232; baseline 0.006 -27"><span class='ocrx_word' id='word_1_539' title='bbox 2008 1150 2168 1207; x_wconf 77' lang='lat' dir='ltr'><strong>Mane</strong></span> <span class='ocrx_word' id='word_1_540' title='bbox 2209 1151 2367 1219; x_wconf 82' lang='lat' dir='ltr'><strong>facto,</strong></span> <span class='ocrx_word' id='word_1_541' title='bbox 2395 1152 2633 1209; x_wconf 86' lang='lat' dir='ltr'><strong>Joannes</strong></span> <span class='ocrx_word' id='word_1_542' title='bbox 2676 1155 2884 1210; x_wconf 86' lang='lat' dir='ltr'><strong>addidit</strong></span> <span class='ocrx_word' id='word_1_543' title='bbox 2909 1171 2926 1210; x_wconf 88' lang='lat'><strong>:</strong></span> <span class='ocrx_word' id='word_1_544' title='bbox 2957 1156 3080 1211; x_wconf 85' lang='lat' dir='ltr'><strong>Non</strong></span> <span class='ocrx_word' id='word_1_545' title='bbox 3107 1159 3366 1211; x_wconf 84' lang='lat' dir='ltr'><strong>intrarunt</strong></span> <span class='ocrx_word' id='word_1_546' title='bbox 3395 1161 3446 1213; x_wconf 87' lang='lat' dir='ltr'><strong>in</strong></span> <span class='ocrx_word' id='word_1_547' title='bbox 3477 1180 3614 1232; x_wconf 83' lang='lat' dir='ltr'><strong>pra--</strong></span> 
     </span>
    </p>
   </div>
   <div class='ocr_carea' id='block_1_71' title="bbox 2003 1243 3617 1312">
    <p class='ocr_par' dir='ltr' id='par_1_71' title="bbox 2003 1243 3617 1312">
     <span class='ocr_line' id='line_1_71' title="bbox 2003 1243 3617 1312; baseline 0.007 -18"><span class='ocrx_word' id='word_1_548' title='bbox 2003 1243 2223 1309; x_wconf 87' lang='lat' dir='ltr'><strong>torium,</strong></span> <span class='ocrx_word' id='word_1_549' title='bbox 2251 1253 2308 1297; x_wconf 89' lang='lat' dir='ltr'><strong>ut</strong></span> <span class='ocrx_word' id='word_1_550' title='bbox 2351 1261 2452 1298; x_wconf 87' lang='lat' dir='ltr'><strong>non</strong></span> <span class='ocrx_word' id='word_1_551' title='bbox 2502 1249 2970 1302; x_wconf 78' lang='lat' dir='ltr'><strong>contaminarentur</strong></span> <span class='ocrx_word' id='word_1_552' title='bbox 2993 1289 3007 1312; x_wconf 94' lang='lat'><strong>,</strong></span> <span class='ocrx_word' id='word_1_553' title='bbox 3035 1253 3126 1303; x_wconf 85' lang='lat' dir='ltr'><strong>sed</strong></span> <span class='ocrx_word' id='word_1_554' title='bbox 3159 1263 3212 1303; x_wconf 88' lang='lat' dir='ltr'><strong>ut</strong></span> <span class='ocrx_word' id='word_1_555' title='bbox 3253 1252 3617 1306; x_wconf 77' lang='lat' dir='ltr'><strong>ntanducarent</strong></span> 
     </span>
    </p>
   </div>
   <div class='ocr_carea' id='block_1_72' title="bbox 2003 1333 3618 1412">
    <p class='ocr_par' dir='ltr' id='par_1_72' title="bbox 2003 1333 3618 1412">
     <span class='ocr_line' id='line_1_72' title="bbox 2003 1333 3618 1412; baseline 0.007 -29"><span class='ocrx_word' id='word_1_556' title='bbox 2003 1335 2194 1402; x_wconf 77' lang='lat' dir='ltr'><strong>pascha</strong></span> <span class='ocrx_word' id='word_1_557' title='bbox 2221 1333 2401 1403; x_wconf 79' lang='lat' dir='ltr'><strong>(Joan.</strong></span> <span class='ocrx_word' id='word_1_558' title='bbox 2433 1335 2522 1390; x_wconf 78' lang='grc'>18.</span> <span class='ocrx_word' id='word_1_559' title='bbox 2541 1335 2654 1406; x_wconf 71' lang='grc'><strong>28).</strong></span> <span class='ocrx_word' id='word_1_560' title='bbox 2678 1337 2815 1402; x_wconf 88' lang='lat' dir='ltr'><strong>Quid</strong></span> <span class='ocrx_word' id='word_1_561' title='bbox 2846 1353 2976 1409; x_wconf 81' lang='lat' dir='ltr'><strong>ergo</strong></span> <span class='ocrx_word' id='word_1_562' title='bbox 3004 1340 3292 1395; x_wconf 72' lang='lat' dir='ltr'><strong>dicendum</strong></span> <span class='ocrx_word' id='word_1_563' title='bbox 3316 1345 3441 1396; x_wconf 82' lang='lat' dir='ltr'><strong>est?</strong></span> <span class='ocrx_word' id='word_1_564' title='bbox 3470 1342 3618 1412; x_wconf 84' lang='lat' dir='ltr'><strong>Ipsos</strong></span> 
     </span>
    </p>
   </div>
   <div class='ocr_carea' id='block_1_73' title="bbox 2001 1426 3615 1502">
    <p class='ocr_par' dir='ltr' id='par_1_73' title="bbox 2001 1426 3615 1502">
     <span class='ocr_line' id='line_1_73' title="bbox 2001 1426 3615 1502; baseline 0.005 -24"><span class='ocrx_word' id='word_1_565' title='bbox 2001 1426 2168 1479; x_wconf 88' lang='lat' dir='ltr'><strong>altera</strong></span> <span class='ocrx_word' id='word_1_566' title='bbox 2195 1426 2284 1480; x_wconf 88' lang='lat' dir='ltr'><strong>die</strong></span> <span class='ocrx_word' id='word_1_567' title='bbox 2313 1427 2649 1492; x_wconf 86' lang='lat' dir='ltr'><strong>comedisse,</strong></span> <span class='ocrx_word' id='word_1_568' title='bbox 2684 1438 2739 1482; x_wconf 89' lang='lat' dir='ltr'><strong>et</strong></span> <span class='ocrx_word' id='word_1_569' title='bbox 2777 1431 2849 1484; x_wconf 90' lang='lat' dir='ltr'><strong>ob</strong></span> <span class='ocrx_word' id='word_1_570' title='bbox 2897 1431 3044 1484; x_wconf 79' lang='lat' dir='ltr'><strong>necis</strong></span> <span class='ocrx_word' id='word_1_571' title='bbox 3077 1431 3235 1500; x_wconf 85' lang='lat' dir='ltr'><strong>hujus</strong></span> <span class='ocrx_word' id='word_1_572' title='bbox 3264 1433 3615 1502; x_wconf 70' lang='lat' dir='ltr'><strong>cupiditatem</strong></span> 
     </span>
    </p>
   </div>
   <div class='ocr_carea' id='block_1_74' title="bbox 2005 1520 3611 1596">
    <p class='ocr_par' dir='ltr' id='par_1_74' title="bbox 2005 1520 3611 1596">
     <span class='ocr_line' id='line_1_74' title="bbox 2005 1520 3611 1596; baseline 0.007 -25"><span class='ocrx_word' id='word_1_573' title='bbox 2005 1520 2176 1589; x_wconf 79' lang='lat' dir='ltr'><strong>legem</strong></span> <span class='ocrx_word' id='word_1_574' title='bbox 2205 1521 2457 1575; x_wconf 72' lang='lat' dir='ltr'><strong>violasse.</strong></span> <span class='ocrx_word' id='word_1_575' title='bbox 2492 1520 2676 1591; x_wconf 81' lang='lat' dir='ltr'><strong>Neque</strong></span> <span class='ocrx_word' id='word_1_576' title='bbox 2705 1522 2851 1576; x_wconf 90' lang='lat' dir='ltr'><strong>enim</strong></span> <span class='ocrx_word' id='word_1_577' title='bbox 2881 1521 3126 1578; x_wconf 88' lang='lat' dir='ltr'><strong>Christus</strong></span> <span class='ocrx_word' id='word_1_578' title='bbox 3155 1534 3365 1594; x_wconf 80' lang='lat' dir='ltr'><strong>tempus</strong></span> <span class='ocrx_word' id='word_1_579' title='bbox 3400 1527 3611 1596; x_wconf 75' lang='lat' dir='ltr'><strong>pascha:</strong></span> 
     </span>
    </p>
   </div>
   <div class='ocr_carea' id='block_1_75' title="bbox 2003 1615 3614 1689">
    <p class='ocr_par' dir='ltr' id='par_1_75' title="bbox 2003 1615 3614 1689">
     <span class='ocr_line' id='line_1_75' title="bbox 2003 1615 3614 1689; baseline 0.006 -23"><span class='ocrx_word' id='word_1_580' title='bbox 2003 1623 2371 1682; x_wconf 84' lang='lat' dir='ltr'><strong>transgressus</strong></span> <span class='ocrx_word' id='word_1_581' title='bbox 2399 1626 2511 1678; x_wconf 82' lang='lat' dir='ltr'><strong>est;</strong></span> <span class='ocrx_word' id='word_1_582' title='bbox 2559 1615 2654 1671; x_wconf 83' lang='lat' dir='ltr'><strong>sed</strong></span> <span class='ocrx_word' id='word_1_583' title='bbox 2691 1616 2764 1671; x_wconf 90' lang='lat' dir='ltr'><strong>illi</strong></span> <span class='ocrx_word' id='word_1_584' title='bbox 2816 1617 2945 1671; x_wconf 91' lang='lat' dir='ltr'><strong>nihil</strong></span> <span class='ocrx_word' id='word_1_585' title='bbox 2989 1633 3094 1671; x_wconf 89' lang='lat' dir='ltr'><strong>non</strong></span> <span class='ocrx_word' id='word_1_586' title='bbox 3125 1621 3262 1684; x_wconf 86' lang='lat' dir='ltr'><strong>ausi,</strong></span> <span class='ocrx_word' id='word_1_587' title='bbox 3310 1621 3614 1689; x_wconf 79' lang='lat' dir='ltr'><strong>multasque</strong></span> 
     </span>
    </p>
   </div>
   <div class='ocr_carea' id='block_1_76' title="bbox 2003 1705 3611 1777">
    <p class='ocr_par' dir='ltr' id='par_1_76' title="bbox 2003 1705 3611 1777">
     <span class='ocr_line' id='line_1_76' title="bbox 2003 1705 3611 1777; baseline 0.005 -19"><span class='ocrx_word' id='word_1_588' title='bbox 2003 1705 2149 1774; x_wconf 80' lang='lat' dir='ltr'><strong>leges</strong></span> <span class='ocrx_word' id='word_1_589' title='bbox 2175 1706 2464 1762; x_wconf 87' lang='lat' dir='ltr'><strong>violantes.</strong></span> <span class='ocrx_word' id='word_1_590' title='bbox 2500 1707 2624 1775; x_wconf 86' lang='lat' dir='ltr'><strong>quia</strong></span> <span class='ocrx_word' id='word_1_591' title='bbox 2663 1723 2859 1777; x_wconf 85' lang='lat' dir='ltr'><strong>magno</strong></span> <span class='ocrx_word' id='word_1_592' title='bbox 2900 1709 3081 1763; x_wconf 89' lang='lat' dir='ltr'><strong>furore</strong></span> <span class='ocrx_word' id='word_1_593' title='bbox 3106 1711 3388 1773; x_wconf 82' lang='lat' dir='ltr'><strong>ardebant,</strong></span> <span class='ocrx_word' id='word_1_594' title='bbox 3415 1722 3469 1765; x_wconf 87' lang='lat' dir='ltr'><strong>et</strong></span> <span class='ocrx_word' id='word_1_595' title='bbox 3489 1727 3611 1766; x_wconf 90' lang='lat' dir='ltr'><strong>cum</strong></span> 
     </span>
    </p>
   </div>
   <div class='ocr_carea' id='block_1_77' title="bbox 1998 1798 3616 1870">
    <p class='ocr_par' dir='ltr' id='par_1_77' title="bbox 1998 1798 3616 1870">
     <span class='ocr_line' id='line_1_77' title="bbox 1998 1798 3616 1870; baseline 0.005 -20"><span class='ocrx_word' id='word_1_596' title='bbox 1998 1812 2144 1865; x_wconf 64' lang='lat' dir='ltr'><strong>saepe</strong></span> <span class='ocrx_word' id='word_1_597' title='bbox 2172 1798 2420 1853; x_wconf 86' lang='lat' dir='ltr'><strong>occidere</strong></span> <span class='ocrx_word' id='word_1_598' title='bbox 2449 1799 2822 1862; x_wconf 69' lang='lat' dir='ltr'><strong>tentavi~sent.</strong></span> <span class='ocrx_word' id='word_1_599' title='bbox 2858 1817 2965 1855; x_wconf 90' lang='lat' dir='ltr'><strong>non</strong></span> <span class='ocrx_word' id='word_1_600' title='bbox 3007 1813 3324 1870; x_wconf 66' lang='lat' dir='ltr'><strong>pultm-aut;</strong></span> <span class='ocrx_word' id='word_1_601' title='bbox 3361 1815 3489 1859; x_wconf 83' lang='lat' dir='ltr'><strong>tttuc</strong></span> <span class='ocrx_word' id='word_1_602' title='bbox 3519 1823 3616 1859; x_wconf 88' lang='lat' dir='ltr'><strong>au-</strong></span> 
     </span>
    </p>
   </div>
   <div class='ocr_carea' id='block_1_78' title="bbox 2001 1889 3606 1966">
    <p class='ocr_par' dir='ltr' id='par_1_78' title="bbox 2001 1889 3606 1966">
     <span class='ocr_line' id='line_1_78' title="bbox 2001 1889 3606 1966; baseline 0.005 -26"><span class='ocrx_word' id='word_1_603' title='bbox 2001 1899 2106 1942; x_wconf 82' lang='lat' dir='ltr'><strong>tent</strong></span> <span class='ocrx_word' id='word_1_604' title='bbox 2129 1889 2301 1958; x_wconf 82' lang='lat' dir='ltr'><strong>ipsum</strong></span> <span class='ocrx_word' id='word_1_605' title='bbox 2328 1891 2599 1958; x_wconf 80' lang='lat' dir='ltr'><strong>insperato</strong></span> <span class='ocrx_word' id='word_1_606' title='bbox 2623 1903 2836 1961; x_wconf 88' lang='lat' dir='ltr'><strong>captum</strong></span> <span class='ocrx_word' id='word_1_607' title='bbox 2866 1903 3144 1956; x_wconf 77' lang='lat' dir='ltr'><strong>tenentes,</strong></span> <span class='ocrx_word' id='word_1_608' title='bbox 3177 1895 3486 1950; x_wconf 81' lang='lat' dir='ltr'><strong>maluerunt</strong></span> <span class='ocrx_word' id='word_1_609' title='bbox 3514 1913 3606 1966; x_wconf 77' lang='lat' dir='ltr'><strong>pa-</strong></span> 
     </span>
    </p>
   </div>
   <div class='ocr_carea' id='block_1_79' title="bbox 1997 1981 3612 2057">
    <p class='ocr_par' dir='ltr' id='par_1_79' title="bbox 1997 1981 3612 2057">
     <span class='ocr_line' id='line_1_79' title="bbox 1997 1981 3612 2057; baseline 0.006 -23"><span class='ocrx_word' id='word_1_610' title='bbox 1997 1981 2124 2034; x_wconf 81' lang='lat' dir='ltr'><strong>scha</strong></span> <span class='ocrx_word' id='word_1_611' title='bbox 2158 1983 2527 2036; x_wconf 87' lang='lat' dir='ltr'><strong>transmittere</strong></span> <span class='ocrx_word' id='word_1_612' title='bbox 2551 2025 2566 2049; x_wconf 93' lang='lat'><strong>,</strong></span> <span class='ocrx_word' id='word_1_613' title='bbox 2614 1994 2670 2037; x_wconf 92' lang='lat' dir='ltr'><strong>ut</strong></span> <span class='ocrx_word' id='word_1_614' title='bbox 2701 1998 2857 2037; x_wconf 71' lang='lat' dir='ltr'><strong>sanun</strong></span> <span class='ocrx_word' id='word_1_615' title='bbox 2888 1986 3167 2053; x_wconf 85' lang='lat' dir='ltr'><strong>explerent</strong></span> <span class='ocrx_word' id='word_1_616' title='bbox 3206 1988 3612 2057; x_wconf 83' lang='lat' dir='ltr'><strong>sanguinarium</strong></span> 
     </span>
    </p>
   </div>
   <div class='ocr_carea' id='block_1_80' title="bbox 1997 2075 3611 2147">
    <p class='ocr_par' dir='ltr' id='par_1_80' title="bbox 1997 2075 3611 2147">
     <span class='ocr_line' id='line_1_80' title="bbox 1997 2075 3611 2147; baseline 0.006 -21"><span class='ocrx_word' id='word_1_617' title='bbox 1997 2076 2256 2127; x_wconf 89' lang='lat' dir='ltr'><strong>animum.</strong></span> <span class='ocrx_word' id='word_1_618' title='bbox 2283 2075 2576 2143; x_wconf 86' lang='lat' dir='ltr'><strong>Propterea</strong></span> <span class='ocrx_word' id='word_1_619' title='bbox 2608 2079 2917 2147; x_wconf 82' lang='lat' dir='ltr'><strong>congregati</strong></span> <span class='ocrx_word' id='word_1_620' title='bbox 2964 2089 3088 2132; x_wconf 90' lang='lat' dir='ltr'><strong>sunt</strong></span> <span class='ocrx_word' id='word_1_621' title='bbox 3129 2095 3322 2135; x_wconf 71' lang='lat' dir='ltr'><strong>ornues</strong></span> <span class='ocrx_word' id='word_1_622' title='bbox 3348 2091 3402 2135; x_wconf 88' lang='lat' dir='ltr'><strong>et</strong></span> <span class='ocrx_word' id='word_1_623' title='bbox 3429 2084 3611 2136; x_wconf 68' lang='lat' dir='ltr'><strong>coni-i-</strong></span> 
     </span>
    </p>
   </div>
   <div class='ocr_carea' id='block_1_81' title="bbox 2000 2165 3612 2242">
    <p class='ocr_par' dir='ltr' id='par_1_81' title="bbox 2000 2165 3612 2242">
     <span class='ocr_line' id='line_1_81' title="bbox 2000 2165 3612 2242; baseline 0.006 -24"><span class='ocrx_word' id='word_1_624' title='bbox 2000 2165 2128 2219; x_wconf 91' lang='lat' dir='ltr'><strong>limn</strong></span> <span class='ocrx_word' id='word_1_625' title='bbox 2156 2179 2264 2221; x_wconf 87' lang='lat' dir='ltr'><strong>erat</strong></span> <span class='ocrx_word' id='word_1_626' title='bbox 2300 2168 2694 2236; x_wconf 63' lang='lat' dir='ltr'><strong>pestilentium,</strong></span> <span class='ocrx_word' id='word_1_627' title='bbox 2726 2183 2788 2221; x_wconf 88' lang='lat' dir='ltr'><strong>ac</strong></span> <span class='ocrx_word' id='word_1_628' title='bbox 2827 2169 3115 2237; x_wconf 87' lang='lat' dir='ltr'><strong>quemdam</strong></span> <span class='ocrx_word' id='word_1_629' title='bbox 3150 2172 3522 2242; x_wconf 79' lang='lat' dir='ltr'><strong>interrogant.</strong></span> <span class='ocrx_word' id='word_1_630' title='bbox 3554 2183 3612 2228; x_wconf 92' lang='lat' dir='ltr'><strong>nt</strong></span> 
     </span>
    </p>
   </div>
   <div class='ocr_carea' id='block_1_82' title="bbox 1994 2259 3610 2328">
    <p class='ocr_par' dir='ltr' id='par_1_82' title="bbox 1994 2259 3610 2328">
     <span class='ocr_line' id='line_1_82' title="bbox 1994 2259 3610 2328; baseline 0.003 -16"><span class='ocrx_word' id='word_1_631' title='bbox 1994 2259 2227 2328; x_wconf 86' lang='lat' dir='ltr'><strong>aliquam</strong></span> <span class='ocrx_word' id='word_1_632' title='bbox 2250 2259 2436 2326; x_wconf 87' lang='lat' dir='ltr'><strong>judicii</strong></span> <span class='ocrx_word' id='word_1_633' title='bbox 2471 2259 2697 2314; x_wconf 80' lang='lat' dir='ltr'><strong>formant</strong></span> <span class='ocrx_word' id='word_1_634' title='bbox 2724 2261 2932 2314; x_wconf 81' lang='lat' dir='ltr'><strong>insidiis</strong></span> <span class='ocrx_word' id='word_1_635' title='bbox 2961 2263 3072 2313; x_wconf 79' lang='lat' dir='ltr'><strong>suis</strong></span> <span class='ocrx_word' id='word_1_636' title='bbox 3093 2263 3467 2318; x_wconf 80' lang='lat' dir='ltr'><strong>conciliarent.</strong></span> <span class='ocrx_word' id='word_1_637' title='bbox 3503 2263 3610 2317; x_wconf 80' lang='lat' dir='ltr'><strong>Ne-</strong></span> 
     </span>
    </p>
   </div>
   <div class='ocr_carea' id='block_1_83' title="bbox 1993 2351 3607 2424">
    <p class='ocr_par' dir='ltr' id='par_1_83' title="bbox 1993 2351 3607 2424">
     <span class='ocr_line' id='line_1_83' title="bbox 1993 2351 3607 2424; baseline 0.003 -19"><span class='ocrx_word' id='word_1_638' title='bbox 1993 2367 2089 2416; x_wconf 82' lang='lat' dir='ltr'><strong>que</strong></span> <span class='ocrx_word' id='word_1_639' title='bbox 2113 2351 2256 2405; x_wconf 88' lang='lat' dir='ltr'><strong>enim</strong></span> <span class='ocrx_word' id='word_1_640' title='bbox 2279 2361 2445 2414; x_wconf 86' lang='lat' dir='ltr'><strong>erant,</strong></span> <span class='ocrx_word' id='word_1_641' title='bbox 2480 2352 2673 2420; x_wconf 89' lang='lat' dir='ltr'><strong>inquit,</strong></span> <span class='ocrx_word' id='word_1_642' title='bbox 2702 2354 3050 2406; x_wconf 80' lang='lat' dir='ltr'><strong>conuenientia</strong></span> <span class='ocrx_word' id='word_1_643' title='bbox 3077 2354 3364 2408; x_wconf 81' lang='lat' dir='ltr'><strong>testimonia</strong></span> <span class='ocrx_word' id='word_1_644' title='bbox 3395 2356 3412 2424; x_wconf 98' lang='lat'><strong>(</strong></span> <span class='ocrx_word' id='word_1_645' title='bbox 3437 2354 3607 2411; x_wconf 82' lang='lat' dir='ltr'><strong>Marc.</strong></span> 
     </span>
    </p>
   </div>
   <div class='ocr_carea' id='block_1_84' title="bbox 1995 2442 3606 2517">
    <p class='ocr_par' dir='ltr' id='par_1_84' title="bbox 1995 2442 3606 2517">
     <span class='ocr_line' id='line_1_84' title="bbox 1995 2442 3606 2517; baseline 0.002 -19"><span class='ocrx_word' id='word_1_646' title='bbox 1995 2445 2084 2498; x_wconf 75' lang='grc' dir='ltr'>Η.</span> <span class='ocrx_word' id='word_1_647' title='bbox 2113 2442 2239 2513; x_wconf 69' lang='grc'><strong>58);</strong></span> <span class='ocrx_word' id='word_1_648' title='bbox 2288 2446 2363 2497; x_wconf 88' lang='lat' dir='ltr'><strong>ita</strong></span> <span class='ocrx_word' id='word_1_649' title='bbox 2391 2444 2572 2496; x_wconf 84' lang='lat' dir='ltr'><strong>licttnn</strong></span> <span class='ocrx_word' id='word_1_650' title='bbox 2596 2445 3025 2514; x_wconf 88' lang='lat' dir='ltr'><strong>eratjudicimn,</strong></span> <span class='ocrx_word' id='word_1_651' title='bbox 3057 2447 3345 2517; x_wconf 89' lang='lat' dir='ltr'><strong>omniaque</strong></span> <span class='ocrx_word' id='word_1_652' title='bbox 3377 2448 3606 2503; x_wconf 89' lang='lat' dir='ltr'><strong>tumultu</strong></span> 
     </span>
    </p>
   </div>
   <div class='ocr_carea' id='block_1_85' title="bbox 1992 2533 3608 2606">
    <p class='ocr_par' dir='ltr' id='par_1_85' title="bbox 1992 2533 3608 2606">
     <span class='ocr_line' id='line_1_85' title="bbox 1992 2533 3608 2606; baseline 0.002 -16"><span class='ocrx_word' id='word_1_653' title='bbox 1992 2540 2170 2606; x_wconf 86' lang='lat' dir='ltr'><strong>plena.</strong></span> <span class='ocrx_word' id='word_1_654' title='bbox 2216 2536 2305 2590; x_wconf 81' lang='lat' dir='ltr'><strong>(il.</strong></span> <span class='ocrx_word' id='word_1_655' title='bbox 2348 2533 2610 2590; x_wconf 66' lang='lat' dir='ltr'><strong>Viotietttes</strong></span> <span class='ocrx_word' id='word_1_656' title='bbox 2645 2548 2814 2590; x_wconf 83' lang='lat' dir='ltr'><strong>autem</strong></span> <span class='ocrx_word' id='word_1_657' title='bbox 2853 2538 2974 2606; x_wconf 79' lang='lat' dir='ltr'><strong>falsi</strong></span> <span class='ocrx_word' id='word_1_658' title='bbox 3003 2549 3152 2594; x_wconf 83' lang='lat' dir='ltr'><strong>testes</strong></span> <span class='ocrx_word' id='word_1_659' title='bbox 3181 2539 3416 2594; x_wconf 87' lang='lat' dir='ltr'><strong>dicebant</strong></span> <span class='ocrx_word' id='word_1_660' title='bbox 3449 2557 3468 2594; x_wconf 90' lang='lat'><strong><em>:</em></strong></span> <span class='ocrx_word' id='word_1_661' title='bbox 3497 2540 3608 2594; x_wconf 84' lang='lat' dir='ltr'><strong>Iste</strong></span> 
     </span>
    </p>
   </div>
   <div class='ocr_carea' id='block_1_86' title="bbox 1993 2628 3606 2696">
    <p class='ocr_par' dir='ltr' id='par_1_86' title="bbox 1993 2628 3606 2696">
     <span class='ocr_line' id='line_1_86' title="bbox 1993 2628 3606 2696; baseline 0.003 -17"><span class='ocrx_word' id='word_1_662' title='bbox 1993 2629 2145 2691; x_wconf 74' lang='lat' dir='ltr'><strong>dixit,</strong></span> <span class='ocrx_word' id='word_1_663' title='bbox 2173 2628 2384 2681; x_wconf 82' lang='lat' dir='ltr'><strong>Salvam</strong></span> <span class='ocrx_word' id='word_1_664' title='bbox 2416 2630 2662 2696; x_wconf 77' lang='lat' dir='ltr'><strong>templum</strong></span> <span class='ocrx_word' id='word_1_665' title='bbox 2689 2629 2806 2692; x_wconf 83' lang='lat' dir='ltr'><strong>hoc,</strong></span> <span class='ocrx_word' id='word_1_666' title='bbox 2830 2641 2876 2682; x_wconf 88' lang='lat' dir='ltr'><strong>et</strong></span> <span class='ocrx_word' id='word_1_667' title='bbox 2906 2631 2959 2682; x_wconf 85' lang='lat' dir='ltr'><strong>in</strong></span> <span class='ocrx_word' id='word_1_668' title='bbox 2988 2631 3149 2684; x_wconf 86' lang='lat' dir='ltr'><strong>tribus</strong></span> <span class='ocrx_word' id='word_1_669' title='bbox 3173 2631 3352 2686; x_wconf 82' lang='lat' dir='ltr'><strong>diebus</strong></span> <span class='ocrx_word' id='word_1_670' title='bbox 3373 2631 3606 2686; x_wconf 68' lang='lat' dir='ltr'><strong>excitabo</strong></span> 
     </span>
    </p>
   </div>
   <div class='ocr_carea' id='block_1_87' title="bbox 1983 2720 3596 2795">
    <p class='ocr_par' dir='ltr' id='par_1_87' title="bbox 1983 2720 3596 2795">
     <span class='ocr_line' id='line_1_87' title="bbox 1983 2720 3596 2795; baseline -0.001 -15"><span class='ocrx_word' id='word_1_671' title='bbox 1983 2728 2117 2780; x_wconf 78' lang='lat' dir='ltr'><strong>illud</strong></span> <span class='ocrx_word' id='word_1_672' title='bbox 2155 2724 2324 2794; x_wconf 85' lang='lat' dir='ltr'><strong>(Ibid.</strong></span> <span class='ocrx_word' id='word_1_673' title='bbox 2363 2743 2409 2778; x_wconf 66' lang='grc' dir='ltr'>ι’.</span> <span class='ocrx_word' id='word_1_674' title='bbox 2441 2725 2529 2779; x_wconf 83' lang='grc'><strong>57.</strong></span> <span class='ocrx_word' id='word_1_675' title='bbox 2557 2720 2670 2784; x_wconf 69' lang='grc'><strong>58).</strong></span> <span class='ocrx_word' id='word_1_676' title='bbox 2712 2725 2934 2779; x_wconf 79' lang='lat' dir='ltr'><strong>Dixerat</strong></span> <span class='ocrx_word' id='word_1_677' title='bbox 2981 2728 3263 2795; x_wconf 84' lang='lat' dir='ltr'><strong>equidem,</strong></span> <span class='ocrx_word' id='word_1_678' title='bbox 3303 2727 3368 2780; x_wconf 84' lang='lat' dir='ltr'><strong>lu</strong></span> <span class='ocrx_word' id='word_1_679' title='bbox 3423 2731 3596 2780; x_wconf 83' lang='lat' dir='ltr'><strong>tribus</strong></span> 
     </span>
    </p>
   </div>
   <div class='ocr_carea' id='block_1_88' title="bbox 1985 2813 3591 2890">
    <p class='ocr_par' dir='ltr' id='par_1_88' title="bbox 1985 2813 3591 2890">
     <span class='ocr_line' id='line_1_88' title="bbox 1985 2813 3591 2890; baseline -0.001 -19"><span class='ocrx_word' id='word_1_680' title='bbox 1985 2818 2470 2890; x_wconf 81' lang='lat' dir='ltr'><strong>diebus[c:rcitabo</strong></span> <span class='ocrx_word' id='word_1_681' title='bbox 2528 2813 2848 2885; x_wconf 87' lang='lat' dir='ltr'><strong>illud];sed</strong></span> <span class='ocrx_word' id='word_1_682' title='bbox 2905 2833 3015 2871; x_wconf 90' lang='lat' dir='ltr'><strong>non</strong></span> <span class='ocrx_word' id='word_1_683' title='bbox 3073 2818 3312 2880; x_wconf 81' lang='lat' dir='ltr'><strong>dixerat,</strong></span> <span class='ocrx_word' id='word_1_684' title='bbox 3349 2819 3591 2881; x_wconf 75' lang='lat' dir='ltr'><strong>Salvam,</strong></span> 
     </span>
    </p>
   </div>
   <div class='ocr_carea' id='block_1_89' title="bbox 1989 2907 3596 2978">
    <p class='ocr_par' dir='ltr' id='par_1_89' title="bbox 1989 2907 3596 2978">
     <span class='ocr_line' id='line_1_89' title="bbox 1989 2907 3596 2978; baseline -0.002 -13"><span class='ocrx_word' id='word_1_685' title='bbox 1989 2913 2085 2965; x_wconf 87' lang='lat' dir='ltr'><strong>sed</strong></span> <span class='ocrx_word' id='word_1_686' title='bbox 2119 2909 2322 2964; x_wconf 73' lang='lat' dir='ltr'><strong>Solvite</strong></span> <span class='ocrx_word' id='word_1_687' title='bbox 2359 2907 2559 2978; x_wconf 82' lang='lat' dir='ltr'><strong>(Jouu.</strong></span> <span class='ocrx_word' id='word_1_688' title='bbox 2599 2912 2655 2962; x_wconf 76' lang='lat'><strong>‘2.</strong></span> <span class='ocrx_word' id='word_1_689' title='bbox 2701 2909 2768 2963; x_wconf 86' lang='lat' dir='ltr'><strong>l9</strong></span> <span class='ocrx_word' id='word_1_690' title='bbox 2799 2919 2858 2978; x_wconf 84' lang='lat'><strong>);</strong></span> <span class='ocrx_word' id='word_1_691' title='bbox 2899 2925 3080 2978; x_wconf 84' lang='lat' dir='ltr'><strong>neque</strong></span> <span class='ocrx_word' id='word_1_692' title='bbox 3109 2909 3215 2964; x_wconf 88' lang='lat' dir='ltr'><strong>hoc</strong></span> <span class='ocrx_word' id='word_1_693' title='bbox 3242 2910 3309 2964; x_wconf 89' lang='lat' dir='ltr'><strong>de</strong></span> <span class='ocrx_word' id='word_1_694' title='bbox 3335 2911 3427 2964; x_wconf 89' lang='lat' dir='ltr'><strong>illo</strong></span> <span class='ocrx_word' id='word_1_695' title='bbox 3455 2920 3596 2963; x_wconf 75' lang='lat' dir='ltr'><strong>ti-ni-</strong></span> 
     </span>
    </p>
   </div>
   <div class='ocr_carea' id='block_1_90' title="bbox 1988 3002 3597 3074">
    <p class='ocr_par' dir='ltr' id='par_1_90' title="bbox 1988 3002 3597 3074">
     <span class='ocr_line' id='line_1_90' title="bbox 1988 3002 3597 3074; baseline 0.001 -21"><span class='ocrx_word' id='word_1_696' title='bbox 1988 3005 2098 3074; x_wconf 89' lang='lat' dir='ltr'><strong>plo,</strong></span> <span class='ocrx_word' id='word_1_697' title='bbox 2144 3004 2240 3056; x_wconf 76' lang='lat' dir='ltr'><strong>sed</strong></span> <span class='ocrx_word' id='word_1_698' title='bbox 2293 3003 2362 3055; x_wconf 85' lang='lat' dir='ltr'><strong>de</strong></span> <span class='ocrx_word' id='word_1_699' title='bbox 2389 3016 2620 3070; x_wconf 72' lang='lat' dir='ltr'><strong>corpore</strong></span> <span class='ocrx_word' id='word_1_700' title='bbox 2649 3017 2752 3055; x_wconf 86' lang='lat' dir='ltr'><strong>suo</strong></span> <span class='ocrx_word' id='word_1_701' title='bbox 2789 3002 3032 3056; x_wconf 87' lang='lat' dir='ltr'><strong>dicebat.</strong></span> <span class='ocrx_word' id='word_1_702' title='bbox 3069 3002 3210 3068; x_wconf 80' lang='lat' dir='ltr'><strong>Quid</strong></span> <span class='ocrx_word' id='word_1_703' title='bbox 3248 3003 3416 3071; x_wconf 78' lang='lat' dir='ltr'><strong>igitur</strong></span> <span class='ocrx_word' id='word_1_704' title='bbox 3439 3021 3597 3057; x_wconf 85' lang='lat' dir='ltr'><strong>sutu-</strong></span> 
     </span>
    </p>
   </div>
   <div class='ocr_carea' id='block_1_91' title="bbox 1990 3093 3587 3165">
    <p class='ocr_par' dir='ltr' id='par_1_91' title="bbox 1990 3093 3587 3165">
     <span class='ocr_line' id='line_1_91' title="bbox 1990 3093 3587 3165; baseline -0.001 -15"><span class='ocrx_word' id='word_1_705' title='bbox 1990 3112 2112 3150; x_wconf 84' lang='lat' dir='ltr'><strong>tuus</strong></span> <span class='ocrx_word' id='word_1_706' title='bbox 2167 3094 2460 3164; x_wconf 86' lang='lat' dir='ltr'><strong>pontifex?</strong></span> <span class='ocrx_word' id='word_1_707' title='bbox 2501 3095 2569 3148; x_wconf 77' lang='grc' dir='ltr'>[ι</span> <span class='ocrx_word' id='word_1_708' title='bbox 2616 3110 2742 3148; x_wconf 88' lang='lat' dir='ltr'><strong>eum</strong></span> <span class='ocrx_word' id='word_1_709' title='bbox 2793 3093 2859 3147; x_wconf 88' lang='lat' dir='ltr'><strong>ad</strong></span> <span class='ocrx_word' id='word_1_710' title='bbox 2896 3097 3314 3163; x_wconf 77' lang='lat' dir='ltr'><strong>responsionem</strong></span> <span class='ocrx_word' id='word_1_711' title='bbox 3341 3107 3587 3165; x_wconf 76' lang='lat' dir='ltr'><strong>cogeret,</strong></span> 
     </span>
    </p>
   </div>
   <div class='ocr_carea' id='block_1_92' title="bbox 1988 3186 3590 3255">
    <p class='ocr_par' dir='ltr' id='par_1_92' title="bbox 1988 3186 3590 3255">
     <span class='ocr_line' id='line_1_92' title="bbox 1988 3186 3590 3255; baseline -0.001 -14"><span class='ocrx_word' id='word_1_712' title='bbox 1988 3199 2041 3241; x_wconf 87' lang='lat' dir='ltr'><strong>et</strong></span> <span class='ocrx_word' id='word_1_713' title='bbox 2066 3203 2132 3241; x_wconf 86' lang='lat' dir='ltr'><strong>ex</strong></span> <span class='ocrx_word' id='word_1_714' title='bbox 2198 3187 2382 3240; x_wconf 82' lang='lat' dir='ltr'><strong>verbis</strong></span> <span class='ocrx_word' id='word_1_715' title='bbox 2432 3187 2548 3239; x_wconf 88' lang='lat' dir='ltr'><strong>suis</strong></span> <span class='ocrx_word' id='word_1_716' title='bbox 2596 3196 2819 3255; x_wconf 85' lang='lat' dir='ltr'><strong>caperet</strong></span> <span class='ocrx_word' id='word_1_717' title='bbox 2884 3188 3060 3250; x_wconf 90' lang='lat' dir='ltr'><strong>illum,</strong></span> <span class='ocrx_word' id='word_1_718' title='bbox 3126 3187 3259 3239; x_wconf 88' lang='lat' dir='ltr'><strong>dicit</strong></span> <span class='ocrx_word' id='word_1_719' title='bbox 3294 3205 3305 3238; x_wconf 91' lang='lat'><strong>:</strong></span> <span class='ocrx_word' id='word_1_720' title='bbox 3337 3186 3429 3240; x_wconf 71' lang='lat'><strong>62.</strong></span> <span class='ocrx_word' id='word_1_721' title='bbox 3466 3186 3590 3240; x_wconf 81' lang='lat' dir='ltr'><strong>Non</strong></span> 
     </span>
    </p>
   </div>
   <div class='ocr_carea' id='block_1_93' title="bbox 1999 3274 3592 3346">
    <p class='ocr_par' dir='ltr' id='par_1_93' title="bbox 1999 3274 3592 3346">
     <span class='ocr_line' id='line_1_93' title="bbox 1999 3274 3592 3346; baseline 0.003 -17"><span class='ocrx_word' id='word_1_722' title='bbox 1999 3277 2155 3331; x_wconf 83' lang='lat' dir='ltr'><strong>audis</strong></span> <span class='ocrx_word' id='word_1_723' title='bbox 2219 3277 2345 3346; x_wconf 87' lang='lat' dir='ltr'><strong>quid</strong></span> <span class='ocrx_word' id='word_1_724' title='bbox 2385 3278 2473 3329; x_wconf 85' lang='lat' dir='ltr'><strong>isti</strong></span> <span class='ocrx_word' id='word_1_725' title='bbox 2508 3284 2779 3329; x_wconf 76' lang='lat' dir='ltr'><strong>testantur</strong></span> <span class='ocrx_word' id='word_1_726' title='bbox 2816 3276 3101 3329; x_wconf 81' lang='lat' dir='ltr'><strong>adversum</strong></span> <span class='ocrx_word' id='word_1_727' title='bbox 3157 3279 3254 3331; x_wconf 75' lang='lat' dir='ltr'><strong>te?</strong></span> <span class='ocrx_word' id='word_1_728' title='bbox 3281 3274 3385 3328; x_wconf 83' lang='lat' dir='ltr'><strong>Ille</strong></span> <span class='ocrx_word' id='word_1_729' title='bbox 3411 3287 3592 3333; x_wconf 85' lang='lat' dir='ltr'><strong>autem</strong></span> 
     </span>
    </p>
   </div>
   <div class='ocr_carea' id='block_1_94' title="bbox 1991 3366 3600 3436">
    <p class='ocr_par' dir='ltr' id='par_1_94' title="bbox 1991 3366 3600 3436">
     <span class='ocr_line' id='line_1_94' title="bbox 1991 3366 3600 3436; baseline -0.001 -13"><span class='ocrx_word' id='word_1_730' title='bbox 1991 3369 2222 3423; x_wconf 81' lang='lat' dir='ltr'><strong>tacebat.</strong></span> <span class='ocrx_word' id='word_1_731' title='bbox 2253 3367 2473 3422; x_wconf 84' lang='lat' dir='ltr'><strong>Inutilis</strong></span> <span class='ocrx_word' id='word_1_732' title='bbox 2506 3367 2654 3420; x_wconf 86' lang='lat' dir='ltr'><strong>enim</strong></span> <span class='ocrx_word' id='word_1_733' title='bbox 2711 3367 3002 3436; x_wconf 86' lang='lat' dir='ltr'><strong>responsio</strong></span> <span class='ocrx_word' id='word_1_734' title='bbox 3042 3366 3226 3421; x_wconf 88' lang='lat' dir='ltr'><strong>futura</strong></span> <span class='ocrx_word' id='word_1_735' title='bbox 3284 3369 3600 3431; x_wconf 86' lang='lat' dir='ltr'><strong>erat,nu|lo</strong></span> 
     </span>
    </p>
   </div>
   <div class='ocr_carea' id='block_1_95' title="bbox 1986 3456 3595 3527">
    <p class='ocr_par' dir='ltr' id='par_1_95' title="bbox 1986 3456 3595 3527">
     <span class='ocr_line' id='line_1_95' title="bbox 1986 3456 3595 3527; baseline 0 -15"><span class='ocrx_word' id='word_1_736' title='bbox 1986 3460 2258 3514; x_wconf 87' lang='lat' dir='ltr'><strong>audiente.</strong></span> <span class='ocrx_word' id='word_1_737' title='bbox 2305 3458 2498 3527; x_wconf 83' lang='lat' dir='ltr'><strong>Figura</strong></span> <span class='ocrx_word' id='word_1_738' title='bbox 2532 3457 2733 3527; x_wconf 89' lang='lat' dir='ltr'><strong>quippe</strong></span> <span class='ocrx_word' id='word_1_739' title='bbox 2764 3458 3044 3512; x_wconf 86' lang='lat' dir='ltr'><strong>dumtaxat</strong></span> <span class='ocrx_word' id='word_1_740' title='bbox 3085 3456 3272 3526; x_wconf 81' lang='lat' dir='ltr'><strong>judicii</strong></span> <span class='ocrx_word' id='word_1_741' title='bbox 3304 3467 3463 3522; x_wconf 85' lang='lat' dir='ltr'><strong>erat;</strong></span> <span class='ocrx_word' id='word_1_742' title='bbox 3498 3457 3595 3512; x_wconf 84' lang='lat' dir='ltr'><strong>sed</strong></span> 
     </span>
    </p>
   </div>
   <div class='ocr_carea' id='block_1_96' title="bbox 1987 3550 3600 3620">
    <p class='ocr_par' dir='ltr' id='par_1_96' title="bbox 1987 3550 3600 3620">
     <span class='ocr_line' id='line_1_96' title="bbox 1987 3550 3600 3620; baseline -0.001 -14"><span class='ocrx_word' id='word_1_743' title='bbox 1987 3569 2172 3607; x_wconf 84' lang='lat' dir='ltr'><strong>revera</strong></span> <span class='ocrx_word' id='word_1_744' title='bbox 2203 3553 2469 3605; x_wconf 86' lang='lat' dir='ltr'><strong>latronum</strong></span> <span class='ocrx_word' id='word_1_745' title='bbox 2503 3553 2756 3620; x_wconf 87' lang='lat' dir='ltr'><strong>impetus,</strong></span> <span class='ocrx_word' id='word_1_746' title='bbox 2787 3551 2877 3620; x_wconf 89' lang='lat' dir='ltr'><strong>qui</strong></span> <span class='ocrx_word' id='word_1_747' title='bbox 2905 3559 2959 3605; x_wconf 90' lang='lat' dir='ltr'><strong>et</strong></span> <span class='ocrx_word' id='word_1_748' title='bbox 2984 3551 3035 3605; x_wconf 93' lang='lat' dir='ltr'><strong>in</strong></span> <span class='ocrx_word' id='word_1_749' title='bbox 3060 3561 3219 3604; x_wconf 89' lang='lat' dir='ltr'><strong>antro</strong></span> <span class='ocrx_word' id='word_1_750' title='bbox 3239 3560 3292 3604; x_wconf 90' lang='lat' dir='ltr'><strong>et</strong></span> <span class='ocrx_word' id='word_1_751' title='bbox 3322 3550 3374 3605; x_wconf 91' lang='lat' dir='ltr'><strong>in</strong></span> <span class='ocrx_word' id='word_1_752' title='bbox 3407 3552 3489 3604; x_wconf 89' lang='lat' dir='ltr'><strong>via</strong></span> <span class='ocrx_word' id='word_1_753' title='bbox 3520 3550 3600 3605; x_wconf 83' lang='lat' dir='ltr'><strong>ir-</strong></span> 
     </span>
    </p>
   </div>
   <div class='ocr_carea' id='block_1_97' title="bbox 1984 3638 3601 3714">
    <p class='ocr_par' dir='ltr' id='par_1_97' title="bbox 1984 3638 3601 3714">
     <span class='ocr_line' id='line_1_97' title="bbox 1984 3638 3601 3714; baseline 0 -16"><span class='ocrx_word' id='word_1_754' title='bbox 1984 3653 2256 3714; x_wconf 90' lang='lat' dir='ltr'><strong>rumpant.</strong></span> <span class='ocrx_word' id='word_1_755' title='bbox 2291 3644 2414 3697; x_wconf 80' lang='lat' dir='ltr'><strong>Ideo</strong></span> <span class='ocrx_word' id='word_1_756' title='bbox 2454 3643 2699 3705; x_wconf 84' lang='lat' dir='ltr'><strong>tacebat,</strong></span> <span class='ocrx_word' id='word_1_757' title='bbox 2747 3642 2986 3711; x_wconf 89' lang='lat' dir='ltr'><strong>pontifex</strong></span> <span class='ocrx_word' id='word_1_758' title='bbox 3035 3638 3162 3697; x_wconf 82' lang='lat' dir='ltr'><strong>vero</strong></span> <span class='ocrx_word' id='word_1_759' title='bbox 3216 3644 3601 3712; x_wconf 86' lang='lat' dir='ltr'><strong>perseverabat</strong></span> 
     </span>
    </p>
   </div>
   <div class='ocr_carea' id='block_1_98' title="bbox 1985 3734 3595 3806">
    <p class='ocr_par' dir='ltr' id='par_1_98' title="bbox 1985 3734 3595 3806">
     <span class='ocr_line' id='line_1_98' title="bbox 1985 3734 3595 3806; baseline -0.001 -14"><span class='ocrx_word' id='word_1_760' title='bbox 1985 3739 2170 3792; x_wconf 89' lang='lat' dir='ltr'><strong>dicens</strong></span> <span class='ocrx_word' id='word_1_761' title='bbox 2201 3754 2214 3790; x_wconf 90' lang='lat'><strong>:</strong></span> <span class='ocrx_word' id='word_1_762' title='bbox 2239 3737 2328 3792; x_wconf 81' lang='lat'><strong>65.</strong></span> <span class='ocrx_word' id='word_1_763' title='bbox 2354 3737 2554 3804; x_wconf 71' lang='lat' dir='ltr'><strong>Adiuro</strong></span> <span class='ocrx_word' id='word_1_764' title='bbox 2581 3749 2629 3788; x_wconf 89' lang='lat' dir='ltr'><strong>te</strong></span> <span class='ocrx_word' id='word_1_765' title='bbox 2658 3753 2747 3806; x_wconf 83' lang='lat' dir='ltr'><strong>per</strong></span> <span class='ocrx_word' id='word_1_766' title='bbox 2768 3734 2935 3789; x_wconf 81' lang='lat' dir='ltr'><strong>Deum</strong></span> <span class='ocrx_word' id='word_1_767' title='bbox 2962 3737 3150 3800; x_wconf 78' lang='lat' dir='ltr'><strong>vivum,</strong></span> <span class='ocrx_word' id='word_1_768' title='bbox 3177 3745 3230 3789; x_wconf 86' lang='lat' dir='ltr'><strong>ut</strong></span> <span class='ocrx_word' id='word_1_769' title='bbox 3259 3737 3402 3791; x_wconf 84' lang='lat' dir='ltr'><strong>nobis</strong></span> <span class='ocrx_word' id='word_1_770' title='bbox 3430 3739 3595 3803; x_wconf 86' lang='lat' dir='ltr'><strong>dicas,</strong></span> 
     </span>
    </p>
   </div>
   <div class='ocr_carea' id='block_1_99' title="bbox 1983 3827 3598 3899">
    <p class='ocr_par' dir='ltr' id='par_1_99' title="bbox 1983 3827 3598 3899">
     <span class='ocr_line' id='line_1_99' title="bbox 1983 3827 3598 3899; baseline -0.001 -15"><span class='ocrx_word' id='word_1_771' title='bbox 1983 3833 2025 3884; x_wconf 84' lang='lat' dir='ltr'><strong>si</strong></span> <span class='ocrx_word' id='word_1_772' title='bbox 2071 3841 2125 3884; x_wconf 90' lang='lat' dir='ltr'><strong>tu</strong></span> <span class='ocrx_word' id='word_1_773' title='bbox 2152 3847 2203 3884; x_wconf 87' lang='lat' dir='ltr'><strong>es</strong></span> <span class='ocrx_word' id='word_1_774' title='bbox 2233 3830 2466 3884; x_wconf 82' lang='lat' dir='ltr'><strong>Christus</strong></span> <span class='ocrx_word' id='word_1_775' title='bbox 2498 3827 2669 3883; x_wconf 81' lang='lat' dir='ltr'><strong>Filius</strong></span> <span class='ocrx_word' id='word_1_776' title='bbox 2704 3827 2800 3882; x_wconf 84' lang='lat' dir='ltr'><strong>Dei</strong></span> <span class='ocrx_word' id='word_1_777' title='bbox 2829 3831 2942 3882; x_wconf 86' lang='lat' dir='ltr'><strong>vivi.</strong></span> <span class='ocrx_word' id='word_1_778' title='bbox 2976 3829 3062 3883; x_wconf 73' lang='grc'>64.</span> <span class='ocrx_word' id='word_1_779' title='bbox 3098 3827 3122 3880; x_wconf 95' lang='grc'><em>1</em></span> <span class='ocrx_word' id='word_1_780' title='bbox 3130 3844 3220 3898; x_wconf 83' lang='lat' dir='ltr'><strong>pse</strong></span> <span class='ocrx_word' id='word_1_781' title='bbox 3247 3846 3360 3881; x_wconf 70' lang='lat' dir='ltr'><strong>vero</strong></span> <span class='ocrx_word' id='word_1_782' title='bbox 3377 3845 3598 3899; x_wconf 79' lang='lat' dir='ltr'><strong>respon-</strong></span> 
     </span>
    </p>
   </div>
   <div class='ocr_carea' id='block_1_100' title="bbox 1983 3919 3596 3987">
    <p class='ocr_par' dir='ltr' id='par_1_100' title="bbox 1983 3919 3596 3987">
     <span class='ocr_line' id='line_1_100' title="bbox 1983 3919 3596 3987; baseline 0.001 -12"><span class='ocrx_word' id='word_1_783' title='bbox 1983 3923 2093 3987; x_wconf 85' lang='lat' dir='ltr'><strong>dit,</strong></span> <span class='ocrx_word' id='word_1_784' title='bbox 2135 3921 2214 3975; x_wconf 83' lang='lat' dir='ltr'><strong>Tu</strong></span> <span class='ocrx_word' id='word_1_785' title='bbox 2243 3922 2439 3976; x_wconf 74' lang='lat' dir='ltr'><strong>dixisti.</strong></span> <span class='ocrx_word' id='word_1_786' title='bbox 2483 3919 2844 3974; x_wconf 83' lang='lat' dir='ltr'><strong>Verumtamen</strong></span> <span class='ocrx_word' id='word_1_787' title='bbox 2881 3922 2996 3975; x_wconf 88' lang='lat' dir='ltr'><strong>dico</strong></span> <span class='ocrx_word' id='word_1_788' title='bbox 3032 3923 3191 3986; x_wconf 80' lang='lat' dir='ltr'><strong>vobis,</strong></span> <span class='ocrx_word' id='word_1_789' title='bbox 3235 3922 3423 3975; x_wconf 88' lang='lat' dir='ltr'><strong>amodo</strong></span> <span class='ocrx_word' id='word_1_790' title='bbox 3454 3925 3596 3977; x_wconf 81' lang='lat' dir='ltr'><strong>vide-</strong></span> 
     </span>
    </p>
   </div>
   <div class='ocr_carea' id='block_1_101' title="bbox 1985 4014 3596 4084">
    <p class='ocr_par' dir='ltr' id='par_1_101' title="bbox 1985 4014 3596 4084">
     <span class='ocr_line' id='line_1_101' title="bbox 1985 4014 3596 4084; baseline 0.001 -14"><span class='ocrx_word' id='word_1_791' title='bbox 1985 4017 2099 4071; x_wconf 86' lang='lat' dir='ltr'><strong>bitis</strong></span> <span class='ocrx_word' id='word_1_792' title='bbox 2127 4014 2321 4069; x_wconf 84' lang='lat' dir='ltr'><strong>Filium</strong></span> <span class='ocrx_word' id='word_1_793' title='bbox 2353 4016 2572 4070; x_wconf 80' lang='lat' dir='ltr'><strong>hominis</strong></span> <span class='ocrx_word' id='word_1_794' title='bbox 2599 4017 2854 4070; x_wconf 86' lang='lat' dir='ltr'><strong>sedentem</strong></span> <span class='ocrx_word' id='word_1_795' title='bbox 2883 4034 2914 4069; x_wconf 76' lang='grc' dir='ltr'><em>α</em></span> <span class='ocrx_word' id='word_1_796' title='bbox 2943 4015 3139 4070; x_wconf 74' lang='lat' dir='ltr'><strong>dextris</strong></span> <span class='ocrx_word' id='word_1_797' title='bbox 3160 4017 3359 4070; x_wconf 81' lang='lat' dir='ltr'><strong>virtutis</strong></span> <span class='ocrx_word' id='word_1_798' title='bbox 3384 4061 3399 4084; x_wconf 87' lang='lat'><strong>,</strong></span> <span class='ocrx_word' id='word_1_799' title='bbox 3431 4028 3476 4070; x_wconf 85' lang='lat' dir='ltr'><strong>et</strong></span> <span class='ocrx_word' id='word_1_800' title='bbox 3515 4036 3596 4072; x_wconf 80' lang='lat' dir='ltr'><strong>ve-</strong></span> 
     </span>
    </p>
   </div>
   <div class='ocr_carea' id='block_1_102' title="bbox 1983 4106 3594 4180">
    <p class='ocr_par' dir='ltr' id='par_1_102' title="bbox 1983 4106 3594 4180">
     <span class='ocr_line' id='line_1_102' title="bbox 1983 4106 3594 4180; baseline 0.002 -20"><span class='ocrx_word' id='word_1_801' title='bbox 1983 4109 2200 4160; x_wconf 85' lang='lat' dir='ltr'><strong>nientem</strong></span> <span class='ocrx_word' id='word_1_802' title='bbox 2221 4110 2272 4160; x_wconf 90' lang='lat' dir='ltr'><strong>in</strong></span> <span class='ocrx_word' id='word_1_803' title='bbox 2300 4108 2515 4161; x_wconf 83' lang='lat' dir='ltr'><strong>nubibus</strong></span> <span class='ocrx_word' id='word_1_804' title='bbox 2539 4106 2671 4160; x_wconf 77' lang='lat' dir='ltr'><strong>ctcli.</strong></span> <span class='ocrx_word' id='word_1_805' title='bbox 2715 4109 2806 4163; x_wconf 83' lang='lat'><strong>65.</strong></span> <span class='ocrx_word' id='word_1_806' title='bbox 2836 4106 2978 4161; x_wconf 85' lang='lat' dir='ltr'><strong>Tunc</strong></span> <span class='ocrx_word' id='word_1_807' title='bbox 3005 4110 3242 4180; x_wconf 85' lang='lat' dir='ltr'><strong>princeps</strong></span> <span class='ocrx_word' id='word_1_808' title='bbox 3274 4112 3594 4164; x_wconf 83' lang='lat' dir='ltr'><strong>sacerdotum</strong></span> 
     </span>
    </p>
   </div>
   <div class='ocr_carea' id='block_1_103' title="bbox 1980 4199 3596 4272">
    <p class='ocr_par' dir='ltr' id='par_1_103' title="bbox 1980 4199 3596 4272">
     <span class='ocr_line' id='line_1_103' title="bbox 1980 4199 3596 4272; baseline 0 -18"><span class='ocrx_word' id='word_1_809' title='bbox 1980 4202 2132 4255; x_wconf 87' lang='lat' dir='ltr'><strong>scidit</strong></span> <span class='ocrx_word' id='word_1_810' title='bbox 2155 4202 2445 4255; x_wconf 77' lang='lat' dir='ltr'><strong>vestimenta</strong></span> <span class='ocrx_word' id='word_1_811' title='bbox 2472 4218 2587 4266; x_wconf 85' lang='lat' dir='ltr'><strong>suo,</strong></span> <span class='ocrx_word' id='word_1_812' title='bbox 2619 4201 2790 4254; x_wconf 82' lang='lat' dir='ltr'><strong>dicens</strong></span> <span class='ocrx_word' id='word_1_813' title='bbox 2813 4219 2830 4255; x_wconf 92' lang='lat'><em>:</em></span> <span class='ocrx_word' id='word_1_814' title='bbox 2853 4199 3254 4271; x_wconf 81' lang='lat' dir='ltr'><strong>Blasphcmavit.</strong></span> <span class='ocrx_word' id='word_1_815' title='bbox 3283 4201 3395 4256; x_wconf 78' lang='lat' dir='ltr'><strong>Hoc</strong></span> <span class='ocrx_word' id='word_1_816' title='bbox 3433 4220 3596 4272; x_wconf 86' lang='lat' dir='ltr'><strong>porro</strong></span> 
     </span>
    </p>
   </div>
   <div class='ocr_carea' id='block_1_104' title="bbox 1983 4293 3592 4364">
    <p class='ocr_par' dir='ltr' id='par_1_104' title="bbox 1983 4293 3592 4364">
     <span class='ocr_line' id='line_1_104' title="bbox 1983 4293 3592 4364; baseline 0.001 -17"><span class='ocrx_word' id='word_1_817' title='bbox 1983 4294 2128 4356; x_wconf 87' lang='lat' dir='ltr'><strong>fecit,</strong></span> <span class='ocrx_word' id='word_1_818' title='bbox 2163 4302 2219 4348; x_wconf 94' lang='lat' dir='ltr'><strong>ut</strong></span> <span class='ocrx_word' id='word_1_819' title='bbox 2244 4294 2448 4349; x_wconf 87' lang='lat' dir='ltr'><strong>crimen</strong></span> <span class='ocrx_word' id='word_1_820' title='bbox 2471 4294 2688 4364; x_wconf 82' lang='lat' dir='ltr'><strong>gravius</strong></span> <span class='ocrx_word' id='word_1_821' title='bbox 2714 4293 2976 4358; x_wconf 78' lang='lat' dir='ltr'><strong>efﬁceret,</strong></span> <span class='ocrx_word' id='word_1_822' title='bbox 2999 4304 3052 4348; x_wconf 89' lang='lat' dir='ltr'><strong>et</strong></span> <span class='ocrx_word' id='word_1_823' title='bbox 3077 4311 3141 4349; x_wconf 88' lang='lat' dir='ltr'><strong>ex</strong></span> <span class='ocrx_word' id='word_1_824' title='bbox 3176 4311 3231 4348; x_wconf 89' lang='lat' dir='ltr'><strong>re</strong></span> <span class='ocrx_word' id='word_1_825' title='bbox 3256 4305 3406 4364; x_wconf 83' lang='lat' dir='ltr'><strong>gesta</strong></span> <span class='ocrx_word' id='word_1_826' title='bbox 3429 4297 3592 4350; x_wconf 82' lang='lat' dir='ltr'><strong>verba</strong></span> 
     </span>
    </p>
   </div>
   <div class='ocr_carea' id='block_1_105' title="bbox 1982 4385 3592 4453">
    <p class='ocr_par' dir='ltr' id='par_1_105' title="bbox 1982 4385 3592 4453">
     <span class='ocr_line' id='line_1_105' title="bbox 1982 4385 3592 4453; baseline 0.001 -14"><span class='ocrx_word' id='word_1_827' title='bbox 1982 4386 2240 4441; x_wconf 86' lang='lat' dir='ltr'><strong>firmaret.</strong></span> <span class='ocrx_word' id='word_1_828' title='bbox 2273 4386 2407 4453; x_wconf 84' lang='lat' dir='ltr'><strong>Quia</strong></span> <span class='ocrx_word' id='word_1_829' title='bbox 2432 4389 2574 4440; x_wconf 89' lang='lat' dir='ltr'><strong>enim</strong></span> <span class='ocrx_word' id='word_1_830' title='bbox 2605 4387 2806 4440; x_wconf 89' lang='lat' dir='ltr'><strong>dictum</strong></span> <span class='ocrx_word' id='word_1_831' title='bbox 2862 4385 2988 4440; x_wconf 92' lang='lat' dir='ltr'><strong>illud</strong></span> <span class='ocrx_word' id='word_1_832' title='bbox 3035 4396 3238 4440; x_wconf 89' lang='lat' dir='ltr'><strong>metum</strong></span> <span class='ocrx_word' id='word_1_833' title='bbox 3291 4387 3592 4442; x_wconf 87' lang='lat' dir='ltr'><strong>incusserat</strong></span> 
     </span>
    </p>
   </div>
   <div class='ocr_carea' id='block_1_106' title="bbox 1980 4477 3593 4546">
    <p class='ocr_par' dir='ltr' id='par_1_106' title="bbox 1980 4477 3593 4546">
     <span class='ocr_line' id='line_1_106' title="bbox 1980 4477 3593 4546; baseline 0 -13"><span class='ocrx_word' id='word_1_834' title='bbox 1980 4480 2337 4545; x_wconf 89' lang='lat' dir='ltr'><strong>auditoribus,</strong></span> <span class='ocrx_word' id='word_1_835' title='bbox 2373 4479 2422 4533; x_wconf 90' lang='lat' dir='ltr'><strong>id</strong></span> <span class='ocrx_word' id='word_1_836' title='bbox 2449 4477 2592 4546; x_wconf 90' lang='lat' dir='ltr'><strong>quod</strong></span> <span class='ocrx_word' id='word_1_837' title='bbox 2627 4479 2678 4532; x_wconf 91' lang='lat' dir='ltr'><strong>in</strong></span> <span class='ocrx_word' id='word_1_838' title='bbox 2711 4479 2987 4546; x_wconf 83' lang='lat' dir='ltr'><strong>Stephano</strong></span> <span class='ocrx_word' id='word_1_839' title='bbox 3028 4480 3290 4544; x_wconf 85' lang='lat' dir='ltr'><strong>fecerunt,</strong></span> <span class='ocrx_word' id='word_1_840' title='bbox 3316 4494 3475 4533; x_wconf 88' lang='lat' dir='ltr'><strong>aures</strong></span> <span class='ocrx_word' id='word_1_841' title='bbox 3497 4479 3593 4533; x_wconf 89' lang='lat' dir='ltr'><strong>ob-</strong></span> 
     </span>
    </p>
   </div>
   <div class='ocr_carea' id='block_1_107' title="bbox 1979 4570 2877 4632">
    <p class='ocr_par' dir='ltr' id='par_1_107' title="bbox 1979 4570 2877 4632">
     <span class='ocr_line' id='line_1_107' title="bbox 1979 4570 2877 4632; baseline 0 -8"><span class='ocrx_word' id='word_1_842' title='bbox 1979 4580 2274 4632; x_wconf 86' lang='lat' dir='ltr'><strong>struentes,</strong></span> <span class='ocrx_word' id='word_1_843' title='bbox 2307 4574 2384 4624; x_wconf 91' lang='lat' dir='ltr'><strong>sic</strong></span> <span class='ocrx_word' id='word_1_844' title='bbox 2415 4581 2469 4625; x_wconf 89' lang='lat' dir='ltr'><strong>et</strong></span> <span class='ocrx_word' id='word_1_845' title='bbox 2492 4570 2593 4624; x_wconf 91' lang='lat' dir='ltr'><strong>hoc</strong></span> <span class='ocrx_word' id='word_1_846' title='bbox 2621 4573 2738 4625; x_wconf 85' lang='lat' dir='ltr'><strong>loco</strong></span> <span class='ocrx_word' id='word_1_847' title='bbox 2768 4572 2877 4626; x_wconf 74' lang='lat' dir='ltr'><strong>’lle.</strong></span> 
     </span>
    </p>
   </div>
   <div class='ocr_carea' id='block_1_108' title="bbox 2052 4664 3590 4734">
    <p class='ocr_par' dir='ltr' id='par_1_108' title="bbox 2052 4664 3590 4734">
     <span class='ocr_line' id='line_1_108' title="bbox 2052 4664 3590 4734; baseline 0.004 -17"><span class='ocrx_word' id='word_1_848' title='bbox 2052 4665 2104 4719; x_wconf 82' lang='lat'><strong>5.</strong></span> <span class='ocrx_word' id='word_1_849' title='bbox 2150 4665 2256 4718; x_wconf 85' lang='lat' dir='ltr'><strong>Sed</strong></span> <span class='ocrx_word' id='word_1_850' title='bbox 2289 4680 2534 4734; x_wconf 79' lang='lat' dir='ltr'><strong>quamam</strong></span> <span class='ocrx_word' id='word_1_851' title='bbox 2580 4674 2697 4718; x_wconf 88' lang='lat' dir='ltr'><strong>erat</strong></span> <span class='ocrx_word' id='word_1_852' title='bbox 2728 4664 2842 4720; x_wconf 64' lang='lat' dir='ltr'><strong>haec</strong></span> <span class='ocrx_word' id='word_1_853' title='bbox 2876 4665 3252 4734; x_wconf 78' lang='lat' dir='ltr'><strong>blaSphcmia?</strong></span> <span class='ocrx_word' id='word_1_854' title='bbox 3301 4667 3432 4723; x_wconf 73' lang='lat' dir='ltr'><strong>Nam</strong></span> <span class='ocrx_word' id='word_1_855' title='bbox 3463 4681 3590 4723; x_wconf 86' lang='lat' dir='ltr'><strong>ante</strong></span> 
     </span>
    </p>
   </div>
   <div class='ocr_carea' id='block_1_109' title="bbox 1978 4756 3586 4827">
    <p class='ocr_par' dir='ltr' id='par_1_109' title="bbox 1978 4756 3586 4827">
     <span class='ocr_line' id='line_1_109' title="bbox 1978 4756 3586 4827; baseline 0.002 -17"><span class='ocrx_word' id='word_1_856' title='bbox 1978 4756 2319 4826; x_wconf 84' lang='lat' dir='ltr'><strong>congregatis</strong></span> <span class='ocrx_word' id='word_1_857' title='bbox 2347 4757 2451 4811; x_wconf 90' lang='lat' dir='ltr'><strong>illis</strong></span> <span class='ocrx_word' id='word_1_858' title='bbox 2472 4757 2684 4811; x_wconf 82' lang='lat' dir='ltr'><strong>dixerat</strong></span> <span class='ocrx_word' id='word_1_859' title='bbox 2713 4774 2726 4812; x_wconf 91' lang='lat'><strong>:</strong></span> <span class='ocrx_word' id='word_1_860' title='bbox 2764 4757 2908 4811; x_wconf 80' lang='lat' dir='ltr'><strong>Dixit</strong></span> <span class='ocrx_word' id='word_1_861' title='bbox 2937 4757 3184 4812; x_wconf 78' lang='lat' dir='ltr'><strong>Dominus</strong></span> <span class='ocrx_word' id='word_1_862' title='bbox 3209 4759 3432 4816; x_wconf 86' lang='lat' dir='ltr'><strong>Domino</strong></span> <span class='ocrx_word' id='word_1_863' title='bbox 3457 4780 3586 4827; x_wconf 78' lang='lat' dir='ltr'><strong>nico,</strong></span> 
     </span>
    </p>
   </div>
   <div class='ocr_carea' id='block_1_110' title="bbox 1979 4851 3587 4921">
    <p class='ocr_par' dir='ltr' id='par_1_110' title="bbox 1979 4851 3587 4921">
     <span class='ocr_line' id='line_1_110' title="bbox 1979 4851 3587 4921; baseline 0.001 -15"><span class='ocrx_word' id='word_1_864' title='bbox 1979 4852 2114 4906; x_wconf 86' lang='lat' dir='ltr'><strong>Sede</strong></span> <span class='ocrx_word' id='word_1_865' title='bbox 2135 4869 2165 4903; x_wconf 87' lang='lat' dir='ltr'><strong>a</strong></span> <span class='ocrx_word' id='word_1_866' title='bbox 2197 4851 2390 4906; x_wconf 72' lang='lat' dir='ltr'><strong>dextris</strong></span> <span class='ocrx_word' id='word_1_867' title='bbox 2412 4854 2556 4913; x_wconf 83' lang='lat' dir='ltr'><strong>meis,</strong></span> <span class='ocrx_word' id='word_1_868' title='bbox 2583 4852 2746 4904; x_wconf 82' lang='lat' dir='ltr'><strong>donec</strong></span> <span class='ocrx_word' id='word_1_869' title='bbox 2778 4869 2962 4921; x_wconf 75' lang='lat' dir='ltr'><strong>ponam</strong></span> <span class='ocrx_word' id='word_1_870' title='bbox 2994 4854 3228 4906; x_wconf 79' lang='lat' dir='ltr'><strong>inimicos</strong></span> <span class='ocrx_word' id='word_1_871' title='bbox 3250 4865 3365 4909; x_wconf 84' lang='lat' dir='ltr'><strong>tuos</strong></span> <span class='ocrx_word' id='word_1_872' title='bbox 3391 4856 3587 4909; x_wconf 79' lang='lat' dir='ltr'><strong>scabel-</strong></span> 
     </span>
    </p>
   </div>
   <div class='ocr_carea' id='block_1_111' title="bbox 1977 4944 3587 5018">
    <p class='ocr_par' dir='ltr' id='par_1_111' title="bbox 1977 4944 3587 5018">
     <span class='ocr_line' id='line_1_111' title="bbox 1977 4944 3587 5018; baseline 0.003 -20"><span class='ocrx_word' id='word_1_873' title='bbox 1977 4947 2082 4998; x_wconf 87' lang='lat' dir='ltr'><strong>lum</strong></span> <span class='ocrx_word' id='word_1_874' title='bbox 2123 4946 2308 5014; x_wconf 87' lang='lat' dir='ltr'><strong>pedum</strong></span> <span class='ocrx_word' id='word_1_875' title='bbox 2333 4955 2534 4998; x_wconf 85' lang='lat' dir='ltr'><strong>tuorum</strong></span> <span class='ocrx_word' id='word_1_876' title='bbox 2563 4945 2780 5013; x_wconf 78' lang='lat' dir='ltr'><strong>(Matth.</strong></span> <span class='ocrx_word' id='word_1_877' title='bbox 2806 4944 2896 4997; x_wconf 70' lang='lat'><strong>2‘2.</strong></span> <span class='ocrx_word' id='word_1_878' title='bbox 2931 4946 3034 5010; x_wconf 63' lang='lat' dir='ltr'><strong>Al;</strong></span> <span class='ocrx_word' id='word_1_879' title='bbox 3067 4945 3208 5000; x_wconf 81' lang='lat' dir='ltr'><strong>Psol.</strong></span> <span class='ocrx_word' id='word_1_880' title='bbox 3244 4947 3366 5003; x_wconf 72' lang='lat'><strong>109.</strong></span> <span class='ocrx_word' id='word_1_881' title='bbox 3395 4951 3447 5018; x_wconf 79' lang='lat' dir='ltr'><strong>l)</strong></span> <span class='ocrx_word' id='word_1_882' title='bbox 3468 4968 3481 5002; x_wconf 90' lang='lat'><strong>:</strong></span> <span class='ocrx_word' id='word_1_883' title='bbox 3506 4949 3587 5003; x_wconf 90' lang='lat' dir='ltr'><strong>di-</strong></span> 
     </span>
    </p>
   </div>
   <div class='ocr_carea' id='block_1_112' title="bbox 1975 5037 3583 5112">
    <p class='ocr_par' dir='ltr' id='par_1_112' title="bbox 1975 5037 3583 5112">
     <span class='ocr_line' id='line_1_112' title="bbox 1975 5037 3583 5112; baseline 0.004 -21"><span class='ocrx_word' id='word_1_884' title='bbox 1975 5048 2228 5106; x_wconf 89' lang='lat' dir='ltr'><strong>ctumque</strong></span> <span class='ocrx_word' id='word_1_885' title='bbox 2259 5037 2642 5105; x_wconf 88' lang='lat' dir='ltr'><strong>interpretatus</strong></span> <span class='ocrx_word' id='word_1_886' title='bbox 2668 5047 2785 5102; x_wconf 89' lang='lat' dir='ltr'><strong>est;</strong></span> <span class='ocrx_word' id='word_1_887' title='bbox 2821 5053 2921 5093; x_wconf 88' lang='lat' dir='ltr'><strong>nec</strong></span> <span class='ocrx_word' id='word_1_888' title='bbox 2961 5038 3036 5092; x_wconf 89' lang='lat' dir='ltr'><strong>illi</strong></span> <span class='ocrx_word' id='word_1_889' title='bbox 3064 5039 3179 5094; x_wconf 81' lang='lat' dir='ltr'><strong>ausi</strong></span> <span class='ocrx_word' id='word_1_890' title='bbox 3203 5051 3328 5094; x_wconf 89' lang='lat' dir='ltr'><strong>sunt</strong></span> <span class='ocrx_word' id='word_1_891' title='bbox 3357 5057 3583 5112; x_wconf 82' lang='lat' dir='ltr'><strong>respon-</strong></span> 
     </span>
    </p>
   </div>
   <div class='ocr_carea' id='block_1_113' title="bbox 1973 5129 3582 5201">
    <p class='ocr_par' dir='ltr' id='par_1_113' title="bbox 1973 5129 3582 5201">
     <span class='ocr_line' id='line_1_113' title="bbox 1973 5129 3582 5201; baseline 0.004 -19"><span class='ocrx_word' id='word_1_892' title='bbox 1973 5131 2125 5196; x_wconf 86' lang='lat' dir='ltr'><strong>dere,</strong></span> <span class='ocrx_word' id='word_1_893' title='bbox 2159 5129 2254 5184; x_wconf 88' lang='lat' dir='ltr'><strong>sed</strong></span> <span class='ocrx_word' id='word_1_894' title='bbox 2283 5139 2598 5197; x_wconf 88' lang='lat' dir='ltr'><strong>tacuerunt,</strong></span> <span class='ocrx_word' id='word_1_895' title='bbox 2629 5139 2684 5183; x_wconf 88' lang='lat' dir='ltr'><strong>et</strong></span> <span class='ocrx_word' id='word_1_896' title='bbox 2713 5146 2776 5185; x_wconf 88' lang='lat' dir='ltr'><strong>ex</strong></span> <span class='ocrx_word' id='word_1_897' title='bbox 2809 5130 2904 5184; x_wconf 87' lang='lat' dir='ltr'><strong>illo</strong></span> <span class='ocrx_word' id='word_1_898' title='bbox 2933 5141 3177 5201; x_wconf 88' lang='lat' dir='ltr'><strong>tempore</strong></span> <span class='ocrx_word' id='word_1_899' title='bbox 3213 5134 3346 5188; x_wconf 87' lang='lat' dir='ltr'><strong>nihil</strong></span> <span class='ocrx_word' id='word_1_900' title='bbox 3395 5145 3582 5190; x_wconf 89' lang='lat' dir='ltr'><strong>eontra</strong></span> 
     </span>
    </p>
   </div>
   <div class='ocr_carea' id='block_1_114' title="bbox 1972 5219 3579 5292">
    <p class='ocr_par' dir='ltr' id='par_1_114' title="bbox 1972 5219 3579 5292">
     <span class='ocr_line' id='line_1_114' title="bbox 1972 5219 3579 5292; baseline 0.002 -17"><span class='ocrx_word' id='word_1_901' title='bbox 1972 5219 2242 5275; x_wconf 89' lang='lat' dir='ltr'><strong>dixerunt.</strong></span> <span class='ocrx_word' id='word_1_902' title='bbox 2276 5221 2384 5276; x_wconf 90' lang='lat' dir='ltr'><strong>Cur</strong></span> <span class='ocrx_word' id='word_1_903' title='bbox 2413 5237 2542 5290; x_wconf 84' lang='lat' dir='ltr'><strong>ergo</strong></span> <span class='ocrx_word' id='word_1_904' title='bbox 2582 5221 2784 5275; x_wconf 88' lang='lat' dir='ltr'><strong>dictmn</strong></span> <span class='ocrx_word' id='word_1_905' title='bbox 2813 5221 2940 5276; x_wconf 90' lang='lat' dir='ltr'><strong>illud</strong></span> <span class='ocrx_word' id='word_1_906' title='bbox 2988 5222 3372 5292; x_wconf 77' lang='lat' dir='ltr'><strong>blasphemiam</strong></span> <span class='ocrx_word' id='word_1_907' title='bbox 3419 5241 3579 5280; x_wconf 87' lang='lat' dir='ltr'><strong>voca-</strong></span> 
     </span>
    </p>
   </div>
   <div class='ocr_carea' id='block_1_115' title="bbox 1973 5312 3578 5387">
    <p class='ocr_par' dir='ltr' id='par_1_115' title="bbox 1973 5312 3578 5387">
     <span class='ocr_line' id='line_1_115' title="bbox 1973 5312 3578 5387; baseline 0.002 -20"><span class='ocrx_word' id='word_1_908' title='bbox 1973 5313 2135 5368; x_wconf 87' lang='lat' dir='ltr'><strong>runt?</strong></span> <span class='ocrx_word' id='word_1_909' title='bbox 2161 5329 2257 5368; x_wconf 91' lang='lat' dir='ltr'><strong>cur</strong></span> <span class='ocrx_word' id='word_1_910' title='bbox 2284 5328 2412 5367; x_wconf 88' lang='lat' dir='ltr'><strong>vero</strong></span> <span class='ocrx_word' id='word_1_911' title='bbox 2437 5312 2684 5366; x_wconf 89' lang='lat' dir='ltr'><strong>Christus</strong></span> <span class='ocrx_word' id='word_1_912' title='bbox 2714 5314 2783 5367; x_wconf 89' lang='lat' dir='ltr'><strong>ita</strong></span> <span class='ocrx_word' id='word_1_913' title='bbox 2813 5313 3121 5382; x_wconf 64' lang='lat' dir='ltr'><strong>resliond&#39;n?</strong></span> <span class='ocrx_word' id='word_1_914' title='bbox 3153 5314 3218 5370; x_wconf 90' lang='lat' dir='ltr'><strong>Ut</strong></span> <span class='ocrx_word' id='word_1_915' title='bbox 3249 5333 3465 5371; x_wconf 78' lang='lat' dir='ltr'><strong>otiinem</strong></span> <span class='ocrx_word' id='word_1_916' title='bbox 3497 5317 3578 5387; x_wconf 85' lang='lat' dir='ltr'><strong>ip-</strong></span> 
     </span>
    </p>
   </div>
   <div class='ocr_carea' id='block_1_116' title="bbox 1970 5407 3578 5479">
    <p class='ocr_par' dir='ltr' id='par_1_116' title="bbox 1970 5407 3578 5479">
     <span class='ocr_line' id='line_1_116' title="bbox 1970 5407 3578 5479; baseline 0.001 -17"><span class='ocrx_word' id='word_1_917' title='bbox 1970 5409 2046 5462; x_wconf 89' lang='lat' dir='ltr'><strong>sis</strong></span> <span class='ocrx_word' id='word_1_918' title='bbox 2073 5407 2286 5462; x_wconf 88' lang='lat' dir='ltr'><strong>tollerct</strong></span> <span class='ocrx_word' id='word_1_919' title='bbox 2314 5407 2722 5471; x_wconf 85' lang='lat' dir='ltr'><strong>defensionem;</strong></span> <span class='ocrx_word' id='word_1_920' title='bbox 2758 5425 2879 5462; x_wconf 85' lang='lat' dir='ltr'><strong>nam</strong></span> <span class='ocrx_word' id='word_1_921' title='bbox 2914 5424 3083 5479; x_wconf 89' lang='lat' dir='ltr'><strong>usque</strong></span> <span class='ocrx_word' id='word_1_922' title='bbox 3105 5409 3171 5463; x_wconf 89' lang='lat' dir='ltr'><strong>ad</strong></span> <span class='ocrx_word' id='word_1_923' title='bbox 3201 5410 3442 5465; x_wconf 88' lang='lat' dir='ltr'><strong>ultimam</strong></span> <span class='ocrx_word' id='word_1_924' title='bbox 3477 5412 3578 5464; x_wconf 89' lang='lat' dir='ltr'><strong>ho-</strong></span> 
     </span>
    </p>
   </div>
   <div class='ocr_carea' id='block_1_117' title="bbox 1969 5501 3579 5568">
    <p class='ocr_par' dir='ltr' id='par_1_117' title="bbox 1969 5501 3579 5568">
     <span class='ocr_line' id='line_1_117' title="bbox 1969 5501 3579 5568; baseline 0.002 -13"><span class='ocrx_word' id='word_1_925' title='bbox 1969 5517 2083 5555; x_wconf 84' lang='lat' dir='ltr'><strong>ram</strong></span> <span class='ocrx_word' id='word_1_926' title='bbox 2121 5502 2377 5555; x_wconf 86' lang='lat' dir='ltr'><strong>docuerat</strong></span> <span class='ocrx_word' id='word_1_927' title='bbox 2431 5516 2491 5556; x_wconf 90' lang='lat' dir='ltr'><strong>se</strong></span> <span class='ocrx_word' id='word_1_928' title='bbox 2544 5516 2667 5557; x_wconf 87' lang='lat' dir='ltr'><strong>esse</strong></span> <span class='ocrx_word' id='word_1_929' title='bbox 2717 5501 3013 5568; x_wconf 84' lang='lat' dir='ltr'><strong>Christum,</strong></span> <span class='ocrx_word' id='word_1_930' title='bbox 3071 5518 3099 5556; x_wconf 89' lang='lat' dir='ltr'><strong>a</strong></span> <span class='ocrx_word' id='word_1_931' title='bbox 3147 5503 3352 5558; x_wconf 77' lang='lat' dir='ltr'><strong>dextris</strong></span> <span class='ocrx_word' id='word_1_932' title='bbox 3406 5505 3579 5560; x_wconf 79' lang='lat' dir='ltr'><strong>Patris</strong></span> 
     </span>
    </p>
   </div>
   <div class='ocr_carea' id='block_1_118' title="bbox 1969 5594 3572 5664">
    <p class='ocr_par' dir='ltr' id='par_1_118' title="bbox 1969 5594 3572 5664">
     <span class='ocr_line' id='line_1_118' title="bbox 1969 5594 3572 5664; baseline 0.003 -17"><span class='ocrx_word' id='word_1_933' title='bbox 1969 5594 2182 5655; x_wconf 78' lang='lat' dir='ltr'><strong>sedere,</strong></span> <span class='ocrx_word' id='word_1_934' title='bbox 2215 5603 2267 5647; x_wconf 90' lang='lat' dir='ltr'><strong>et</strong></span> <span class='ocrx_word' id='word_1_935' title='bbox 2301 5602 2585 5646; x_wconf 85' lang='lat' dir='ltr'><strong>venturum</strong></span> <span class='ocrx_word' id='word_1_936' title='bbox 2619 5594 2796 5647; x_wconf 86' lang='lat' dir='ltr'><strong>denuo</strong></span> <span class='ocrx_word' id='word_1_937' title='bbox 2824 5609 2946 5649; x_wconf 87' lang='lat' dir='ltr'><strong>esse</strong></span> <span class='ocrx_word' id='word_1_938' title='bbox 2992 5605 3047 5648; x_wconf 89' lang='lat' dir='ltr'><strong>ut</strong></span> <span class='ocrx_word' id='word_1_939' title='bbox 3088 5595 3295 5664; x_wconf 86' lang='lat' dir='ltr'><strong>judicet</strong></span> <span class='ocrx_word' id='word_1_940' title='bbox 3342 5598 3526 5651; x_wconf 85' lang='lat' dir='ltr'><strong>urbem</strong></span> <span class='ocrx_word' id='word_1_941' title='bbox 3560 5618 3572 5652; x_wconf 96' lang='lat'>:</span> 
     </span>
    </p>
   </div>
   <div class='ocr_carea' id='block_1_119' title="bbox 1969 5687 3576 5761">
    <p class='ocr_par' dir='ltr' id='par_1_119' title="bbox 1969 5687 3576 5761">
     <span class='ocr_line' id='line_1_119' title="bbox 1969 5687 3576 5761; baseline 0.002 -20"><span class='ocrx_word' id='word_1_942' title='bbox 1969 5705 2088 5757; x_wconf 69' lang='lat' dir='ltr'><strong>qum</strong></span> <span class='ocrx_word' id='word_1_943' title='bbox 2120 5704 2366 5757; x_wconf 84' lang='lat' dir='ltr'><strong>magnam</strong></span> <span class='ocrx_word' id='word_1_944' title='bbox 2401 5687 2514 5755; x_wconf 77' lang='lat' dir='ltr'><strong>ejus</strong></span> <span class='ocrx_word' id='word_1_945' title='bbox 2562 5702 2683 5741; x_wconf 86' lang='lat' dir='ltr'><strong>cum</strong></span> <span class='ocrx_word' id='word_1_946' title='bbox 2729 5689 2886 5744; x_wconf 84' lang='lat' dir='ltr'><strong>Patre</strong></span> <span class='ocrx_word' id='word_1_947' title='bbox 2916 5691 3258 5745; x_wconf 84' lang='lat' dir='ltr'><strong>concordiam</strong></span> <span class='ocrx_word' id='word_1_948' title='bbox 3305 5691 3576 5761; x_wconf 75' lang='lat' dir='ltr'><strong>significa-</strong></span> 
     </span>
    </p>
   </div>
   <div class='ocr_carea' id='block_1_120' title="bbox 1969 5779 3579 5849">
    <p class='ocr_par' dir='ltr' id='par_1_120' title="bbox 1969 5779 3579 5849">
     <span class='ocr_line' id='line_1_120' title="bbox 1969 5779 3579 5849; baseline 0.002 -15"><span class='ocrx_word' id='word_1_949' title='bbox 1969 5780 2116 5834; x_wconf 88' lang='lat' dir='ltr'><strong>bant.</strong></span> <span class='ocrx_word' id='word_1_950' title='bbox 2147 5779 2490 5833; x_wconf 74' lang='lat' dir='ltr'><strong>Vestimentis</strong></span> <span class='ocrx_word' id='word_1_951' title='bbox 2519 5794 2646 5848; x_wconf 81' lang='lat' dir='ltr'><strong>ergo</strong></span> <span class='ocrx_word' id='word_1_952' title='bbox 2670 5779 2906 5834; x_wconf 83' lang='lat' dir='ltr'><strong>discissis</strong></span> <span class='ocrx_word' id='word_1_953' title='bbox 2925 5783 3018 5845; x_wconf 86' lang='lat' dir='ltr'><strong>ait,</strong></span> <span class='ocrx_word' id='word_1_954' title='bbox 3042 5781 3179 5849; x_wconf 85' lang='lat' dir='ltr'><strong>Quid</strong></span> <span class='ocrx_word' id='word_1_955' title='bbox 3201 5783 3335 5837; x_wconf 83' lang='lat' dir='ltr'><strong>vobis</strong></span> <span class='ocrx_word' id='word_1_956' title='bbox 3353 5783 3579 5838; x_wconf 71' lang='lat' dir='ltr'><strong>videtur?</strong></span> 
     </span>
    </p>
   </div>
   <div class='ocr_carea' id='block_1_121' title="bbox 1967 5871 3579 5944">
    <p class='ocr_par' dir='ltr' id='par_1_121' title="bbox 1967 5871 3579 5944">
     <span class='ocr_line' id='line_1_121' title="bbox 1967 5871 3579 5944; baseline 0.004 -18"><span class='ocrx_word' id='word_1_957' title='bbox 1967 5871 2082 5928; x_wconf 82' lang='lat' dir='ltr'><strong>Non</strong></span> <span class='ocrx_word' id='word_1_958' title='bbox 2116 5873 2219 5928; x_wconf 85' lang='lat' dir='ltr'><strong>fert</strong></span> <span class='ocrx_word' id='word_1_959' title='bbox 2271 5886 2333 5925; x_wconf 77' lang='lat' dir='ltr'><strong>ex</strong></span> <span class='ocrx_word' id='word_1_960' title='bbox 2385 5887 2443 5927; x_wconf 88' lang='lat' dir='ltr'><strong>se</strong></span> <span class='ocrx_word' id='word_1_961' title='bbox 2490 5874 2848 5938; x_wconf 67' lang='lat' dir='ltr'><strong>sententiam;</strong></span> <span class='ocrx_word' id='word_1_962' title='bbox 2898 5873 2992 5927; x_wconf 86' lang='lat' dir='ltr'><strong>Sed</strong></span> <span class='ocrx_word' id='word_1_963' title='bbox 3023 5876 3174 5944; x_wconf 81' lang='lat' dir='ltr'><strong>quasi</strong></span> <span class='ocrx_word' id='word_1_964' title='bbox 3205 5877 3256 5929; x_wconf 91' lang='lat' dir='ltr'><strong>in</strong></span> <span class='ocrx_word' id='word_1_965' title='bbox 3290 5875 3579 5932; x_wconf 81' lang='lat' dir='ltr'><strong>manifesto</strong></span> 
     </span>
    </p>
   </div>
  </div>
