4050 6428
537 397 641 452 ’3⁵55

539 519 753 579 peccato
779 514 832 561 et
857 506 1002 560 clara
1034 504 1363 575 blasphemia
1386 547 1400 570 ,
1435 503 1646 559 illorum
1678 501 1996 557 sententiam
2025 517 2114 554 re-

535 601 716 671 quirit.
745 599 876 666 Quia
898 598 1042 654 enim
1073 579 1334 663 sciebant,
1365 597 1408 652 si
1441 581 1529 652 res
1560 597 1612 650 in
1657 610 1884 650 examen
1911 594 2118 648 veniret

533 700 691 760 atque
719 690 768 743 in
809 688 1074 754 notitiam,
1101 687 1246 741 illum
1271 687 1340 742 ab
1361 687 1505 742 omni
1536 687 1760 741 crimine
1780 683 2114 739 liberandum

533 797 672 846 esse,
705 781 843 850 apud
887 781 1094 850 seipsos
1123 781 1268 835 illum
1313 780 1689 841 condemnant.
1741 777 2116 849 auditoresqnc

537 883 906 940 prmoccupant
935 872 1195 935 dicentes,
1228 869 1329 924 Vos
1352 869 1712 940 blasphemiam
1734 867 1967 932 audistis,
2001 877 2116 920 tan-

534 973 642 1016 ttnn
671 977 775 1017 non
805 972 1058 1034 cogentes
1088 972 1142 1018 et
1170 963 1274 1015 vim
1297 961 1585 1015 inferentes
1606 960 1674 1014 ad
1700 961 2018 1015 sententiam
2039 959 2116 1014 fe-

534 1054 772 1107 rendam.
792 1054 928 1120 Quid
958 1054 1116 1123 igitur
1144 1051 1362 1106 illi?66.
1387 1050 1525 1104 Reus
1543 1061 1616 1106 est
1637 1053 1853 1116 mortis;
1881 1061 1938 1106 ut
1959 1052 2111 1121 quasi

526 1145 635 1215 jam
663 1144 973 1199 damnatum
1006 1146 1276 1204 sisterent.
1312 1144 1644 1214 Pilatutnquc
1681 1144 1749 1199 ad
1793 1144 2110 1199 sententiam

529 1237 804 1292 ferendam
850 1238 1178 1291 induet-rent.
1229 1236 1337 1291 Hac
1366 1247 1544 1292 mente
1573 1247 1636 1299 ,ει
1677 1237 1864 1291 horum
1910 1236 2110 1292 conscii

525 1328 730 1394 dicunt,
763 1327 898 1382 Reus
924 1337 997 1381 est
1028 1328 1240 1391 mortis;
1267 1327 1363 1395 ipsi
1394 1328 1732 1388 accusabant.
1755 1325 1854 1395 ipsi
1884 1325 2107 1380 damna-

530 1419 674 1483 hant,
703 1430 758 1472 ct
787 1419 1101 1472 sententiam
1129 1417 1388 1480 ferebant,
1416 1419 1650 1471 omnium
1676 1416 1852 1470 officia
1875 1431 2109 1485 occupa-

530 1512 675 1563 bant.
708 1510 812 1564 Cur
839 1520 1016 1563 autem
1045 1510 1261 1564 sabbata
1287 1510 1337 1562 itt
1377 1509 1608 1562 medium
1637 1521 1741 1561 non
1778 1507 2109 1561 attulerunt?

525 1600 657 1667 Quia
701 1617 840 1671 stupe
884 1601 999 1654 illos
1038 1601 1443 1654 tcufutaverat:
1476 1599 1707 1669 alioquin
1755 1613 1884 1653 vero
1925 1612 1991 1653 ex
2045 1597 2110 1652 iis

523 1707 643 1758 quae
663 1701 787 1746 tunc
811 1692 1122 1746 dicebantur
1138 1691 1386 1747 volebant
1405 1705 1527 1746 eum
1549 1705 1741 1759 capere
1759 1697 1815 1744 et
1830 1689 2105 1744 damnare.

523 1782 908 1852 Prmoccnpans
951 1783 1125 1852 igitur,
1175 1783 1388 1837 illorum
1415 1791 1630 1851 accepta
1664 1781 1950 1847 sententia,
1982 1795 2104 1835 cum

526 1890 620 1938 per
666 1875 974 1930 scissiouem
1009 1876 1231 1930 vestium
1273 1875 1510 1928 omnium
1555 1874 1621 1928 ad
1650 1889 1708 1929 se
1736 1874 1945 1928 animos
1983 1889 2106 1944 per-

523 1965 790 2031 traxisset,
823 1976 880 2019 ut
909 1966 1212 2019 damnatum
1241 1965 1465 2020 abduxit
1488 1965 1555 2019 ad
1597 1966 1860 2030 Pilatum;
1894 1965 1962 2019 ita
1991 1980 2104 2019 rem

523 2058 820 2125 ttotnpoSuit
853 2076 866 2111 :
900 2066 956 2110 at
996 2070 1178 2111 Coram
1206 2056 1373 2110 Pilato
1411 2056 1540 2111 nihil
1570 2056 1744 2111 simile
1772 2055 1975 2110 dicunt.
1999 2053 2102 2111 Sed

521 2149 683 2216 quid?
713 2148 774 2203 Si
800 2167 898 2202 non
921 2159 1049 2204 esset
1078 2151 1160 2203 hic
1185 2149 1511 2220 malefactor,
1553 2166 1653 2201 non
1681 2148 1768 2201 tibi
1809 2148 2106 2202 tradidisse-

525 2255 636 2291 nms
662 2255 772 2291 eum
808 2238 988 2305 (Joan.
1022 2239 1110 2295 18.
1138 2238 1228 2307 '50)
1253 2256 1267 2303 ;
1299 2227 1407 2293 uta
1438 2238 1660 2307 publicis
1683 2239 1994 2294 criminibus
2021 2241 2104 2310 ip-

520 2347 637 2386 sunt
664 2333 885 2387 interfici
907 2341 1177 2388 curarent.
1200 2330 1308 2387 Cur
1324 2347 1427 2384 non
1452 2332 1660 2386 occulte
1685 2330 2104 2386 interfecerunt?

524 2421 784 2476 Volebant
804 2437 998 2491 nempe
1020 2422 1212 2475 malam
1239 2421 1311 2474 illi
1341 2435 1528 2487 parere
1559 2421 1772 2473 famam.
1803 2420 1937 2488 Qnia
1963 2422 2103 2476 enim

523 2518 672 2572 mulli
697 2518 841 2572 illum
863 2516 1161 2582 audierant,
1184 2515 1578 2585 admodumque
1609 2512 1957 2580 mirabantur,
1985 2515 2106 2572 ideo

521 2625 737 2678 operam
764 2607 962 2661 dabant
992 2617 1048 2660 ιιι
1080 2605 1290 2675 publice
1314 2617 1370 2659 et
1410 2620 1590 2660 coram
1619 2605 1961 2660 multitudine
2004 2622 2102 2661 ne-

520 2707 753 2752 caretur.
783 2693 1029 2753 Christus
1056 2710 1186 2751 vero
1211 2695 1262 2750 id
1303 2711 1408 2749 non
1441 2695 1733 2763 impedivit,
1765 2694 1858 2750 sed
1889 2695 2100 2751 illorum

523 2789 756 2858 nequitia
783 2787 848 2842 ad
877 2787 1119 2843 veritatis
1143 2788 1599 2843 confirmationem
1642 2804 1768 2843 usus
1799 2800 1899 2855 est,
1933 2791 2002 2843 ita
2044 2801 2102 2844 ut

523 2895 668 2936 mors
696 2883 813 2946 ejus
837 2881 1086 2935 omnibus
1109 2889 1251 2935 esset
1275 2880 1573 2934 manifesta.
1607 2884 1680 2935 Ac
1701 2893 1886 2936 contra
1910 2883 2101 2938 accidit

519 2988 678 3042 quam
709 2973 806 3041 ipsi
838 2971 1104 3027 volebant.
1141 2971 1218 3025 Illi
1251 2987 1480 3042 namque
1525 2972 1671 3026 illum
1701 2973 1958 3028 infamare
2002 2990 2096 3028 cu-

523 3065 756 3132 piebaul,
800 3077 856 3119 ut
885 3065 1151 3120 dedecore
1178 3067 1473 3134 replerent;
1500 3067 1586 3120 ille
1617 3083 1742 3121 vero
1768 3067 1865 3122 hac
1895 3070 2100 3125 ratione

524 3158 692 3227 magis
720 3157 1034 3224 splendidus
1071 3160 1498 3228 conspicuusque
1522 3161 1708 3213 evasit.
1744 3163 1820 3215 Ac
1841 3165 2094 3230 quemad-

522 3251 735 3304 modum
759 3250 1028 3316 dicebaut,
1055 3249 1361 3305 Ocridamus
1381 3268 1512 3312 eum,
1540 3268 1602 3305 ne
1635 3254 1832 3306 reniont
1863 3252 2096 3319 Romani,

521 3352 567 3392 et
606 3342 784 3395 tollant
810 3343 1059 3395 civitatem
1089 3352 1312 3396 nostram
1338 3353 1384 3396 et
1413 3354 1607 3414 gentem
1635 3345 1653 3414 (
1673 3344 1832 3399 Jaan.
1856 3348 1942 3401 ll.
1973 3348 2095 3417 ΑΒ),

521 3448 572 3488 et
603 3445 877 3503 ilOaltlUillll
908 3435 1216 3488 occiderunt
1253 3451 1397 3499 eum,
1423 3434 1524 3490 hoc
1568 3437 1736 3505 ipsmn
1763 3439 1942 3492 evenit
1972 3457 1987 3492 :
2028 3440 2096 3494 ita

520 3535 574 3577 et
605 3540 742 3577 nunc
771 3525 976 3592 publice
1003 3523 1149 3578 illurn
1178 3525 1576 3592 crucifixeruut,
1602 3536 1660 3580 ut
1685 3529 1799 3596 ejus
1822 3531 2096 3585 existinm-

522 3613 718 3667 tioncm
753 3613 1006 3668 hedercnt
1025 3654 1040 3678 ,
1073 3622 1128 3668 et
1155 3615 1479 3669 contrarium
1506 3618 1702 3669 evenit.
1733 3618 1889 3684 Quod
1919 3620 2095 3674 autem

521 3715 833 3774 poleslalettt
863 3707 1119 3762 haberent
1147 3723 1240 3776 per
1264 3709 1470 3778 seipsos
1512 3709 1658 3762 illum
1713 3711 2092 3776 interficiendi,

519 3796 642 3850 audi
674 3797 900 3852 Pilatum
925 3797 974 3851 id
1005 3809 1331 3854 asserentem
1369 3817 1382 3850 :
1426 3801 1646 3869 Accipite
1669 3818 1784 3854 eum
1811 3819 1916 3868 vos,
1944 3814 1990 3856 et
2018 3823 2096 3859 se-

518 3887 736 3940 cundum
759 3888 916 3957 legem
941 3900 1152 3942 vestram
1166 3891 1397 3962 jitdicate
1416 3892 1578 3960 ipsum
1598 3891 1776 3960 (Joon.
1809 3894 1896 3951 l9.
1930 3897 2004 3968 6).
2028 3900 2093 3952 At

516 3977 567 4030 id
603 3979 673 4031 illi
705 3980 1006 4044 noluerunt,
1039 3991 1096 4034 ut
1119 3981 1269 4050 quasi
1299 3981 1531 4051 iniquus,
1553 3994 1809 4052 tyrannus
1833 3996 1887 4040 et
1911 3986 2095 4042 factio-

519 4083 612 4120 sus
639 4068 806 4122 occidi
827 4067 1116 4124 videretur.
1135 4071 1470 4140 Quapropter
1489 4073 1718 4128 latrones
1733 4089 1856 4129 cmn
1875 4077 1965 4129 illo
1976 4093 2098 4132 eru-

515 4159 816 4220 cillxernnt;
847 4161 1044 4214 idcirco
1063 4161 1339 4215 dicebant:
1367 4161 1491 4216 Noli
1505 4165 1717 4218 scribere
1734 4167 1869 4222 [tunc
1894 4185 1998 4222 esse
2016 4187 2096 4223 re-

509 4267 620 4319 gem
633 4248 950 4316 latinorum,
969 4253 1057 4305 sed
1073 4251 1215 4306 illum
1230 4271 1283 4308 se
1293 4271 1455 4323 regem
1469 4255 1655 4310 dixisse
1674 4257 1830 4329 (Jorm
1840 4300 1852 4312 .
1875 4261 1895 4313 Ι
1909 4260 1959 4315 9.
1979 4261 2013 4314 2
2024 4263 2038 4316 l
2049 4267 2091 4329 ).

590 4339 808 4394 Folsitns
830 4357 917 4409 per
945 4358 998 4396 se
1025 4343 1207 4396 solum.
1238 4374 1308 4384 -—
1337 4345 1459 4399 lla-c
1489 4361 1650 4416 porro
1676 4350 1850 4402 omnia
1878 4367 1976 4421 pro
2007 4369 2092 4408 vc-

511 4433 666 4485 ritate
696 4434 828 4486 facta
855 4445 998 4496 sunt,
1032 4443 1090 4487 ut
1114 4450 1180 4489 ne
1207 4437 1390 4490 umbra
1409 4438 1619 4505 quidem
1641 4440 1768 4507 ipsis
1788 4456 2092 4510 superesset

515 4523 840 4592 impudentis
865 4524 1213 4580 defensionis.
1256 4525 1311 4580 In
1360 4531 1607 4599 sepulcro
1661 4535 1786 4585 item
1818 4535 2088 4603 signacula

514 4624 566 4667 et
586 4616 838 4672 custodiae
867 4620 1070 4672 veritati
1100 4620 1439 4688 splendorem
1467 4625 1794 4680 attulerunt:
1830 4629 1970 4696 quod
2003 4630 2084 4698 ip-
2138 4634 2142 4638 '

512 4721 628 4758 sum
657 4706 802 4761 dicas
824 4707 890 4761 tle
921 4710 1550 4774 irt'isiomhns.dicteriis.
1580 4717 1938 4772 cootnmeliis.
1975 4718 2086 4772 llu‘-

502 4796 736 4863 justnodi
760 4807 841 4851 est
869 4797 1069 4853 falsitas
1099 4820 1110 4854 :
1144 4818 1237 4869 per
1259 4819 1377 4871 qua:
1418 4804 1634 4859 insidias
1667 4817 1810 4874 parat
1835 4850 1848 4864 .
1882 4825 1976 4875 per
2000 4826 2089 4864 ea-

505 4889 625 4941 dem
675 4888 985 4944 dissolvitnr
1020 4909 1031 4941 τ
1064 4893 1202 4954 quod
1236 4893 1322 4946 hic
1348 4895 1506 4948 etiam
1537 4899 1775 4966 contigit.
1827 4898 1958 4953 Nam
1993 4902 2085 4972 qui

505 4979 694 5032 vicisse
727 4980 1065 5048 putabantur,
1097 4981 1146 5035 hi
1177 4983 1406 5037 maxime
1435 4986 1636 5055 pudore
1662 4989 1836 5045 allecti
1859 5034 1874 5058 ,
1907 5001 1957 5048 et
1988 5008 2083 5048 su-

505 5071 669 5139 perati
705 5074 1006 5139 perierunt:
1038 5075 1127 5144 qui
1159 5091 1286 5129 vero
1317 5076 1487 5132 virtus
1513 5094 1633 5134 esse
1652 5082 1966 5148 videbatur.
1999 5085 2084 5141 hic

505 5164 736 5218 maxime
763 5164 968 5219 refulsit
1001 5178 1052 5220 et
1087 5169 1360 5222 victoriam
1386 5173 1585 5227 retulit.
1626 5173 1702 5229 Ne
1731 5192 1858 5246 ergo
1885 5178 2081 5248 ubique

502 5267 777 5308 \‘lClOl'lilln
805 5273 1126 5326 quil‘mllllls.
1162 5277 1257 5316 nec
1283 5278 1496 5334 semper
1527 5267 1764 5334 superari
1783 5283 2078 5324 vereamur.

503 5345 596 5398 Est
625 5362 745 5401 cum
776 5350 992 5404 victoria
1048 5367 1237 5406 noxam
1280 5356 1434 5408 affert
1453 5396 1470 5421 ,
1498 5357 1680 5410 clades
1723 5373 1848 5412 vero
1878 5361 2079 5415 utilita-

502 5451 630 5497 to-tn.
659 5441 790 5498 Nam
819 5443 954 5498 inter
979 5461 1092 5511 eos,
1123 5448 1211 5516 qui
1245 5447 1316 5499 ira
1350 5448 1766 5517 inflammantur,
1804 5453 1848 5506 is
1889 5455 2080 5511 vicisse

510 5533 711 5587 videtur
740 5533 831 5605 qni
863 5537 1042 5604 plures
1069 5539 1688 5608 ecutnmeliasjactavit;
1732 5543 1825 5598 sed
1853 5543 1939 5600 hic
1966 5523 2077 5614 ipse

498 5641 520 5671 τι
547 5626 861 5693 gravis-sinito
886 5627 1074 5681 morbo
1096 5640 1375 5697 superatus
1404 5642 1456 5685 et
1485 5631 1646 5688 lmsus
1671 5645 1754 5688 est
1787 5653 1800 5686 :
1831 5636 1920 5705 qui
1952 5653 2076 5692 vero

505 5714 555 5767 id
578 5713 784 5769 fortiter
812 5718 928 5770 tnlit
956 5760 968 5778 ,
1001 5717 1042 5771 is
1073 5718 1195 5772 vit-it
1222 5731 1272 5773 et
1317 5726 1604 5790 superavit.
1632 5723 1697 5779 Et
1729 5725 1817 5781 ille
1859 5727 2073 5796 quidem

500 5823 670 5875 Leqne
690 5811 958 5878 proprium
989 5813 1228 5866 tum-hum
1252 5818 1587 5887 exstinguere
1616 5819 1782 5888 potuit
1804 5835 1817 5880 ;
1839 5819 1924 5875 hic
1945 5823 2070 5876 alie-

1257 393 1312 450 S.
1351 390 1626 448 JOANNIS
1659 385 2129 445 CllRYSOSTOMI
2171 386 2486 444 AllClllEP.
2525 386 3053 446 CONSTANTINOP.

3713 393 3821 451 ἳὲθθ

2225 538 2351 577 num
2387 523 2624 579 sustulit.
2685 523 2777 578 Ille
2818 539 2849 577 a
2897 538 2997 578 suo
3033 521 3205 577 victus
3247 532 3366 588 est;
3394 523 3482 578 hic
3526 523 3598 581 de
3637 527 3823 584 aheno

2226 613 2587 683 triumphavit,
2622 627 2722 667 nec
2750 613 2911 668 modo
2944 613 3058 684 ipse
3080 630 3187 667 non
3217 613 3441 670 adustus
3467 625 3553 672 est
3581 657 3598 679 ,
3638 617 3734 671 sed
3765 629 3823 673 t-t

2223 706 2440 762 alterius
2468 705 2734 760 ﬂammam
2766 707 3128 776 insurgentem
3153 706 3423 761 restinxit.
3451 706 3506 761 Si
3535 716 3720 762 autem
3748 724 3818 764 ea

2222 812 2342 867 qua:
2365 797 2644 852 videbatur
2668 811 2789 852 esse
2810 797 3027 850 victoria
3063 797 3220 867 potiri
3249 797 3527 860 voluisset,
3544 800 3663 868 ipse
3684 817 3820 868 quo-

2220 903 2324 958 que
2345 888 2516 944 victus
2544 889 2751 955 fuisset,
2774 899 2830 944 et
2856 890 3223 945 adversarium
3241 891 3410 961 magis
3427 889 3818 947 inﬂammasset

2219 996 2284 1035 ac
2308 981 2553 1049 ltesisset,
2581 991 2635 1037 et
2655 991 2714 1038 ut
2741 984 2979 1038 rixantes
3009 985 3282 1048 mulieres,
3311 985 3470 1039 ambo
3503 990 3738 1054 turpiter
3765 997 3822 1040 et

2220 1072 2601 1128 miserabiliter
2623 1074 2692 1129 ab
2720 1074 2797 1128 ira
2827 1076 3078 1143 prosrati
3111 1073 3357 1129 fuissent.
3384 1074 3537 1130 Nunc
3572 1087 3755 1130 autem
3789 1095 3818 1128 ει

2219 1164 2308 1219 tali
2331 1164 2598 1220 dedecore
2623 1177 2840 1236 ereptus
2867 1167 2913 1220 is
2937 1167 3027 1235 qui
3053 1166 3460 1234 philosophatus
3489 1177 3594 1228 est.
3625 1168 3814 1236 splen-

2217 1255 2402 1312 didum
2431 1267 2690 1326 tropmum
2719 1267 2772 1311 et
2795 1259 2846 1312 in
2877 1273 2936 1312 se
2958 1270 3007 1312 et
3043 1259 3095 1312 in
3123 1259 3432 1313 adversario
3459 1269 3648 1313 contra
3677 1261 3816 1314 iram

2215 1347 2409 1412 erexit,
2441 1347 2660 1418 quando
2690 1349 2931 1418 superari
2963 1351 3109 1404 visus
3128 1359 3231 1404 est.
3290 1382 3313 1399 .

2285 1439 2339 1494 4.
2384 1437 2514 1493 Vero
2563 1441 2769 1494 victoria
2813 1456 2906 1508 per
2958 1441 3254 1509 patientiam
3280 1451 3589 1509 reportatur.
3615 1471 3691 1484 —
3713 1443 3812 1507 Ne.

2215 1548 2421 1601 qumso,
2451 1534 2645 1604 ubique
2674 1534 2952 1588 victoriam
2976 1548 3300 1603 quaeramus.
3330 1532 3491 1589 Certe
3520 1535 3610 1602 qui
3645 1535 3808 1601 la-sit,

2214 1623 2401 1679 larsum
2422 1625 2567 1692 vicit,
2599 1623 2691 1679 sed
2719 1625 3018 1696 perniciosa
3041 1625 3262 1680 victoria
3283 1664 3300 1691 ,
3325 1640 3445 1696 qua:
3470 1626 3703 1680 exitium
3737 1628 3809 1678 vi.

2213 1717 2346 1770 ctori
2373 1715 2560 1771 aﬂ'erat
2592 1733 2605 1771 :
2631 1719 2722 1787 qui
2750 1731 2879 1772 vero
2896 1716 3056 1771 la3sus
3082 1726 3163 1771 est
3193 1726 3248 1772 et
3273 1717 3442 1772 victus
3470 1717 3686 1773 videtur
3720 1762 3735 1783 ,
3763 1721 3810 1774 si

2213 1806 2513 1877 philosophi
2550 1822 2701 1861 more
2741 1806 2794 1860 id
2822 1805 2990 1872 ferat,
3024 1806 3110 1862 hic
3137 1821 3263 1862 vere
3291 1822 3551 1863 coronam
3597 1810 3803 1864 retulit.

2212 1899 2367 1970 Stepe
2399 1917 2637 1973 namque
2678 1905 2922 1973 superari
2955 1905 3150 1960 melius
3189 1914 3311 1961 est:
3345 1906 3430 1961 hic
3472 1921 3640 1975 porro
3667 1909 3810 1975 cpti-

2211 2009 2330 2048 mus
2355 2003 2438 2048 est
2476 1996 2714 2051 victoria:
2749 1998 2960 2054 modus.
2991 1997 3122 2053 Nam
3153 1999 3266 2052 sive
3293 2000 3412 2069 quis
3435 2001 3609 2069 rapiat
3643 2040 3658 2066 ,
3691 2002 3807 2055 sive

2211 2086 2489 2154 percutiat,
2517 2089 2636 2142 sive
2667 2088 2902 2145 invideat
2935 2133 2949 2152 ,
2995 2091 3082 2160 qui
3117 2091 3344 2145 vincitur
3369 2132 3386 2157 ,
3418 2105 3518 2145 nec
3553 2107 3658 2145 una
3679 2107 3806 2147 cum

2209 2175 2300 2230 illo
2319 2178 2613 2244 contendit,
2637 2179 2682 2234 is
2711 2196 2836 2236 vere
2863 2182 3033 2236 victor
3057 2190 3158 2237 est.
3185 2183 3382 2251 Ecquid
3409 2184 3604 2254 loquor
3622 2183 3694 2238 de
3723 2199 3812 2240 ra.

2209 2269 2332 2339 pina
2363 2279 2416 2325 et
2440 2271 2633 2326 invidia
2662 2273 2687 2326 ?
2713 2273 2812 2340 Qui
2840 2273 2906 2327 ad
2938 2275 3249 2345 martyrium
3277 2274 3509 2329 trahitur
3532 2316 3546 2337 ,
3580 2275 3655 2329 ita
3686 2278 3809 2329 vin-

2208 2361 2301 2426 cit,
2328 2363 2557 2426 vinctus.
2589 2363 2902 2436 flagellalus,
2933 2367 3510 2437 concisus,jugulatus.
3544 2370 3611 2421 At
3635 2383 3722 2433 me
3750 2379 3808 2421 ut

2212 2450 2263 2505 itt
2292 2452 2444 2507 bellis
2471 2454 2608 2509 vinci
2635 2455 2830 2510 dicitur
2867 2455 2912 2510 is
2935 2456 3024 2526 qui
3053 2456 3197 2512 cadit
3224 2499 3239 2521 ,
3275 2456 3505 2527 idipsum
3533 2457 3679 2526 apud
3708 2476 3810 2512 nos

2211 2543 2430 2598 victoria
2462 2553 2567 2600 est.
2599 2544 2872 2616 Nusquam
2903 2548 3047 2602 enim
3078 2548 3214 2602 male
3241 2557 3460 2616 agentes
3490 2549 3764 2604 vincimus
3788 2592 3804 2616 ,

2208 2636 2302 2689 sed
2331 2636 2526 2705 ubique
2549 2637 2684 2690 mala
2709 2641 2991 2708 patientes.
3015 2638 3164 2694 Tunc
3185 2639 3615 2709 splendidissima
3635 2643 3808 2697 victo-

2197 2727 2343 2806 toria
2365 2735 2466 2793 est,
2492 2743 2613 2784 cum
2637 2727 2887 2798 patiendo
2919 2741 3174 2787 nocentes
3204 2731 3488 2789 vincimus.
3529 2732 3667 2788 llinc
3709 2749 3806 2789 os-

2209 2820 2444 2875 tenditur
2469 2838 2496 2873 a
2529 2821 2642 2888 Deo
2679 2837 2800 2877 esse
2840 2822 3116 2877 victoriam
3142 2865 3157 2886 .
3190 2839 3308 2893 quae
3348 2835 3595 2879 naturam
3637 2825 3810 2881 habet

2206 2913 2534 2966 contrariam
2565 2923 2802 2968 externa:
2830 2913 2903 2967 illi
2936 2913 3171 2969 victoriae
3203 2931 3217 2967 :
3248 2914 3406 2985 idque
3428 2917 3662 2971 maxime
3692 2915 3807 2969 for-

2208 3003 2447 3056 titudinis
2473 3013 2842 3073 argumentum
2866 3013 2969 3058 est.
2997 3003 3087 3060 Sic
3109 3007 3325 3060 marina-
3348 3016 3510 3076 petrae
3529 3023 3806 3075 percussa:

2206 3094 2399 3149 lluctus
2439 3095 2739 3149 dissolvunt
2771 3113 2784 3147 :
2819 3095 2897 3149 sic
2924 3097 3092 3150 sancti
3124 3111 3313 3151 onmes
3351 3097 3610 3153 celebrati
3639 3114 3795 3153 coro-

2207 3201 2326 3238 nam
2351 3185 2664 3242 rctnleruut.
2700 3184 3083 3255 splendidaque
3103 3193 3300 3257 tr0psra
3321 3199 3633 3252 erexerunt,
3659 3189 3803 3246 hanc

2206 3291 2312 3328 non
2341 3276 2671 3330 contentiose
2697 3277 2970 3331 victoriam
3001 3279 3344 3348 consequuti;
3367 3279 3444 3333 Ne
3469 3290 3521 3334 te
3551 3296 3799 3346 moveas,

2209 3367 2372 3436 inquit
2403 3408 2418 3433 ,
2453 3382 2551 3421 nec
2579 3366 2925 3437 dcfatigcris:
2963 3369 3103 3424 lteus
3131 3369 3268 3424 hanc
3295 3371 3388 3425 tibi
3421 3371 3798 3430 fortitudinem

2207 3456 2414 3520 indidit,
2449 3468 2630 3512 utnon
2653 3474 2716 3513 ex
2738 3475 3025 3529 congressu
3050 3461 3254 3528 vincas,
3275 3462 3368 3518 sed
3393 3465 3643 3532 patiendo
3675 3477 3800 3522 tan-

2206 3559 2336 3603 tmn.
2386 3550 2461 3603 Ne
2501 3551 2668 3606 at-iem
2713 3552 2944 3607 instruas
2973 3594 2990 3618 ,
3038 3562 3095 3609 et
3133 3556 3409 3612 victoriam
3450 3558 3657 3614 referes
3686 3578 3700 3612 :
3728 3578 3800 3618 ne

2202 3644 2596 3712 congrediaris,
2630 3654 2684 3697 et
2720 3647 3100 3710 coronabcris;
3157 3649 3312 3718 longe
3358 3647 3552 3704 fortior
3601 3661 3798 3722 poten-

2207 3738 2414 3805 tiorque
2458 3753 2516 3791 cs
2564 3737 2872 3792 adversario
2901 3749 3009 3795 tuo.
3043 3739 3152 3794 Cur
3178 3752 3229 3796 te
3259 3742 3528 3798 dedecore
3569 3747 3748 3802 aflicis
3772 3748 3800 3802 ἲ

2203 3827 2279 3882 Ne
2305 3827 2402 3882 des
2431 3828 2505 3882 illi
2534 3829 2706 3883 locum
2736 3829 2947 3885 dicendi
2988 3840 3041 3886 te
3078 3847 3426 3903 congressum
3457 3835 3670 3900 vit-isse,
3699 3840 3794 3893 sed

2205 3919 2446 3986 relinque
2477 3919 2620 3972 illttm
2668 3931 2970 3991 stupentem
3022 3932 3182 3993 atque
3234 3925 3486 3980 invictam
3536 3928 3793 3983 virtutem

2205 4021 2346 4064 luam
2385 4011 2666 4066 iuit-autem
2697 4054 2711 4078 ,
2750 4014 3104 4086 omnilmsque
3131 4016 3400 4072 dicentem
3427 4027 3477 4073 te
3505 4023 3626 4074 sine
3656 4037 3794 4078 con-

2200 4120 2388 4169 gressu
2419 4105 2626 4159 vicisse.
2661 4105 2750 4160 Sic
2770 4117 2824 4160 et
2851 4109 3039 4164 beatus
3067 4109 3265 4177 Ioseph
3310 4110 3500 4182 ubique
3528 4115 3794 4182 praedica-

2203 4208 2288 4249 tur
2315 4239 2330 4260 ,
2367 4197 2506 4267 quod
2539 4197 2677 4251 male
2723 4199 2972 4267 patiendo
3021 4203 3218 4256 malum
3255 4203 3546 4259 inferentes
3576 4206 3791 4264 vicerit.

2199 4287 2328 4341 Nam
2361 4288 2694 4342 insidiatores
2724 4289 2796 4342 illi
2831 4290 2978 4346 t’uere
3007 4291 3195 4346 fratres
3227 4302 3280 4347 et
3304 4292 3549 4364 [Egyptia
3571 4299 3790 4355 mulier:

2199 4396 2378 4433 verum
2408 4389 2595 4434 omu‘es
2635 4382 2722 4435 ille
2755 4384 3048 4449 superavit.
3086 4383 3162 4439 Ne
3189 4384 3317 4438 mihi
3344 4403 3619 4443 eareet‘eut
3650 4430 3668 4455 ,
3699 4393 3792 4448 tibi

2196 4475 2483 4527 conclusus
2515 4475 2630 4539 fuit,
2665 4491 2729 4530 ne
2760 4477 2981 4546 regiam,
3016 4478 3100 4532 ubi
3129 4490 3335 4535 versata
3381 4494 3458 4536 est
3493 4483 3579 4537 illa
3602 4527 3618 4547 ,
3650 4487 3792 4541 all-9-

2196 4579 2289 4632 ges
2318 4582 2332 4626 ;
2365 4565 2457 4619 scd
2489 4567 2714 4621 oSIendc
2739 4568 2866 4623 mihi
2899 4570 3018 4638 quis
3043 4572 3233 4633 victus.
3257 4575 3379 4643 quis
3399 4576 3567 4631 victor
3597 4576 3785 4645 fuerit,

2195 4657 2312 4725 quis
2344 4657 2395 4709 in
2424 4672 2653 4712 mmrore
2682 4657 2840 4712 fuerit
2871 4701 2884 4720 ,
2923 4662 3043 4729 quis
3088 4662 3139 4716 in
3192 4664 3482 4735 Voluptate.
3516 4667 3606 4722 Illa
3637 4670 3788 4726 enim

2195 4765 2298 4802 non
2328 4748 2486 4802 modo
2512 4752 2734 4817 justum,
2767 4750 2859 4806 sed
2891 4767 2988 4804 nec
3011 4754 3170 4806 animi
3203 4758 3447 4812 morbum
3474 4773 3630 4814 suum
3663 4766 3788 4816 vin-

2193 4855 2317 4894 t-ere
2347 4842 2556 4909 potuit:
2590 4843 2677 4895 ille
2720 4859 2848 4897 vero
2879 4855 2928 4896 et
2958 4843 3100 4898 illam
3134 4855 3186 4899 et
3220 4849 3596 4917 gravissimum
3631 4869 3787 4907 mm-

2194 4933 2315 4987 bnnt
2341 4936 2627 5002 superavit.
2658 4935 2712 4990 Si
2739 4937 2837 4998 vis,
2874 4939 2981 5003 ipsa
3012 4940 3168 4993 verba
3199 4941 3405 5007 audias,
3433 4955 3488 4998 et
3513 4953 3782 5014 tropannn

2195 5023 2396 5079 videbis
2423 5025 2438 5057 ⁸
2466 5043 2479 5078 :
2505 5026 2777 5080 Adduxiin
2798 5028 2938 5082 nobis
2958 5031 3056 5082 Imc
3075 5046 3282 5096 puerum
3313 5031 3604 5103 Hebramm,
3630 5039 3784 5094 mw.

2191 5115 2382 5171 luderet
2405 5119 2546 5173 nobis
2577 5118 2729 5190 (Gen.
2763 5121 2853 5175 39.
2891 5123 2998 5190 li).
3030 5121 3142 5176 Non
3171 5125 3259 5179 ille
3283 5124 3472 5190 illusit,
3496 5146 3530 5180 o
3557 5132 3781 5195 misera.

2187 5211 2279 5265 sed
2310 5210 2570 5276 diabolus,
2602 5213 2690 5282 qni
2713 5214 2866 5277 dixit,
2895 5225 2950 5268 te
2972 5229 3128 5286 posse.
3149 5216 3488 5275 adamantem
3505 5222 3778 5295 frangere:

2189 5321 2293 5360 non
2314 5305 2402 5360 ille
2419 5306 2509 5360 tihi
2529 5306 2735 5360 induxit
2757 5323 2979 5377 puerum
2998 5308 3277 5365 Hebraeum
3301 5313 3389 5380 qui
3411 5313 3776 5380 insidiaretur.

2187 5397 2280 5452 sed
2301 5398 2558 5466 malignus
2573 5400 2780 5452 tla~ntou
2803 5400 2890 5468 qui
2908 5400 3168 5469 impuram
3185 5401 3453 5459 lasciviam
3483 5407 3695 5473 indidit,
3732 5412 3776 5464 is

2187 5489 2278 5542 tibi
2312 5490 2493 5544 illusit.
2518 5489 2652 5557 Quid
2681 5506 2810 5560 ergo
2839 5491 3035 5561 .loseph
3057 5494 3080 5545 Τ
3102 5492 3266 5547 Tacet
3291 5536 3307 5560 ,
3349 5507 3510 5563 atque
3538 5500 3607 5553 ita
3639 5517 3770 5554 eon-

2184 5582 2487 5648 dentnatur,
2519 5585 2964 5653 quematltnmlum
3019 5595 3072 5639 et
3123 5585 3388 5642 Christus.
3426 5589 3516 5644 Illa
3576 5595 3773 5666 quippe

2181 5676 2359 5730 omnia
2386 5675 2575 5730 horum
2596 5688 2742 5732 erant
2771 5677 2970 5748 figurae.
2997 5679 3059 5733 Et
3083 5679 3170 5734 ille
3196 5679 3409 5751 quidem
3437 5682 3490 5738 in
3521 5684 3771 5754 vinculis,

2244 5835 2260 5864 ¹
2288 5834 2400 5890 Alii,
2424 5841 2464 5881 et
2490 5831 2668 5882 ridebis
2700 5832 2934 5896 q-mimdo
2967 5833 3152 5883 cladem
3186 5843 3430 5899 mentitam
3454 5849 3680 5899 argum.
