4050 6428
200 427 320 485 757

198 537 304 593 illa
333 538 385 591 in
406 533 550 606 regia
577 542 715 591 erat.
744 532 811 587 Et
840 530 967 602 quid
997 532 1143 587 hoc?
1173 530 1263 588 Ille
1322 545 1547 603 namque
1574 540 1691 586 erat
1714 544 1808 586 co-

196 637 409 685 ronato
436 628 628 698 quovis
651 625 1010 696 splendidior,
1033 626 1137 681 etsi
1156 625 1363 681 catenis
1385 633 1615 680 otitistus
1646 641 1661 677 :
1692 620 1808 678 haec

197 736 343 776 vero
368 721 548 775 vineta
574 718 766 789 quovis
786 716 1039 773 miserior
1066 718 1120 771 in
1152 717 1317 787 regiis
1346 716 1595 770 thalamis
1625 729 1810 770 versa-

197 823 390 867 natur.
420 811 526 866 Sed
550 826 654 865 non
684 808 808 863 hinc
840 810 1038 871 solum,
1065 808 1161 864 sed
1190 810 1259 864 ah
1278 808 1398 879 ipso
1423 809 1571 864 exitu
1592 816 1649 863 ct
1679 807 1805 874 line,

194 912 257 956 et
301 904 583 957 victoriam
621 909 677 955 et
718 898 928 956 cladem
958 899 1141 955 videre
1165 900 1310 955 licet.
1336 900 1465 968 Quis
1490 900 1635 955 enim
1665 899 1808 971 quod

193 994 380 1048 voluit
403 1004 595 1047 nactus
619 1001 722 1057 est,
754 992 966 1047 vinctus
993 1006 1061 1047 an
1084 994 1269 1062 regina
1300 993 1317 1024 ¹
1340 994 1365 1045 ‘l
1383 993 1480 1049 ille
1506 993 1808 1053 castitatem

192 1098 437 1139 scrvare
459 1093 687 1138 conatus
708 1090 791 1139 est
815 1122 830 1147 ,
863 1082 954 1137 illa
984 1082 1198 1152 eripere
1224 1083 1407 1138 voluit.
1438 1083 1569 1152 Quis
1594 1098 1724 1155 ergo
1755 1083 1809 1139 id

268 1284 288 1313 ι
325 1281 525 1341 Quidam
548 1281 791 1331 trabem...
816 1287 991 1330 Nactus
1021 1286 1093 1331 est
1111 1276 1137 1328 .’
1157 1279 1359 1339 vinctus,
1378 1279 1465 1329 sed
1499 1291 1594 1329 non
1617 1278 1803 1344 regina.

1107 420 1174 477 lN
1214 418 1623 478 ΜΑΤΊῊᾸΞΠΜ
1656 416 1886 474 1103111..
1930 415 2196 472 LXXXV.
2240 417 2309 471 al.
2355 415 2638 471 LXXXVI.

3421 413 3524 470 758

1912 530 2055 600 quod
2088 528 2298 584 volebat
2338 529 2517 585 ell‘ccit
2543 536 2569 585 't
2589 530 2679 600 qui
2721 529 2863 585 male
2914 543 3104 600 passus
3132 539 3216 585 est
3246 572 3262 599 ,
3304 545 3372 585 an
3400 546 3524 602 quze

1910 620 2053 676 male
2080 620 2206 676 fecit
2230 620 2255 673 ἲ
2285 621 2512 676 Planum
2540 630 2624 675 est
2645 636 2770 677 eum
2792 620 2884 692 qui
2904 620 3047 676 male
3075 635 3265 692 passus
3290 632 3397 677 est.
3420 622 3520 679 llic

1912 728 2044 785 ergo
2072 723 2157 770 est
2182 716 2272 785 qui
2302 715 2448 770 vicit.
2474 714 2601 770 “me
2625 730 2750 770 cum
2765 714 3002 770 sciamus
3030 756 3047 780 ,
3080 715 3220 771 hanc
3248 716 3526 788 patientia

1913 806 2191 862 victoriam
2219 821 2606 876 persequamur
2635 823 2650 873 ;
2684 806 2829 863 illam
2855 822 2987 862 vero
3008 806 3255 877 iniuriam
3282 806 3524 864 inferen-

1914 902 2046 957 tium
2093 900 2379 971 fugiamus.
2425 900 2517 955 Sic
2544 900 2691 957 enim
2722 908 3048 969 praesentem
3078 899 3247 954 vitam
3288 901 3526 971 negotiis

1916 994 2139 1049 liberam
2174 1001 2232 1049 et
2269 1007 2498 1063 prorsus
2537 991 2884 1061 tranquillam
2914 990 3183 1045 ducemus
3216 1030 3232 1053 ,
3262 1000 3319 1045 et
3345 990 3523 1046 futura

1914 1086 2056 1142 bona
2076 1101 2474 1156 consequemur
2496 1128 2511 1153 ,
2534 1086 2704 1157 gratia
2736 1094 2792 1140 et
2820 1083 3155 1153 benignitate
3181 1082 3396 1138 Domini
3419 1098 3524 1139 no-

1912 1180 2012 1235 stri
2040 1178 2169 1235 Jesu
2196 1178 2399 1233 Christi
2424 1221 2440 1243 ,
2472 1178 2562 1234 cui
2597 1178 2768 1250 gloria
2807 1189 2865 1233 et
2906 1176 3192 1247 imperium
3246 1176 3300 1231 in
3328 1177 3522 1232 sarcula

1913 1270 2256 1326 macularum.
2283 1271 2477 1325 Amen.

204 1378 3517 1405 _____________________________________________________.

1250 1456 1595 1518 HOMILIA
1641 1455 1967 1517 LXXXV.
2012 1456 2099 1517 al.
2144 1456 2504 1517 LXXXVI.

190 1584 336 1639 Car.
388 1580 481 1636 26.
537 1596 589 1634 ν.
640 1580 729 1635 67.
776 1576 922 1633 Tum:
950 1587 1197 1649 spumat
1244 1581 1299 1632 in
1348 1578 1532 1649 faciem
1572 1579 1683 1646 ejus
1711 1620 1727 1643 ,
1755 1587 1804 1630 et

274 1671 521 1741 colaphis
550 1686 667 1723 eum
692 1669 979 1723 ceciderunt
1006 1684 1024 1732 ,'
1065 1668 1157 1721 alii
1190 1678 1362 1722 autem
1399 1668 1597 1738 palmas
1638 1670 1691 1721 iu
1716 1667 1805 1737 fa-

270 1767 405 1817 cient
444 1764 556 1834 ejus
584 1760 853 1825 dederunt,
882 1759 979 1825 68,
1000 1759 1219 1821 dicentes
1238 1776 1257 1812 :
1284 1758 1598 1828 Prophetisa
1622 1759 1763 1815 nobis
1782 1797 1801 1825 .

270 1856 498 1918 Christe,
525 1854 640 1924 quis
661 1862 732 1907 est
760 1853 850 1923 qui
874 1864 922 1905 to
942 1852 1192 1921 percussit
1218 1852 1245 1905 2
1281 1861 1388 1908 etc.

277 1961 332 2012 1.
366 1956 670 2009 Juda'orum
696 1955 893 2025 objecta
919 1953 1212 2013 crudelitas.
1244 1950 1689 2024 anngelistarunt
1714 1967 1804 2006 ve-

192 2051 395 2103 rucitas
413 2046 925 2103 admiratum—Cur
951 2045 1053 2101 hoc
1078 2044 1346 2099 faciebant
1364 2087 1379 2111 ,
1412 2060 1535 2099 cum
1564 2046 1797 2100 occisuri

196 2142 360 2195 illiilli
387 2149 572 2195 essent
601 2138 772 2209 iquid
791 2152 931 2206 Opus
959 2136 1266 2207 huiusmodi
1291 2136 1582 2201 comedis,
1616 2136 1719 2192 nisi
1748 2147 1809 2191 ut

196 2231 511 2302 petulantes
540 2231 756 2285 illorum
786 2245 967 2285 mores
993 2229 1045 2284 in
1073 2228 1326 2283 omnibus
1363 2236 1677 2298 perspectos
1706 2230 1806 2283 ha-

197 2326 336 2380 beas
362 2324 494 2394 ?qui
518 2323 676 2395 quasi
704 2332 899 2377 venatu
928 2321 1165 2386 invento,
1194 2322 1274 2377 sic
1301 2336 1454 2376 suam
1478 2320 1806 2376 exercebant

195 2416 574 2486 petulantiam,
595 2414 905 2485 insaniaque
926 2413 1135 2484 repleti,
1157 2412 1259 2467 hoc
1282 2413 1434 2481 quasi
1456 2412 1648 2467 festum
1665 2412 1807 2469 celo.

198 2510 454 2573 brahant,
466 2525 586 2564 cum
598 2508 869 2577 voluptate
882 2506 1167 2572 irruentes,
1183 2506 1614 2576 etsanguinarios
1628 2521 1805 2561 mores

193 2597 627 2655 exhibentes.’l‘u
642 2597 1185 2669 verodiscipulorum,
1201 2596 1315 2653 hac
1330 2611 1453 2653 cum
1469 2605 1615 2652 tanta
1637 2612 1802 2654 accu-

195 2695 413 2749 ratione
434 2693 789 2759 narrantiuuz,
811 2691 1205 2762 philosophiam
1230 2690 1461 2747 mireris.
1484 2690 1634 2747 Unde
1648 2706 1805 2747 amur

195 2785 445 2840 veritatis
459 2786 514 2839 in
546 2784 649 2838 illis
661 2783 1076 2849 demonstratur,
1111 2785 1235 2856 quia
1263 2800 1383 2854 qua:
1400 2783 1659 2853 probrosa
1680 2800 1803 2840 esse

196 2877 548 2943 videbantur,
573 2891 695 2931 cum
716 2876 862 2930 onmi
881 2876 1105 2930 veritate
1121 2884 1365 2941 narrant,
1395 2874 1526 2930 nihil
1541 2875 1798 2941 celantes,

195 2986 307 3025 uun
334 2969 737 3034 erubescentes,
760 2968 853 3024 sed
880 2970 1101 3039 gloriam
1138 2978 1383 3036 putantes
1405 2969 1715 3035 maximam,
1742 2979 1803 3024 ut

196 3076 389 3115 ιιενιοη
411 3070 549 3124 erat,
574 3060 717 3131 quod
736 3060 991 3116 Dominus
1012 3059 1158 3115 orbis
1182 3059 1305 3113 talia
1323 3074 1418 3128 pro
1440 3059 1595 3114 nobis
1612 3075 1803 3129 passus

193 3161 362 3207 esset.
393 3150 504 3207 lloc
527 3152 644 3221 ejus
660 3150 1049 3222 providentiam
1071 3150 1395 3207 iuell'abilem
1426 3191 1443 3215 ,
1477 3150 1802 3223 illorumque

194 3244 495 3311 nequitiam
518 3244 672 3298 venia
696 3242 967 3314 indignam
995 3242 1329 3311 comprobat,
1354 3243 1449 3314 qui
1481 3242 1606 3297 talia
1627 3244 1797 3299 aude-

194 3322 334 3377 bant
393 3332 585 3377 contra
632 3323 818 3378 mitem
864 3334 1324 3395 mansuetumque
1377 3324 1551 3387 illum,
1597 3325 1792 3395 hisque

193 3409 325 3465 illos
354 3410 537 3466 verbis
574 3413 994 3481 compellantem
1024 3428 1148 3483 qua:
1173 3412 1382 3468 leonem
1406 3429 1607 3483 agnum
1642 3416 1790 3472 face-

196 3515 258 3554 re
284 3500 619 3571 potuissent.
643 3500 789 3557 Nihil
811 3505 982 3570 enim,
1022 3504 1157 3559 nihil
1181 3504 1263 3559 vel
1292 3503 1385 3559 ille
1406 3508 1785 3561 mansuetudi-

195 3589 304 3654 nis,
322 3592 406 3646 vel
431 3591 504 3646 illi
521 3593 865 3647 contumeliae
876 3594 1286 3650 etcrudelitatis
1300 3608 1444 3651 retro
1457 3597 1796 3667 reliquerunt

193 3694 292 3735 seu
308 3679 475 3737 lactis
492 3698 586 3737 seu
607 3683 811 3739 verbis.
832 3682 966 3751 Qua
980 3686 1164 3739 omnia
1180 3683 1355 3743 lsaias
1372 3689 1637 3758 propheta
1659 3706 1792 3761 pra:-

193 3774 492 3838 uuntiavit,
533 3790 644 3829 uno
679 3779 846 3832 verbo
888 3791 1107 3832 omnem
1142 3780 1533 3836 contumeliam
1574 3783 1787 3839 descri-

199 3858 342 3915 bens
376 3880 389 3914 :
428 3858 890 3925 Quemadmodum
945 3864 1314 3935 obstupescent
1365 3884 1524 3937 super
1542 3880 1590 3923 te
1615 3870 1793 3938 multi,

192 3950 271 4002 sic
330 3950 595 4021 inglorius
645 3952 746 4006 erit
777 3954 919 4023 apud
981 3956 1218 4011 homines
1280 3969 1527 4027 espectus
1566 3970 1714 4026 tuus,
1743 3974 1795 4017 et

191 4038 371 4107 gloria
398 4051 489 4093 tua
519 4041 657 4094 inter
677 4043 818 4111 ﬁlios
843 4043 1112 4097 hominum
1140 4048 1159 4115 (
1190 4045 1328 4103 Isai.
1356 4048 1443 4103 52.
1484 4050 1611 4120 11).
1652 4052 1794 4119 Quid

201 4126 335 4183 huic
364 4130 715 4185 contumelia:
740 4148 836 4196 par
864 4133 1031 4187 fuerit
1056 4134 1078 4187 ’ἒ
1100 4134 1156 4187 lu
1188 4135 1382 4191 faciem
1414 4136 1587 4204 illam,
1621 4158 1814 4209 quam-

193 4214 387 4271 Videus
409 4230 559 4271 mare
575 4218 872 4272 reveritum
892 4230 1000 4284 est,
1022 4238 1190 4291 quam
1219 4223 1272 4279 in
1294 4239 1461 4281 cruce
1478 4226 1559 4282 sol
1578 4229 1791 4298 videns,

192 4302 379 4354 radios
426 4317 561 4357 suos
584 4304 691 4358 alio
725 4316 923 4361 avet-tit
955 4310 967 4336 ³
996 4350 1010 4371 ,
1041 4311 1443 4379 conspuchant.
1479 4314 1668 4385 alapas
1689 4317 1795 4371 im-

196 4387 515 4457 pingehant,
535 4390 654 4458 ejus
676 4398 1249 4464 caputpercuticbant,
1271 4399 1487 4458 insania
1505 4418 1603 4459 sua
1626 4420 1792 4475 supra

204 4478 429 4531 modum
451 4476 685 4548 abrepti.
704 4480 899 4552 Plagas
918 4487 1063 4538 enim
1084 4490 1331 4543 omnium
1350 4494 1793 4548 contumeliosis-

198 4562 373 4620 simas
407 4565 731 4631 intulerunt,
785 4571 1030 4640 colaphis
1065 4576 1357 4639 cit-dentes,
1391 4581 1788 4647 percutientis.

195 4650 483 4723 plagisque
500 4665 787 4723 sputornm
807 4661 1118 4714 convicium
1136 4664 1481 4720 addiderunt.
1504 4666 1794 4739 Verbaque

197 4753 396 4797 rursus
414 4740 710 4799 derisionis
730 4746 888 4813 plena
924 4748 1294 4816 profert-bant,
1315 4752 1563 4809 dicentes
1590 4772 1604 4809 :
1648 4753 1789 4809 Pro-

196 4828 411 4893 pltetisa
443 4831 615 4897 nobis,
650 4830 795 4885 Chri:
816 4848 880 4893 fe,
906 4853 1021 4904 quis
1055 4849 1132 4890 est
1162 4842 1252 4905 qui
1272 4844 1589 4907 repercussit
1612 4845 1789 4911 ?quoo

191 4914 340 4970 uiam
361 4917 545 4987 ipsum
575 4935 696 4973 esse
725 4923 1044 4991 prophetam
1067 4928 1313 4994 plerique
1330 4929 1610 4985 dicebant.
1633 4930 1791 4988 Alius

191 5000 366 5067 (Luc.
398 5005 489 5060 92.
515 5006 585 5061 64
616 5007 634 5076 )
660 5020 841 5065 autem
884 5012 1040 5077 diem,
1093 5020 1239 5083 ipsos
1296 5018 1435 5073 facie
1485 5020 1605 5089 ejus
1643 5031 1789 5077 veste

189 5090 473 5161 obvoluta,
504 5094 579 5149 ita
601 5096 824 5164 fecisse,
846 5104 1003 5169 quasi
1031 5104 1292 5158 infamem
1314 5123 1377 5161 ac
1403 5110 1607 5163 nullius
1628 5111 1787 5179 pretii

191 5178 466 5267 hominem
493 5183 549 5237 in
596 5186 778 5267 medio
818 5189 1158 5245 habuissent.
1184 5191 1247 5243 Et
1274 5211 1381 5247 non
1416 5197 1571 5251 liberi
1600 5178 1787 5267 modo,

192 5262 283 5313 sed
307 5259 474 5316 etiam
496 5264 636 5316 servi
662 5262 778 5319 haec
798 5268 1095 5333 petulanter
1112 5282 1296 5324 eontra
1324 5276 1495 5341 ipsum
1523 5259 1784 5337 lecerunt:

194 5345 315 5405 llaec
345 5351 586 5422 legamus
616 5354 927 5423 frvsiucnter
948 5400 960 5420 ,
994 5358 1109 5414 lia-c
1135 5362 1417 5418 audiamus
1446 5373 1503 5419 ut
1532 5383 1625 5435 par
1652 5379 1734 5424 est
1768 5413 1783 5435 ,

196 5436 304 5495 lure
332 5444 603 5499 inanimis
645 5462 845 5501 ωειλ-ις
880 5452 1216 5516 scribamus;
1251 5452 1365 5511 haec
1388 5460 1585 5528 quippe
1631 5465 1785 5520 nobis

196 5532 519 5591 honorabilia
552 5550 693 5595 sunt,
741 5554 794 5595 it:
825 5542 907 5596 his
934 5562 1032 5615 ego
1066 5550 1231 5602 altum
1263 5552 1413 5619 sapio
1433 5596 1447 5613 ,
1479 5570 1584 5609 non
1610 5560 1780 5614 solum

191 5620 255 5677 de
278 5627 426 5682 mille
445 5630 671 5686 mortuis
698 5648 835 5701 quos
863 5639 1138 5693 suscitavit
1162 5682 1174 5699 ,
1208 5641 1302 5696 sed
1335 5644 1495 5698 etiam
1542 5646 1607 5701 de
1651 5666 1780 5704 cru-

193 5712 418 5773 ciatibus
446 5736 583 5789 quos
617 5738 813 5791 pages;
836 5735 935 5781 est.
969 5729 1093 5785 llaec
1114 5735 1410 5802 sepissime
1437 5736 1631 5796 Paulus
1659 5758 1775 5797 vcr-

250 5847 263 5879 '
300 5848 414 5906 Alii.
441 5852 607 5904 radios
625 5868 737 5905 suos
776 5876 797 5903 ς.
822 5862 1024 5909 ποτ-πέττια.

502 5950 772 6010 Farne...
824 5958 935 6013 ἐζ.
990 5956 1199 6015 iﬁlli.

1912 1587 2016 1644 sat,
2044 1593 2261 1634 crucem
2286 1577 2432 1644 dico,
2466 1588 2721 1644 mortem,
2754 1578 3025 1634 cruciatus
3048 1620 3066 1646 ,
3094 1579 3361 1645 convicia,
3393 1594 3527 1633 con-

1912 1670 2181 1733 tumelias,
2204 1669 2453 1726 dicteria.
2490 1670 2558 1725 Et
2583 1670 2746 1726 modo
2779 1669 2998 1739 quidem
3025 1670 3102 1725 ait
3121 1712 3135 1729 .
3173 1670 3436 1726 Exeantus
3456 1673 3526 1725 ad

1908 1761 2099 1829 ipsum,
2122 1760 2461 1833 opprobrium
2483 1763 2598 1830 eius
2626 1767 2846 1835 ferentes
2866 1761 3052 1836 (Hebr.
3088 1762 3283 1836 13.15)
3310 1780 3327 1829 ;
3364 1764 3527 1819 modo

1907 1862 2110 1917 autem,
2146 1854 2247 1921 Qui
2274 1871 2368 1923 pro
2396 1854 2589 1925 gaudio
2615 1855 2711 1909 sibi
2739 1855 3002 1925 proposito
3032 1870 3234 1911 crucem
3259 1856 3523 1919 sustinuit,

1907 1943 2190 2014 ignominia
2209 1954 2500 2016 contempta
2532 1944 2714 2018 (Ibid.
2747 1945 2838 2001 12.
2860 1944 2898 1999 2
2922 1946 2963 2013 ).
3008 1946 3099 2002 69.
3133 1944 3321 2001 Petrus
3351 1957 3523 2001 autem

1908 2036 2037 2107 faris
2080 2037 2286 2093 sedebat
2325 2040 2382 2093 in
2428 2038 2561 2093 atrio
2583 2054 2604 2093 :
2634 2048 2682 2093 et
2706 2040 2920 2093 accessit
2948 2046 3017 2092 ad
3045 2055 3159 2093 eum
3185 2056 3292 2093 una
3329 2039 3525 2094 ancilla

1908 2128 2083 2184 dicens
2104 2144 2124 2184 :
2153 2128 2217 2184 Et
2242 2139 2298 2183 tu
2322 2146 2437 2186 eras
2465 2146 2582 2185 cum
2623 2130 2751 2184 Iesu
2799 2128 3039 2185 Galilwo.
3085 2130 3177 2186 70.
3208 2130 3311 2185 Ille
3350 2142 3522 2185 autem

1909 2225 2108 2295 negavit
2132 2241 2305 2279 coram
2345 2224 2579 2279 omnibus
2620 2224 2795 2280 dicens
2825 2266 2843 2289 ,
2881 2223 3071 2279 Nescio
3095 2224 3223 2293 quid
3248 2225 3397 2280 dicis.
3427 2226 3520 2283 71.

1906 2308 2036 2364 Cum
2076 2319 2245 2366 autem
2274 2312 2477 2365 exiisset
2508 2310 2562 2364 in
2587 2309 2887 2365 vestibulum
2924 2352 2937 2374 ,
2960 2310 3088 2364 vidit
3113 2310 3259 2364 illum
3289 2310 3396 2365 alia
3426 2352 3441 2374 ,
3474 2321 3523 2364 et

1904 2400 2029 2455 dicit
2057 2401 2129 2456 eis
2155 2416 2176 2454 :
2206 2400 2271 2455 Et
2298 2402 2379 2455 hic
2396 2410 2642 2456 eratcum
2662 2400 2793 2455 Jesu
2818 2399 3116 2457 Nazarene.
3142 2400 3230 2459 72.
3253 2401 3324 2457 Et
3344 2419 3523 2457 rursus

1906 2494 2105 2563 negavit
2120 2494 2558 2565 cumjuramento.
2580 2494 2670 2549 73.
2697 2492 2754 2549 Ps
2783 2504 2823 2546 tt
2841 2494 3084 2563 pusillum
3103 2504 3274 2550 autem
3294 2512 3411 2549 cum
3433 2511 3521 2549 ac-

1902 2584 2165 2639 cessissent
2182 2586 2269 2654 qui
2289 2585 2511 2650 stabant,
2527 2585 2767 2641 dixerunt
2787 2584 2946 2640 Petro
2967 2600 2989 2640 .'
3016 2583 3145 2639 Vere
3164 2597 3219 2639 tu
3234 2602 3298 2641 ex
3317 2586 3422 2641 illis
3444 2603 3522 2651 es;

1902 2691 2023 2727 nam
2055 2676 2257 2745 loquela
2280 2686 2370 2728 tua
2386 2676 2729 2746 manifestum
2760 2688 2807 2731 te
2837 2676 2963 2747 facit
2988 2677 3028 2731 ⁸.
3051 2677 3144 2732 71.
3186 2676 3335 2732 Tum:
3368 2679 3522 2749 carpit

1902 2767 2334 2821 anathentatisare
2351 2778 2399 2822 et
2404 2770 2591 2838 jurare
2628 2770 2765 2837 quod
2786 2786 2890 2823 non
2910 2770 3131 2825 novisset
3146 2771 3424 2825 hominem.
3454 2770 3520 2824 Et

1899 2862 2141 2917 continuo
2157 2863 2325 2935 gallus
2358 2864 2599 2919 cantavit.
2616 2864 2707 2919 75.
2733 2862 2797 2919 Et
2813 2863 3110 2919 recordatus
3125 2874 3201 2920 est
3217 2863 3403 2921 Petrus
3416 2882 3521 2919 ocr-

1900 2953 1948 3007 bt
1962 2953 2091 3009 Jesu
2108 2956 2244 3025 quod
2254 2956 2455 3009 dixerat
2479 2998 2497 3022 ,
2516 2956 2833 3027 Priusquam
2847 2958 3018 3028 gallus
3034 2967 3222 3025 cantet,
3238 2968 3315 3013 ter
3326 2975 3405 3013 me
3423 2975 3516 3013 tte-

1900 3047 2064 3119 gabis.
2090 3048 2156 3103 Et
2181 3066 2412 3121 egressus
2432 3050 2597 3121 foras,
2619 3052 2758 3121 ﬂevit
2782 3067 2979 3105 amare.
3000 3048 3045 3107 0
3063 3067 3151 3107 res
3169 3068 3339 3109 novas
3352 3062 3409 3108 et
3434 3054 3516 3108 itt-

1899 3142 2190 3198 credihiles
2209 3146 2222 3197 ε
2243 3142 2381 3198 Cum
2401 3143 2804 3213 apprehensum
2823 3143 2958 3198 vidit
2974 3143 3286 3217 Magistrum
3309 3145 3511 3210 solum,

1900 3242 2108 3287 tantum
2130 3233 2351 3295 exarsit,
2372 3240 2631 3290 utstrlcto
2642 3234 2823 3306 gladio
2836 3249 3055 3290 servum
3078 3237 3428 3305 percusserit,
3459 3248 3515 3292 et

1897 3325 2194 3380 auriculam
2216 3325 2528 3390 absciderit;
2546 3340 2671 3381 cum
2684 3334 2867 3381 autem
2885 3327 3057 3397 magis
3076 3326 3341 3397 indignari
3358 3338 3412 3381 et
3430 3329 3514 3381 iu-

1896 3416 2051 3472 cendi
2089 3433 2186 3488 par
2209 3427 2327 3472 erat
2356 3460 2370 3479 .
2401 3427 2549 3473 tanta
2575 3418 2803 3475 audiens
2831 3419 3075 3476 convicia
3108 3462 3123 3485 ,
3168 3431 3295 3476 tunc
3324 3432 3507 3494 negat.

1892 3506 2058 3575 Cujus
2077 3509 2219 3562 enim
2248 3506 2487 3563 furorem
2515 3524 2626 3563 non
2649 3508 2966 3565 incitassent
2994 3526 3058 3565 ea
3090 3526 3213 3581 qua
3242 3522 3353 3567 tum
3378 3530 3509 3584 age-

1894 3600 2090 3655 bantur
2110 3600 2136 3652 ?
2165 3600 2417 3656 Attamen
2448 3602 2643 3657 timore
2667 3603 2843 3659 victus
2867 3604 3163 3677 discipulus
3191 3622 3298 3663 non
3344 3610 3509 3665 modo

1892 3707 1999 3745 non
2032 3691 2460 3762 indignationem
2486 3692 2692 3763 profert
2718 3735 2735 3760 ,
2767 3692 2862 3749 sed
2892 3696 3057 3751 etiam
3088 3707 3248 3769 negat
3271 3739 3287 3764 ,
3310 3714 3375 3755 ac
3400 3702 3502 3757 mi~

1890 3796 2027 3836 serat
2083 3781 2313 3853 vilisque
2365 3783 2563 3855 puella:
2615 3790 2790 3840 minas
2842 3802 2949 3840 nun
2998 3784 3148 3850 fert;
3192 3803 3293 3844 nec
3337 3794 3506 3847 semel

1890 3873 2087 3939 solum,
2116 3873 2212 3930 sed
2239 3874 2402 3929 etiam
2426 3876 2667 3931 secundo
2687 3885 2741 3931 et
2765 3877 2926 3932 tertio
2956 3886 3117 3963 negat
3140 3920 3155 3945 ,
3191 3880 3351 3949 idque
3377 3881 3504 3937 bre-

1891 3966 1938 4018 vi
1996 3975 2239 4036 tempore
2269 3984 2281 4018 :
2313 3982 2420 4022 non
2451 3982 2636 4023 coram
2672 3967 2950 4038 judicibns
2974 4011 2990 4035 ,
3025 3986 3147 4025 nam
3183 3970 3315 4028 loris
3345 3986 3462 4029 erat
3489 3994 3501 4029 :

1890 4058 2065 4129 ipsum
2087 4062 2232 4115 enim
2260 4076 2539 4128 egressum
2566 4061 2635 4115 ad
2679 4062 3008 4139 vestibulum
3054 4064 3459 4136 interrogarunt
3486 4086 3499 4123 :

1889 4168 2062 4225 neque
2086 4154 2266 4208 atatim
2287 4152 2494 4224 lapsum
2517 4169 2673 4209 suum
2694 4156 2881 4209 sensit.
2900 4154 3053 4223 Quod
3070 4166 3127 4212 et
3153 4156 3326 4214 Lucas
3345 4158 3501 4232 (Cap.

1885 4244 1977 4302 2'2.
2009 4247 2147 4314 61),
2193 4247 2341 4313 dicit,
2385 4248 2638 4304 nimirum
2676 4250 2911 4318 respexit
2951 4250 3002 4303 in
3053 4251 3202 4307 illum
3252 4253 3502 4310 Christus

1886 4338 2180 4395 ostendens
2210 4341 2381 4409 ipsum
2413 4356 2523 4395 non
2571 4340 2733 4396 modo
2784 4344 3061 4410 negavisse
3094 4386 3109 4412 ,
3163 4345 3257 4400 sed
3289 4347 3450 4401 etiam
3480 4391 3495 4407 .

1886 4440 2139 4485 cantante
2162 4433 2283 4487 licet
2314 4433 2456 4501 gallo
2490 4475 2503 4497 ,
2537 4432 2748 4503 lapsum
2772 4448 2928 4488 suum
2962 4451 3069 4490 non
3100 4438 3372 4504 sensisse,
3401 4440 3498 4495 sed

1888 4525 2094 4577 monitu
2144 4524 2382 4591 Magistri
2414 4540 2553 4595 opus
2602 4524 2877 4581 habuisse.
2912 4529 3179 4598 Aspectus
3222 4531 3342 4599 ejus
3399 4548 3497 4600 pro

1883 4630 2015 4669 voce
2046 4615 2183 4679 fuit,
2222 4617 2361 4672 adeo
2399 4619 2588 4673 timore
2620 4619 2902 4688 perculsus
2927 4632 3064 4675 erat.
3098 4621 3307 4679 Marcus
3337 4623 3498 4694 (Cap.

1890 4711 1971 4763 li.
2006 4710 2208 4778 6842)
2238 4726 2366 4764 vero
2398 4713 2473 4765 ait
2501 4753 2516 4776 ,
2563 4722 2845 4783 postquam
2875 4714 3044 4769 semel
3075 4726 3363 4785 negasset,
3384 4719 3500 4788 gal-

1887 4804 1991 4855 tmn
2047 4805 2386 4871 cantavisse,
2442 4813 2727 4874 postquam
2796 4809 2956 4861 tertio
3036 4819 3325 4879 negasset,
3383 4821 3493 4864 tum

1884 4896 2124 4951 secundo
2144 4897 2449 4953 cantavisse
2469 4899 2693 4970 gallum,
2717 4902 3022 4955 accuratius
3041 4918 3332 4960 recensens
3350 4906 3499 4959 inlir-

1884 4990 2121 5045 mitatem
2153 4989 2401 5060 discipuli
2435 5033 2450 5057 ,
2506 4992 2594 5062 qui
2632 4994 2784 5064 quasi
2824 5005 3069 5049 mortuus
3113 5007 3230 5051 erat
3257 4998 3449 5054 timore
3481 5018 3498 5051 :

1882 5090 1935 5133 et
1970 5080 2070 5135 hoc
2096 5080 2308 5136 Marcus
2340 5099 2369 5136 a
2398 5085 2659 5154 magistro
2688 5100 2789 5141 suo
2811 5086 2997 5142 didicit
3025 5130 3041 5154 ,
3074 5100 3192 5143 erat
3220 5091 3365 5145 enim
3392 5088 3495 5146 Pe-

1885 5173 1947 5223 tri
1977 5172 2297 5242 discipulus.
2324 5175 2443 5242 Quo
2470 5176 2642 5243 magis
2667 5177 3023 5233 admirandus
3045 5190 3129 5234 est
3156 5221 3172 5246 ,
3205 5182 3351 5252 quod
3386 5200 3494 5240 non

1884 5261 2045 5316 modo
2077 5266 2318 5335 magistri
2349 5264 2554 5335 lapsum
2586 5284 2689 5322 non
2723 5268 3009 5336 celaverit,
3035 5270 3131 5326 sed
3156 5272 3302 5343 quod
3331 5276 3494 5330 etiam

1880 5358 2075 5413 clarius
2105 5374 2264 5427 quam
2287 5357 2379 5412 alii
2406 5361 2709 5415 narraverit
2733 5403 2749 5425 ,
2784 5376 2851 5417 eo
2880 5364 2999 5432 ipso
3020 5365 3162 5435 quod
3192 5365 3496 5438 discipulus

1879 5460 2047 5502 esset.

1952 5543 2001 5593 ‘2.
2048 5542 2327 5607 thnmdo
2366 5545 2524 5613 igitur
2568 5562 2757 5601 verum
2787 5552 2886 5602 erit
2930 5550 2980 5603 id
3025 5534 3179 5620 quod
3204 5552 3486 5609 Μςιιιιιωιιδ

1882 5643 2083 5697 narrat,
2129 5633 2399 5689 Christum
2450 5637 2675 5704 dixisse,
2723 5640 2885 5694 Amen
2924 5642 3037 5695 dico
3076 5644 3185 5707 tibi,
3216 5656 3487 5715 antequam

1946 5768 1975 5835 '_
1994 5774 2127 5837 litare,
2154 5780 2267 5837 nam
2305 5769 2503 5837 (anteiit
2526 5778 2611 5821 tua
2634 5772 2944 5837 manifestius
2986 5782 3030 5824 te
3064 5774 3199 5837 facit,
3225 5776 3405 5828 desunt
3431 5792 3479 5826 tn

1872 5831 1947 5940 εἷθ’
1970 5832 2079 5906 iuet
2103 5832 2290 5891 Morel.,
2314 5833 2401 5882 sed
2430 5832 2674 5885 habentur
2700 5835 2750 5884 in
2770 5831 2874 5885 Mss.
2896 5831 3121 5899 plurimis
3160 5831 3313 5903 atque
3337 5838 3388 5891 lu
3411 5844 3489 5894 tti-

1898 5902 1983 5939 :m‘
2012 5906 2212 5940 unus.

1898 5902 1983 5939 liub‘
2012 5902 2212 5942 (πεί-εις.

3093 5995 3165 6055 19
