4050 6456
543 406 642 459 τ’ῗὶἴέ

540 522 711 588 gallus
738 524 903 571 cantet
927 556 940 579 ,
966 526 1039 569 ter
1063 530 1143 568 me
1171 513 1413 584 negabis?
1440 528 1560 566 cum
1593 512 1801 566 Marcus
1826 509 1969 564 dicat
1995 518 2115 577 post

542 608 750 663 tertiam
781 606 1114 675 negationem
1142 604 1338 675 gallum
1380 602 1618 658 secundo
1647 602 1985 657 cantavisse?
2007 594 2113 653 Sed

544 698 656 752 harc
675 695 962 751 admodum
1008 708 1134 749 vera
1164 702 1221 753 et
1247 709 1485 749 consona
1511 703 1655 748 sunt.
1686 692 1819 759 Quia
1843 690 1985 746 enim
2011 691 2117 744 sin-

534 790 671 859 gulis
696 788 899 843 vicibus
922 788 1060 843 solet
1086 787 1256 859 gallus
1287 797 1367 842 ter
1391 795 1688 858 quaterque
1711 795 1946 847 cantare.
1977 783 2116 839 Mar-

535 894 629 935 cus
659 878 712 933 id
733 878 882 945 dicit,
914 888 972 933 ut
1009 878 1246 935 declaret
1280 892 1386 932 non
1416 890 1602 932 vocem
1650 874 1794 930 illam
1828 878 1997 945 ipsum
2027 888 2117 928 re-

539 968 775 1033 tinuisse,
810 977 868 1025 et
888 968 957 1023 ad
996 978 1229 1023 mentem
1276 980 1577 1023 revocasse.
1619 963 1804 1035 itaque
1835 974 2120 1033 utrumque

538 1076 721 1117 verum
767 1069 871 1117 est.
914 1060 1229 1130 Priusquam
1273 1058 1418 1115 enim
1466 1057 1638 1129 gallus
1674 1057 1905 1127 primam
1944 1056 2117 1109 vicem

535 1156 894 1225 explevisset,
923 1161 1008 1209 ter
1037 1153 1268 1222 negavit.
1295 1152 1469 1220 Atque
1493 1165 1524 1204 a
1550 1148 1763 1203 Christo
1799 1147 1865 1202 de
1898 1154 2119 1216 peccato

536 1246 790 1309 monitus,
816 1259 921 1299 non
950 1256 1111 1298 ausus
1135 1252 1217 1296 est
1252 1242 1424 1311 palam
1451 1240 1601 1302 ﬂere,
1627 1254 1696 1295 ne
1726 1253 1821 1307 per
1850 1237 2114 1308 lacrymas

536 1346 875 1392 accusaretur
922 1353 937 1391 :
982 1334 1077 1389 sed
1108 1333 1356 1405 Egressus
1403 1334 1542 1403 {oras
1570 1330 1706 1402 ﬂevit
1738 1331 1930 1403 amare.
1962 1327 2114 1399 (Cap.

539 1423 629 1479 27.
670 1423 723 1479 i.
862 1425 1166 1479 Adveniente
1191 1433 1356 1477 autem
1380 1422 1462 1479 die
1489 1423 1683 1477 ducunt
1724 1416 1904 1476 Iesum
1930 1436 1962 1473 a
1994 1419 2118 1475 Cai-

536 1517 640 1585 pha
669 1516 739 1570 ad
776 1514 1031 1571 Pilatum.
1060 1516 1190 1582 Quia
1219 1515 1361 1569 enim
1385 1513 1532 1569 illum
1564 1511 1810 1568 occidam
1847 1510 2114 1578 volebant,

537 1622 633 1661 nec
672 1615 917 1677 poterant
954 1605 1024 1661 ob
1058 1604 1272 1666 festum.
1327 1603 1392 1657 ad
1449 1602 1728 1674 praesidem
1776 1601 1995 1657 ducunt.
2040 1601 2117 1655 'l'u

533 1712 662 1751 vero
692 1696 819 1751 mihi
844 1697 1151 1752 consideres
1174 1694 1445 1767 quomodo
1486 1708 1575 1749 res
1605 1693 1948 1765 processerit,
1980 1692 2113 1748 utin

537 1787 673 1841 festo
698 1802 788 1843 res
815 1786 963 1843 ﬁeret
996 1804 1009 1841 :
1052 1786 1131 1841 sic
1168 1787 1310 1841 enim
1359 1800 1594 1851 superne
1618 1783 1892 1840 definitum
1924 1783 2112 1838 fuerat.

533 1876 588 1932 2.
617 1876 760 1932 Tunc
781 1879 950 1933 videns
961 1876 995 1932 J
1002 1878 1148 1943 udas,
1174 1877 1260 1946 qui
1280 1876 1557 1931 tradiderat
1576 1890 1709 1939 eum,
1728 1874 1864 1946 quod
1883 1874 2117 1928 condem-

534 1982 683 2025 natus
700 1979 859 2035 esset,
887 1972 1179 2043 paenitentia
1204 1971 1389 2025 ductus
1414 1970 1583 2025 retulit
1604 1969 1812 2041 triginta
1833 1980 2112 2040 argenteos.

535 2063 646 2119 Hoc
675 2064 831 2134 hujus
851 2074 906 2119 et
941 2064 1153 2120 illorum
1175 2063 1381 2119 crimen
1410 2070 1570 2133 auget
1595 2080 1609 2116 :
1636 2061 1813 2131 hujus,
1837 2076 1944 2116 non
1974 2061 2113 2129 quod

533 2155 839 2223 panitentia
867 2154 1057 2209 ductus
1086 2154 1195 2219 sit,
1247 2152 1344 2209 sed
1383 2152 1526 2223 quod
1570 2151 1790 2213 tardius.
1832 2160 1888 2207 et
1932 2166 1991 2207 se
2017 2166 2115 2206 suo

530 2246 727 2314 judicio
740 2244 1116 2310 damnaverit;
1144 2260 1202 2300 se
1221 2245 1365 2299 enim
1390 2243 1674 2299 tradidisse
1699 2242 1975 2299 confessus
1993 2253 2073 2297 est
2098 2259 2110 2299 :

533 2338 739 2391 illorum
788 2352 934 2402 vero,
977 2336 1117 2407 quod
1159 2351 1279 2391 eum
1310 2345 1531 2406 possent
1560 2335 1928 2405 pmnitentiam
1958 2349 2115 2403 agere

529 2442 584 2484 et
610 2430 821 2497 mutari,
861 2445 965 2485 non
1010 2430 1350 2500 resipnerint.
1401 2426 1679 2497 Perpende
1703 2437 1879 2483 autem
1904 2427 2116 2497 quando

537 2524 846 2594 paenitentia
868 2524 1113 2578 ducatur.
1132 2523 1265 2579 Cum
1290 2522 1582 2593 perfectum
1615 2522 2000 2592 impletnmque
2023 2521 2117 2574 fuit

529 2622 824 2684 peccatum.
855 2613 1001 2669 Talis
1028 2629 1222 2684 nempe
1242 2612 1488 2668 diabolus
1517 2620 1600 2668 est
1629 2630 1642 2667 :
1669 2626 1763 2666 eos
1789 2612 1875 2676 qui
1904 2626 2009 2664 non
2037 2611 2115 2664 vi-

533 2704 701 2775 gilant
728 2720 833 2759 non
864 2705 995 2760 sinit
1034 2715 1315 2775 peccatum
1364 2704 1649 2773 respicere.
1692 2718 1760 2757 ne
1787 2702 1949 2756 semel
1977 2702 2113 2770 capti

530 2795 895 2863 pleniteutiant
944 2803 1121 2865 agant.
1178 2793 1280 2847 Tot
1330 2792 1455 2847 Jesu
1507 2790 1704 2847 Christi
1750 2790 1927 2846 verbis
1984 2789 2111 2844 nihil

530 2884 696 2939 ﬂexus
725 2894 805 2939 est
836 2901 849 2937 :
880 2899 1003 2938 eum
1036 2898 1161 2939 vero
1189 2883 1366 2939 scelus
1405 2882 1516 2953 jam
1546 2892 1910 2952 perpetratum
1940 2882 2113 2952 perfe-

527 2984 780 3046 ctumque
828 2974 947 3040 fuit,
995 2984 1120 3028 tune
1175 2974 1487 3043 ptenitentia
1537 2972 1728 3027 ductus
1752 2973 1979 3027 estsine
2006 2970 2111 3026 ulla

530 3066 772 3119 utilitate.
801 3064 930 3119 Nam
956 3064 1093 3133 quod
1120 3065 1356 3134 seipsum
1379 3064 1731 3126 damnaverit,
1756 3064 1897 3134 quod
1918 3078 2111 3134 argen-

528 3167 644 3210 teos
694 3155 999 3225 projeccrit,
1046 3169 1148 3210 nec
1182 3154 1398 3210 Judteos
1445 3156 1706 3210 reveritus
1759 3155 1939 3221 fuerit,
1996 3153 2112 3209 inec

526 3260 703 3299 omnia
733 3245 994 3299 laudanda
1023 3244 1289 3310 fuissent;
1322 3245 1464 3315 quod
1490 3260 1617 3301 vero
1661 3262 1721 3300 se
1748 3246 2109 3316 strangulave-

527 3336 615 3401 rit,
641 3335 836 3390 nullam
867 3345 1041 3404 potest
1071 3335 1284 3391 veniam
1313 3335 1617 3400 admittere,
1644 3336 1970 3407 malignique
1997 3337 2109 3392 da:-

526 3425 699 3479 monis
729 3434 811 3480 est
833 3441 984 3493 opus.
1015 3426 1297 3495 Prteripuit
1322 3426 1463 3482 enim
1490 3441 1662 3482 euma
1686 3428 2017 3495 poenitentia,
2053 3440 2110 3484 ut

531 3517 735 3571 nullum
757 3533 822 3571 cx
852 3517 942 3572 illa
965 3517 1277 3586 lmnitentia
1296 3516 1525 3573 fructum
1550 3519 1807 3589 consequi
1828 3529 2028 3589 posset,
2053 3530 2107 3575 et

525 3607 831 3677 turpissima
859 3606 1214 3677 omnibusque
1238 3617 1361 3662 nota
1394 3618 1566 3663 morte
1590 3610 1805 3664 sustulit
1829 3649 1845 3675 ,
1878 3609 2108 3665 suadens

525 3697 596 3751 iiii
631 3708 690 3752 ut
725 3700 960 3769 seipsum
1008 3698 1361 3753 interimeret.
1390 3697 1469 3752 Tu
1500 3714 1626 3753 vero
1652 3698 1780 3753 mihi
1828 3702 2103 3755 veritatem

524 3790 829 3845 Consideres
879 3791 1037 3846 velim
1084 3790 1317 3860 undique
1373 3789 1683 3861 fulgentem,
1734 3792 1893 3845 etiam
1935 3807 1998 3847 ex
2043 3791 2107 3845 iis

524 3884 704 3947 rebus,
761 3896 894 3951 quas
941 3880 1480 3937 adversarii'faciunt
1528 3882 1612 3936 vel
1644 3882 1931 3951 patiuntur.
1973 3880 2104 3935 Nam

523 3973 631 4041 ipsa
655 3989 798 4027 mors
829 3971 1135 4043 proditoris,
1161 3972 1224 4028 iis
1241 3974 1329 4044 qui
1357 3972 1632 4029 Christum
1662 3972 1984 4028 damnarunt
2008 3988 2101 4027 ora

521 4066 749 4119 obstruit
775 4105 791 4131 ,
822 4078 998 4134 neque
1044 4064 1149 4119 illis
1178 4063 1420 4119 umhram
1475 4063 1801 4119 defensionis
1830 4064 2100 4133 relinquit.

520 4156 657 4223 Quid
683 4158 824 4211 enim
851 4156 1030 4211 dicere
1058 4164 1282 4225 possunt
1307 4156 1404 4221 illi,
1433 4154 1648 4223 quando
1683 4156 1842 4210 talem
1866 4156 2105 4223 proditor

521 4250 803 4304 adversum
836 4263 895 4303 se
921 4247 1205 4318 protulisse
1228 4248 1553 4303 sententiam
1582 4248 1870 4301 narratur?
1891 4247 1997 4302 Sed
2035 4248 2101 4301 il-

522 4346 692 4397 torum
736 4342 897 4398 verba
941 4341 1238 4397 videamus.
1286 4341 1622 4412 Principibus
1652 4342 1989 4397 sacerdotum
2018 4356 2105 4395 ar-

521 4446 742 4506 genteos
768 4437 987 4501 retulit,
1014 4447 1065 4494 et
1097 4437 1172 4490 ait
1196 4452 1211 4490 :
1243 4436 1299 4492 4.
1332 4434 1547 4490 Peccavi
1575 4435 1781 4489 tradens
1804 4435 2103 4505 sanguinem

520 4530 727 4595 iustum.
760 4528 827 4582 At
851 4528 928 4582 illi
971 4527 1208 4582 dixerunt
1257 4544 1274 4581 :
1308 4525 1442 4592 Quid
1479 4530 1549 4580 ad
1593 4525 1727 4580 nos?
1774 4523 1855 4579 Tu
1898 4524 2101 4578 videris.

603 4618 669 4673 Et
691 4620 927 4690 proiectis
946 4623 1198 4691 argenteis
1226 4619 1279 4672 in
1303 4618 1510 4686 tentplo,
1546 4617 1767 4683 recessit,
1792 4628 1838 4672 et
1864 4616 2034 4671 abiens
2054 4633 2106 4670 se

522 4712 801 4778 suspendit.
832 4709 963 4765 Nam
1010 4710 1352 4765 conscientia:
1390 4710 1637 4763 stimulos
1664 4723 1767 4764 nou
1809 4708 1946 4762 tulit.
1970 4706 2105 4761 Per—

526 4801 696 4871 pende
719 4812 893 4857 autem
919 4802 1047 4856 mihi
1070 4802 1282 4859 .lndzeos
1310 4803 1437 4857 illud
1462 4804 1633 4873 ipsum
1664 4804 1939 4858 facientes.
1972 4802 2103 4856 Nam

522 4909 643 4947 cum
673 4895 742 4948 ah
773 4897 836 4949 iis
863 4912 982 4964 qua:
1012 4897 1152 4964 passi
1197 4904 1351 4949 erant
1374 4896 1646 4950 emendari
1693 4895 1972 4961 deberent,
1999 4910 2103 4949 non

526 4987 671 5054 prius
708 4987 929 5055 gradum
975 4988 1164 5041 siSIunt
1194 5028 1209 5051 ,
1238 5002 1394 5057 quam
1444 4997 1717 5055 peccatum
1754 4986 2101 5057 pertecerint.

432 5080 439 5081 ⁷
525 5077 730 5130 Etenim
781 5077 934 5142 hujus
981 5088 1273 5146 peccaturo,
1324 5079 1465 5147 quod
1529 5077 1754 5146 proditio
1806 5089 1942 5142 erat,
1997 5080 2105 5145 jam

525 5180 883 5237 perpetratum
910 5172 1106 5234 fuerat;
1153 5169 1364 5225 illorum
1405 5186 1533 5225 vero
1566 5182 1839 5240 peceatum
1870 5170 2101 5224 nondum

523 5260 844 5327 completum
872 5270 1007 5316 erat.
1024 5261 1154 5315 Cum
1179 5273 1357 5317 autem
1387 5262 1461 5315 illi
1494 5264 1665 5317 scelus
1693 5262 2031 5331 perfecerunt
2053 5272 2107 5316 et

524 5351 901 5408 erucifuerunt
930 5368 1071 5417 eum,
1105 5363 1229 5409 tunc
1265 5364 1320 5409 et
1367 5354 1468 5425 ipsi
1508 5355 1789 5411 turbantur
1810 5398 1825 5420 ,
1853 5372 1992 5413 nunc
2020 5357 2105 5411 di—

521 5453 706 5497 centcs
751 5462 763 5495 :
814 5443 939 5500 Noli
985 5446 1198 5500 scribere
1242 5448 1373 5501 hunc
1426 5464 1533 5501 esse
1597 5465 1765 5520 regem
1808 5447 2107 5505 Judteorum

527 5534 707 5601 (Joau.
743 5532 831 5590 l9.
875 5534 938 5590 21
969 5537 1009 5606 )ν.
1044 5537 1199 5608 Αιηυὶ
1225 5538 1348 5608 quid
1378 5538 1572 5592 timetis
1596 5580 1611 5604 ,
1644 5539 1771 5609 quid
1800 5541 2102 5607 turbamini,

522 5636 733 5679 mortuo
763 5626 874 5695 jam
908 5641 1130 5697 corpore
1176 5629 1227 5684 in
1277 5644 1441 5685 cruce
1467 5632 1777 5699 pendente?
1801 5630 1952 5687 Nunc
1981 5650 2105 5690 vero

528 5715 835 5771 custodiunt
868 5718 997 5772 illud
1039 5728 1093 5773 et
1140 5720 1365 5775 dicunt:
1420 5719 1504 5775 Ne
1552 5726 1685 5793 forte
1722 5723 1957 5794 [urentur
1991 5743 2103 5781 eum

522 5810 758 5879 discipuli
809 5812 951 5883 ejus;
990 5823 1037 5866 et
1078 5816 1264 5882 papula
1303 5815 1493 5881 dicant,
1523 5816 1691 5887 ipsum
1735 5821 2103 5885 remi-rexisse;

1207 405 1261 454 ὃ.
1303 396 1581 455 ΙῦᾹΝΝῑΒ
1618 386 2109 454 ΕΗΙΠΞΟΞἸῸᾹΗ

2221 391 2480 448 RCHIEP.
2520 388 3052 445 C(lNSTA-NTiNOP.

3717 391 3824 448 75"

2231 516 2279 559 et
2303 504 2396 559 erit
2416 503 2713 558 novissimus
2737 518 2878 555 error
2907 502 3051 572 peior
3090 500 3259 570 priore
3299 490 3528 571 (Matth.
3561 502 3653 559 27.
3686 504 3763 558 (id
3780 506 3825 571 ).

2224 599 2460 653 Atcerte
2488 597 2531 649 si
2563 595 2611 649 id
2643 595 2895 660 dixerint,
2928 595 3030 648 nisi
3062 608 3148 649 res
3176 608 3299 649 vera
3331 593 3512 655 fuerit.
3541 594 3701 652 facile
3728 612 3825 651 re-

2225 690 2514 761 dargnitur.
2562 687 2669 743 Sed
2710 687 2979 758 quomodo
3023 686 3341 742 furabantur
3390 689 3482 758 qui
3530 688 3623 742 illo
3670 704 3827 744 cout-

2228 781 2488 849 prehenso
2527 794 2595 834 ne
2621 789 2769 835 stare
2794 778 3009 849 quidem
3038 778 3152 833 ausi
3207 789 3353 851 sun_t,
3401 780 3622 850 quando
3664 795 3829 853 cory-

2224 872 2408 940 plneus
2439 878 2520 924 ter
2543 869 2691 925 illum
2715 870 2949 940 negavit,
2989 869 3182 940 puella:
3205 872 3682 939 comminationem
3715 887 3827 927 non

2220 961 2445 1018 ferens?
2470 959 2599 1023 Sed,
2628 972 2685 1015 ut
2708 960 2841 1027 dixi,
2869 959 3085 1015 demum
3104 960 3484 1019 turbabantur.
3504 962 3662 1030 Quod
3678 964 3828 1019 enim

2224 1053 2421 1107 scirent
2442 1067 2552 1106 rem
2576 1066 2698 1107 esse
2723 1060 3022 1122 peccatum,
3049 1059 3198 1121 patet
3224 1067 3293 1106 ex
3320 1052 3384 1107 iis
3403 1068 3524 1124 quae
3544 1053 3825 1121 dicebant,

2225 1138 2303 1195 Tu
2329 1140 2533 1195 uideris.

2295 1231 2472 1287 Araris
2510 1231 2678 1287 ludas
2718 1232 2771 1287 in
2796 1232 3082 1304 mmplttm
3110 1232 3441 1305 prapouitur.
3474 1265 3546 1277 —
3574 1236 3777 1292 Audite
3806 1280 3824 1304 ,

2224 1324 2385 1386 avari,
2406 1323 2639 1393 cogitate
2664 1338 2782 1393 quae
2804 1324 2893 1379 ille
2918 1338 3107 1393 passus
3130 1324 3236 1391 sit;
3267 1326 3540 1396 quomodo
3566 1329 3828 1398 pecunias

2223 1414 2500 1479 amiserit,
2528 1424 2582 1469 et
2610 1414 2791 1470 scelus
2816 1417 3247 1486 perpetraverit;
3280 1418 3553 1486 quomodo
3580 1421 3828 1473 avaritiae

2226 1503 2446 1557 fructum
2471 1518 2577 1557 non
2607 1504 2826 1567 tulerit,
2869 1513 2931 1560 et
2951 1506 3185 1560 animam
3213 1505 3529 1575 perdiderit.
3563 1507 3716 1564 Talis
3740 1518 3829 1564 est

2225 1595 2464 1650 avaritia:
2496 1597 2736 1667 tyrannis
2766 1612 2781 1649 :
2805 1610 2907 1653 nec
2928 1606 3153 1668 argento
3174 1597 3370 1652 fruitur
3395 1640 3413 1666 ,
3442 1614 3544 1654 nec
3565 1601 3826 1670 praesenti

2225 1689 2361 1755 vita,
2394 1705 2492 1746 nec
2517 1690 2696 1746 futura
2732 1708 2745 1744 :
2778 1690 2876 1746 sed
2915 1692 3096 1746 omnia
3140 1690 3425 1747 confertim
3453 1693 3674 1759 amisit,
3703 1708 3825 1748 ma-

2224 1783 2432 1853 lamque
2462 1792 2649 1838 nactus
2677 1780 2814 1852 apud
2839 1783 2959 1838 illos
2992 1780 3209 1850 famam,
3229 1784 3419 1855 laqueo
3434 1784 3614 1855 gulam
3642 1783 3821 1856 fregit.

2224 1872 2363 1939 Sed,
2393 1882 2452 1927 ut
2477 1873 2583 1927 dixi
2612 1916 2627 1939 ,
2662 1882 2782 1943 post
2807 1889 2920 1929 rem
2952 1883 3222 1944 peractam
3247 1916 3263 1941 ,
3291 1874 3507 1943 quidam
3539 1891 3655 1931 rem
3680 1877 3828 1944 aspi-

2223 1960 2387 2020 ciunt.
2412 1964 2547 2019 Vide
2572 1966 2729 2035 igitur
2755 1974 2811 2021 et
2836 1965 2992 2033 illos,
3027 1974 3229 2020 tantum
3253 1964 3459 2021 facinus
3499 1966 3647 2021 clare
3688 1981 3819 2022 sen-

2224 2061 2323 2116 tire
2350 2060 2614 2126 nolentes,
2665 2060 2757 2116 sed
2804 2060 3063 2128 dicentes,
3114 2059 3193 2115 Tu
3214 2060 3420 2116 videris.
3448 2060 3579 2129 Qua:
3609 2075 3702 2117 res
3730 2075 3826 2116 eo-

2221 2166 2340 2206 rum
2369 2151 2581 2221 culpam
2628 2161 2787 2224 auget
2818 2170 2833 2208 :
2858 2168 2980 2208 nam
3026 2152 3143 2208 inec
3180 2152 3341 2208 verba
3370 2164 3493 2207 sunt
3524 2154 3825 2208 testifican-

2225 2244 2352 2296 tium
2397 2243 2601 2298 facinus
2652 2259 2773 2299 esse
2838 2238 3205 2307 horrendum,
3255 2245 3349 2300 sed
3397 2245 3561 2299 animi
3630 2244 3826 2301 morbo

2220 2332 2489 2387 chriarum
2515 2375 2530 2400 ,
2562 2334 2650 2403 qui
2703 2333 2959 2388 nollenta
3007 2342 3256 2403 suscepto
3297 2334 3537 2389 satauico
3582 2332 3826 2390 facinore

2222 2423 2495 2481 absistere
2519 2467 2534 2491 ,
2564 2424 2659 2480 sed
2709 2424 2847 2481 ﬁcta:
2894 2427 3205 2496 ignorantiae
3245 2425 3509 2481 velamine
3553 2441 3631 2482 se.
3656 2427 3824 2482 stulte

2222 2514 2513 2582 operirent.
2544 2513 2677 2569 Nam
2706 2516 2749 2570 si
2793 2526 2913 2585 post
2956 2530 3169 2571 crucem
3204 2515 3317 2571 haec
3345 2516 3633 2583 dixissent,
3668 2528 3820 2587 post-

2221 2620 2379 2672 quam
2407 2603 2654 2661 Chrisms
2670 2606 2780 2674 jam
2806 2616 3051 2661 mortuus
3091 2615 3227 2672 erat,
3262 2621 3329 2661 ne
3354 2614 3485 2661 tunc
3511 2608 3737 2678 quidem
3769 2608 3823 2664 id

2224 2695 2604 2751 rationabiliter
2625 2696 2727 2751 dici
2751 2705 2996 2765 poterat;
3026 2696 3151 2753 licet
3180 2697 3232 2751 id
3259 2712 3366 2752 non
3393 2697 3531 2753 adeo
3553 2699 3823 2757 damnan-

2219 2785 2343 2839 dmn
2368 2784 2555 2841 fuisset
2582 2802 2755 2842 :nunc
2781 2797 2956 2844 autem
2977 2787 3103 2843 dum
3125 2788 3300 2844 adhuc
3323 2788 3414 2844 ille
3428 2788 3573 2854 apud
3596 2805 3696 2845 vos
3712 2801 3819 2858 est,

2219 2884 2274 2929 et
2299 2875 2442 2929 illum
2462 2878 2683 2946 potestis
2706 2877 2995 2945 dimittere,
3019 2879 3290 2950 quomodo
3317 2878 3418 2934 hoc
3442 2880 3628 2937 dicere
3650 2881 3822 2939 aude-

2223 2965 2325 3018 tis?
2349 2964 2475 3020 llaec
2500 2968 2697 3037 quippe
2725 2967 2969 3024 defensio
3012 2970 3243 3025 titaxima
3271 2979 3355 3025 est
3382 2973 3680 3027 accusatio.
3707 2972 3823 3029 Cur

2220 3067 2274 3111 et
2311 3073 2415 3127 qua
2461 3059 2529 3114 de
2561 3061 2760 3114 causa?
2788 3059 2922 3129 Quia
2968 3062 3019 3115 in
3072 3061 3400 3131 proditorem
3432 3071 3605 3118 totum
3638 3066 3821 3120 scelus

2219 3148 2438 3219 rejicitis
2462 3193 2477 3217 ,
2520 3151 2647 3205 illud
2673 3152 2911 3207 dicentes
2932 3194 2948 3220 ,
2992 3151 3073 3207 Tu
3103 3154 3288 3207 videris
3310 3195 3326 3218 ,
3374 3171 3496 3209 cum
3540 3157 3764 3225 possitis
3787 3174 3818 3213 a

2215 3241 2416 3297 Christi
2462 3259 2591 3299 nece
2632 3245 2931 3311 desistere,
2971 3246 3228 3316 illumque
3268 3246 3546 3308 dimittere
3573 3262 3595 3303 :
3626 3264 3820 3305 verum

2215 3345 2521 3403 susceptum
2569 3336 2746 3390 scelus
2777 3336 3050 3405 perfecero
3076 3376 3089 3400 ,
3122 3336 3413 3406 proditioni
3464 3352 3686 3393 crucem
3717 3340 3819 3394 ad-

2216 3423 2425 3478 dentes.
2457 3424 2593 3493 Quid
2624 3431 2765 3480 enim
2808 3426 3121 3498 impedivit,
3147 3443 3268 3482 cum
3292 3428 3392 3498 ipsi
3416 3414 3665 3487 dicerent
3687 3473 3704 3497 ,
3735 3430 3821 3485 Tu

2215 3516 2419 3579 uideris,
2449 3517 2737 3587 quominus
2775 3518 3096 3573 desisterent
3136 3533 3166 3572 a
3192 3518 3471 3576 facinore?
3500 3521 3656 3579 Nunc
3683 3539 3821 3581 vero

2215 3610 2541 3663 contrarium
2575 3608 2796 3672 faciunt,
2827 3626 3013 3666 necem
3044 3610 3303 3680 adjiciunt
3334 3654 3349 3677 ,
3376 3627 3440 3667 ac
3464 3625 3575 3668 tmn
3608 3618 3815 3682 verbis.

2218 3712 2326 3756 tum
2358 3700 2531 3766 factis,
2578 3717 2638 3757 se
2683 3702 3073 3758 inevitahiIibus
3119 3705 3273 3760 malis
3331 3705 3627 3763 involvunt.
3678 3707 3817 3765 Nam

2217 3804 2397 3861 postea
2421 3833 2436 3859 ,
2471 3797 2814 3862 permittente
2844 3793 3015 3849 Pilato
3045 3835 3060 3860 ,
3108 3793 3370 3851 latronem
3396 3798 3700 3855 maluerunt
3726 3801 3817 3857 di-

2215 3885 2372 3951 mitti,
2397 3901 2555 3956 quam
2584 3885 2793 3950 Jesum,
2826 3898 2882 3941 et
2910 3886 3173 3943 latronem
3215 3888 3432 3957 quidem
3454 3930 3468 3951 ,
3493 3890 3817 3949 innumero-

2215 3996 2330 4035 tum
2354 3979 2618 4034 scelerum
2648 3980 2973 4044 convictum,
2998 3980 3341 4037 innocentem
3368 3982 3811 4053 declaraveram,

2214 4070 2482 4124 Christum
2512 4078 2687 4123 autem
2714 4111 2729 4131 ,
2758 4069 2847 4137 qui
2880 4070 3027 4139 ipsos
3058 4068 3190 4124 nihil
3217 4069 3450 4129 lmserat.
3479 4074 3590 4129 imo
3615 4077 3708 4145 qui
3734 4086 3820 4133 tot

2216 4164 2358 4232 ipsos
2382 4165 2653 4217 beneficiis
2688 4162 2958 4229 (παρθενίη,
2984 4162 3311 4219 occiderunt.

2283 4256 2335 4307 5.
2417 4252 2677 4321 Principes
2751 4254 3071 4322 sacerdotum
3138 4272 3169 4306 η
3224 4256 3433 4324 propria
3498 4259 3816 4314 conscientia

2214 4346 2456 4398 ttmmmti.
2518 4344 2848 4416 Eleemosymt
2903 4361 2968 4399 ea:
3024 4346 3223 4413 rapinis
3292 4348 3431 4418 facta
3479 4349 3815 4419 reprobatstr.

2218 4435 2808 4505 Ecclesitedntiocltenw
2848 4438 2977 4489 bona
3028 4446 3075 4490 ct
3123 4438 3432 4509 prtedia.—-
3487 4439 3630 4507 Quid
3680 4456 3815 4513 ergo

2211 4526 2415 4583 ludas?
2450 4527 2516 4583 Ut
2554 4528 2685 4581 vidit
2712 4543 2769 4581 se
2801 4528 3059 4583 inutiliter
3097 4528 3338 4585 laborare
3359 4571 3375 4595 ,
3406 4529 3637 4602 illosque
3665 4534 3813 4591 nolle

2215 4622 2470 4691 recipere.
2510 4620 3049 4693 projecitargenteos,
3072 4619 3141 4673 Et
3180 4622 3351 4676 abiens
3387 4621 3570 4692 laqueo
3614 4641 3808 4683 sessu-

2215 4712 2406 4781 pcndit.
2462 4712 2517 4766 6.
2567 4711 2832 4780 Principes
2856 4720 3023 4765 autem
3047 4712 3365 4766 sacerdotum
3389 4755 3405 4779 ,
3435 4729 3553 4767 cum
3573 4717 3811 4790 accepi}-

2213 4818 2321 4858 sent
2351 4815 2635 4875 argenteos,
2666 4804 2903 4858 dixerunt
2936 4819 2954 4857 :
2982 4801 3106 4858 Non
3134 4804 3247 4859 licet
3268 4822 3352 4860 eos
3393 4808 3590 4879 mittere
3619 4810 3673 4863 in
3695 4828 3814 4866 cor-

2216 4897 2414 4955 bonam,
2448 4895 2565 4965 quia
2589 4894 2803 4964 pretium
2828 4895 3093 4963 sanguinis
3112 4903 3204 4950 est.
3239 4896 3291 4951 7.
3322 4895 3389 4950 Et
3408 4899 3627 4954 consilio
3653 4902 3808 4966 inito,

2214 4997 2440 5040 emerunt
2467 5002 2529 5038 ex
2571 4985 2644 5039 eis
2675 5000 2853 5052 agrum
2903 4985 3048 5054 ﬁguli
3078 4986 3131 5038 in
3170 4986 3483 5054 sepulturam
3510 4993 3811 5061 peregrino—

2214 5094 2346 5130 rum.
2376 5077 2429 5130 8.
2460 5074 2582 5129 Ideo
2606 5086 2808 5130 vocatus
2835 5086 2907 5131 est
2932 5093 3053 5146 ager
3075 5076 3163 5131 ille
3190 5094 3312 5148 ager
3354 5082 3623 5151 sanguinis
3648 5101 3813 5155 usque

2215 5172 2281 5223 ad
2310 5170 2609 5223 hodiernum
2630 5170 2782 5223 client.
2816 5168 2869 5224 9.
2905 5167 3047 5222 Tunc
3072 5170 3335 5240 impletum
3356 5181 3430 5226 est
3451 5176 3591 5243 quod
3614 5177 3810 5233 dictum

2215 5275 2286 5317 cst
2317 5281 2405 5334 per
2423 5260 2698 5316 Jereutiant
2725 5262 3019 5332 prop/telam
3041 5262 3285 5318 dicentem
3318 5280 3338 5318 ε
3372 5265 3460 5321 10.
3491 5265 3560 5320 Et
3600 5284 3812 5337 accepe-

2214 5370 2331 5411 runt
2375 5358 2581 5428 triginta
2605 5371 2901 5428 argenteos,
2933 5360 3149 5428 pretium
3193 5363 3463 5431 appretiati
3494 5362 3681 5433 (ΖαεΙι.
3720 5370 3807 5423 Η.

2220 5451 2343 5520 12),
2370 5451 2456 5504 Η.
2489 5460 2535 5503 et
2559 5450 2805 5503 dederunt
2834 5467 2918 5503 eos
2939 5450 2994 5504 in
3022 5466 3201 5522 agrum
3245 5453 3411 5525 ﬁguli.
3444 5454 3577 5508 sicut
3616 5459 3812 5513 consti~

2216 5545 2309 5597 tuit
2337 5542 2461 5595 mihi
2505 5541 2774 5597 Dominus.
2808 5541 3000 5597 Viden‘
3025 5558 3213 5599 rursus
3244 5559 3339 5599 eos
3366 5561 3394 5599 a
3438 5549 3654 5617 propria
3679 5564 3812 5605 con—

2216 5636 2439 5693 scientia
2474 5634 2921 5703 damnari‘lQuia
2968 5636 3114 5691 enim
3166 5636 3426 5699 sciebant,
3472 5655 3533 5694 se
3578 5640 3813 5697 hominis

2213 5729 2414 5786 caedem
2456 5731 2751 5789 coemisse.
2812 5746 2916 5784 non
2954 5730 3203 5800 jecerunt
3248 5733 3299 5785 in
3336 5733 3658 5801 corhonam,
3711 5736 3809 5791 sed

2218 5828 2462 5876 emerunt
2489 5835 2671 5891 agrum
2719 5821 2863 5892 ﬁguli
2909 5822 2960 5875 in
2990 5821 3323 5894 sepulturam
3374 5826 3809 5896 peregrinorum.
