4050 6432
280 425 380 484 τυι

284 543 399 596 lloc
427 551 556 590 vero
581 544 634 589 et
662 528 1024 586 testimonium
1056 531 1240 577 contra
1284 517 1428 577 illos,
1471 523 1524 566 et
1554 501 1884 579 proditionis

283 637 656 700 argumentum
703 623 821 677 fuit.
867 618 1070 672 Nomen
1117 612 1316 681 quippe
1360 607 1459 659 loci
1491 602 1886 700 clartua‘quam

285 689 410 777 tuba
441 719 643 775 cicdem
671 715 738 767 ab
767 712 872 767 illis
896 713 1253 778 perpetratum
1283 697 1533 752 omnibus
1560 689 1881 759 proclamat.

286 816 470 884 Neque
496 808 814 877 simpliciter
851 803 952 854 hoc
985 796 1203 858 faciunt,
1235 790 1326 844 sed
1366 788 1496 842 inito
1530 780 1758 883 consilto
1788 816 1803 839 ,
1835 783 1890 828 et

287 909 365 960 sic
388 871 817 972 ubique-agunt,
850 905 904 946 ut
953 890 1132 945 nullus
1173 885 1242 939 ab
1273 884 1373 936 hoc
1407 878 1611 933 scelere
1639 873 1708 926 sit
1734 871 1884 972 inno-

288 1013 440 1061 cens,
469 995 562 1050 sed
594 1004 783 1046 oumes
808 985 971 1041 noxii.
999 981 1126 1036 Ha‘c
1147 991 1273 1032 vero
1295 986 1454 1042 supra
1480 969 1637 1021 allata
1663 961 1890 1033 prephe-

289 1053 362 1148 tia
389 1053 728 1161 praanuntiat.
758 1078 948 1134 Viden’
986 1070 1258 1144 quomodo
1300 1081 1404 1120 non
1433 1059 1666 1131 apostoli
1703 1053 1886 1118 modo,

289 1157 571 1238 sed-etiam
604 1174 878 1247 propheta:
898 1165 1181 1238 opprobria
1215 1161 1300 1214 illa
1330 1167 1579 1212 accurate
1633 1157 1876 1209 narrent,

289 1287 341 1330 ct
390 1238 625 1340 undique
673 1265 976 1337 passionem
1026 1255 1341 1328 prmdicent,
1391 1258 1445 1302 ct
1494 1238 1892 1315 przcnuntient?

293 1369 404 1422 lloc
433 1330 924 1427 non-intelligentes
944 1349 1113 1406 Judaei
1141 1348 1192 1400 iu
1213 1342 1403 1410 emptis
1430 1330 1889 1427 perstitere.1‘\lam

291 1460 334 1511 si
370 1457 421 1509 in
453 1453 743 1508 corbonam
794 1443 1192 1512 coniecissent,
1225 1449 1314 1489 res
1343 1446 1449 1486 non
1483 1429 1560 1483 sic
1608 1423 1890 1480 manifesta

292 1549 517 1609 fuisset;
551 1541 650 1612 ipsi
675 1555 807 1594 vero
838 1548 1024 1604 agrum
1065 1537 1308 1584 ementes
1336 1519 1685 1590 sequentibus
1724 1528 1892 1585 gene-

291 1638 590 1696 rationibus
621 1643 795 1687 totnm
836 1627 1226 1699 patefecerunt.
1278 1617 1474 1672 Audite
1523 1616 1783 1682 quotquot
1827 1621 1892 1662 ex

290 1728 531 1784 aedibus
569 1720 822 1777 videmini
860 1715 1119 1773 beneficia
1165 1718 1426 1781 praestare
1450 1745 1464 1769 ,
1493 1714 1547 1758 et
1593 1702 1891 1756 animarum

293 1823 571 1876 hominum
594 1818 824 1888 pretium
855 1810 1118 1879 accipitis.
1168 1803 1406 1860 Judaietc
1428 1806 1556 1852 sunt
1579 1789 1890 1864 hujusmodi

289 1917 671 1982 eleemosyme,
703 1910 810 1962 imo
851 1905 1028 1975 potius
1053 1899 1328 1954 satanicte.
1373 1893 1512 1947 Sunt
1551 1888 1695 1943 enim
1723 1926 1738 1949 ,
1770 1889 1896 1937 sunt

292 2008 577 2075 hodieque,
611 2002 700 2073 qui
741 1997 968 2068 direptis
998 1993 1406 2048 innumerorum
1440 1982 1596 2037 bonis
1621 2019 1635 2043 ,
1668 1991 1727 2032 se
1753 1985 1894 2030 t0tos

290 2107 577 2158 exeusatos
606 2101 794 2163 putant
824 2134 836 2153 ,
871 2090 912 2144 si
952 2085 1036 2141 vel
1065 2083 1252 2138 decem
1297 2079 1381 2132 vel
1429 2083 1646 2131 centum
1695 2080 1894 2122 aureos

293 2201 539 2264 erogent.
571 2161 648 2243 De
690 2185 885 2257 quibus
913 2179 1172 2250 proliheta
1195 2174 1322 2228 dicit
1352 2188 1365 2223 :
1415 2163 1730 2239 Operiebatis
1759 2165 1774 2194 ι
1811 2161 1893 2213 la-

290 2255 481 2358 cryinis
509 2284 672 2336 altare
696 2255 862 2332 meum
891 2273 1047 2345 (Mal.
1090 2271 1146 2325 2.
1181 2263 1458 2358 l3).7Non
1507 2261 1620 2313 vult
1647 2255 1894 2358 Christus

288 2345 374 2435 ειν
406 2379 590 2446 rapina
636 2371 866 2434 nutriri,
900 2381 1004 2421 non
1054 2357 1358 2431 huiusmodi
1412 2355 1588 2409 cibum
1641 2345 1885 2402 admittit.

289 2471 426 2540 Quid
457 2437 742 2523 [hominum
769 2456 1093 2518 contumelia
1125 2451 1316 2512 aflicis,
1343 2447 1465 2500 dum
1499 2439 1773 2497 immunda
1817 2437 1892 2490 illi

289 2534 494 2618 ἔπει-ετ
541 2559 729 2614 Melius
774 2561 917 2608 esset
960 2549 1099 2603 fame
1149 2543 1513 2597 tabescentem
1546 2534 1886 2601 relinquere,

288 2669 451 2726 quam
484 2650 677 2704 talibus
715 2658 933 2715 pascere
975 2639 1112 2693 cibis
1143 2655 1154 2689 :
1191 2631 1322 2688 illud
1369 2627 1607 2685 crudelis
1655 2621 1893 2726 hominis

288 2712 470 2805 esset,
501 2741 602 2794 hoc
630 2712 755 2793 vero
785 2743 839 2788 et
863 2729 1099 2786 crudelis
1148 2735 1202 2780 et
1248 2717 1643 2777 contumeliosi.
1703 2712 1893 2768 Melius

293 2847 377 2890 est
407 2833 536 2888 nihil
566 2830 718 2894 dare,
742 2842 902 2898 quam
923 2825 1100 2879 aliena
1129 2819 1247 2873 aliis
1277 2817 1426 2871 dare.
1453 2813 1546 2867 Dic
1570 2810 1712 2865 enim
1736 2805 1889 2872 mihi,

292 2933 338 2984 si
389 2931 526 2984 duos
562 2925 809 2981 Immites
837 2920 1049 2974 videres
1076 2928 1304 2985 quorum
1334 2911 1473 2962 alius
1503 2905 1677 2960 nudus
1716 2911 1886 2966 esset,

295 3022 432 3077 alius
458 3018 783 3073 vestimento
812 3012 1029 3068 indutus
1055 3051 1070 3076 ,
1109 3015 1164 3063 et
1216 3005 1363 3059 illum
1393 3001 1480 3070 qui
1511 2997 1724 3052 indutus
1750 3000 1891 3047 esset

288 3125 519 3166 exaeres
541 3151 556 3174 ,
590 3116 647 3162 ut
673 3104 878 3160 nudum
909 3101 1153 3171 aperires
1173 3138 1188 3162 ,
1237 3109 1414 3147 annon
1443 3090 1622 3158 inique
1661 3101 1845 3156 ageres
1867 3085 1891 3117 ⁹

288 3201 519 3257 Maxime
548 3207 716 3253 certe.
745 3192 898 3262 Quod
929 3192 975 3246 si
1002 3206 1114 3245 rem
1145 3196 1307 3241 totam
1327 3197 1484 3253 quam
1513 3178 1734 3250 rapuisti
1755 3176 1889 3231 dans

287 3293 465 3357 alteri,
495 3291 672 3360 inique
717 3286 835 3357 agis
859 3325 876 3352 ,
907 3299 1008 3338 nec
1048 3280 1145 3334 das
1184 3277 1586 3344 eleemosynam
1616 3287 1632 3324 :
1674 3268 1888 3340 quando

289 3385 568 3438 minimam
598 3391 805 3450 partem
845 3377 940 3431 das
971 3373 1106 3443 rapti
1158 3368 1373 3440 peculii,
1409 3376 1464 3420 et
1490 3362 1617 3418 illud
1649 3363 1889 3417 elcemo-

287 3491 480 3548 ayaam
512 3449 696 3537 vocas,
729 3484 864 3540 quas
897 3481 1082 3537 poenas
1131 3477 1239 3517 non
1268 3458 1460 3514 dabis?
1484 3455 1616 3511 Nam
1647 3453 1690 3508 si
1714 3452 1770 3518 ii,
1796 3449 1886 3520 qui

289 3545 478 3622 mutila
501 3563 749 3618 animalia
779 3557 1096 3615 offerebant,
1124 3554 1177 3607 in
1204 3551 1407 3606 crimen
1429 3545 1782 3608 vocabantur,
1807 3549 1886 3603 tu,

286 3659 377 3728 qui
410 3657 593 3726 pejora
638 3653 767 3707 facis
791 3693 805 3716 ,
836 3663 993 3720 quam
1023 3645 1234 3701 veniam
1262 3636 1646 3708 consequeris?
1675 3633 1885 3690 Etenim

285 3725 332 3803 si
365 3725 423 3804 ei
448 3747 534 3801 cui
584 3744 806 3798 abstulit
851 3741 936 3794 fur
963 3738 1208 3793 restituat
1239 3733 1290 3788 id
1323 3741 1527 3786 tantum
1559 3726 1697 3798 quod
1741 3725 1888 3779 abri-

287 3843 424 3914 puit,
455 3841 640 3909 inique
666 3835 809 3906 agit,
851 3844 904 3888 et
935 3846 1104 3900 usque
1158 3827 1293 3882 adeo
1325 3834 1382 3878 ut
1410 3820 1690 3893 quadrupli
1739 3817 1888 3872 addi-

288 3910 432 3989 iione
458 3932 543 3986 vix
575 3937 850 3999 peccatum
877 3926 1008 3988 luat,
1035 3931 1088 3975 et
1131 3921 1244 3972 hare
1275 3919 1326 3970 in
1359 3915 1526 3970 veteri
1573 3914 1689 3982 lege
1744 3929 1756 3964 :
1798 3910 1887 3979 qui

288 4043 396 4080 non
426 4025 597 4078 solum
621 4020 842 4082 furatur,
875 4015 967 4069 sed
996 4014 1156 4068 etiam
1182 4011 1446 4064 violenter
1474 4005 1688 4073 abripit,
1715 4017 1888 4071 neque

288 4119 363 4171 illi
394 4116 625 4170 restituit
671 4127 701 4166 a
742 4125 850 4179 quo
886 4107 1111 4173 abripuit
1140 4144 1154 4168 ,
1185 4102 1278 4156 sed
1309 4101 1499 4162 alteri,
1533 4113 1595 4150 ac
1625 4111 1730 4150 non
1759 4092 1887 4164 qua-

287 4207 535 4277 druplum
563 4247 576 4270 ,
609 4205 717 4258 imo
760 4217 827 4255 ne
852 4199 1132 4255 dimidium
1159 4194 1372 4264 quidem
1399 4234 1412 4255 ,
1449 4206 1548 4245 nec
1579 4190 1684 4258 iam
1724 4188 1775 4240 in
1803 4203 1889 4240 ve-

291 4302 415 4365 teri,
451 4297 543 4352 sed
573 4299 623 4350 in
665 4308 803 4348 nova
831 4293 968 4360 lege,
997 4289 1170 4358 cogita
1201 4296 1455 4354 (piat-num
1508 4284 1682 4352 ignem
1718 4281 1768 4333 in
1800 4295 1888 4332 ea-

291 4401 384 4462 pttt
411 4404 564 4444 suum
589 4393 862 4455 congerat.
889 4381 1041 4450 Quod
1071 4381 1113 4433 si
1159 4378 1391 4433 nondum
1420 4391 1602 4443 pinnas
1623 4373 1734 4438 det,
1767 4372 1888 4426 idco

291 4486 443 4538 illum
491 4483 696 4550 lugeas,
729 4475 871 4547 quod
915 4474 1014 4528 sibi
1048 4473 1306 4538 maiorem
1335 4470 1429 4522 ira:
1461 4467 1772 4521 thesaurum
1804 4475 1886 4517 at-

291 4575 488 4637 trahat,
514 4571 612 4625 nisi
640 4566 1008 4638 paenitentiam
1032 4572 1171 4633 agat.
1206 4561 1342 4626 Quid
1373 4559 1507 4614 enim
1533 4557 1834 4611 existimatis
1870 4598 1886 4621 ,

293 4666 484 4736 inquit,
516 4664 633 4717 illos
659 4661 795 4716 solos
824 4667 1112 4726 peccatores
1155 4656 1310 4725 fuisse
1331 4696 1344 4718 ,
1383 4669 1537 4722 super
1565 4669 1688 4720 quos
1732 4652 1890 4704 turris

291 4753 517 4811 cecidit?
549 4751 692 4816 Non,
718 4751 830 4802 dico
857 4749 1013 4811 vobis,
1059 4747 1146 4799 sed
1171 4745 1265 4798 nisi
1297 4745 1637 4813 paenitentiam
1668 4742 1887 4812 egeritis,

293 4858 340 4899 et
383 4861 469 4899 vos
510 4843 660 4896 simul
710 4840 932 4910 peribitis
964 4836 1129 4908 (Luc.
1187 4836 1271 4890 15.
1301 4837 1356 4890 4.
1391 4835 1481 4904 5).
1512 4832 1888 4888 Pmnitentiam

293 4952 514 5009 agamus
546 4933 705 5005 igitur
725 4973 740 4995 ,
789 4940 847 4987 et
876 4947 905 4984 a
939 4931 1123 5000 rapina
1156 4945 1338 4998 puram
1369 4926 1769 4996 eleemosynam
1797 4925 1894 4980 dc—

296 5045 438 5092 mus,
494 5028 820 5094 largiterque
869 5039 1174 5092 erogemus.
1228 5022 1468 5092 Cogitate
1511 5020 1727 5074 Judzcos
1766 5021 1890 5074 olim

292 5133 420 5179 octo
447 5122 591 5176 mille
618 5120 831 5174 Levitas
852 5119 1070 5179 aluisse,
1103 5125 1157 5170 et
1186 5131 1307 5171 cum
1339 5115 1543 5170 Levitis
1569 5155 1584 5178 ,
1623 5114 1810 5166 viduas
1843 5122 1894 5165 ct

295 5215 546 5284 pupillos,
583 5227 644 5266 ac
673 5218 932 5281 prmterea
963 5209 1276 5262 ministeriis
1327 5207 1444 5260 aliis
1480 5205 1763 5270 obnoxios,
1797 5205 1895 5256 liii-

296 5309 424 5362 titia:
446 5321 657 5376 quoque
688 5320 909 5372 operam
950 5301 1166 5356 dedisse
1199 5319 1210 5351 :
1237 5315 1378 5355 nunc
1409 5314 1538 5352 vero
1565 5313 1721 5367 agros
1746 5339 1759 5360 ,
1809 5297 1877 5348 do

295 5415 435 5461 tuos,
456 5400 750 5454 locationes
781 5398 995 5459 mdium,
1027 5394 1270 5448 vehicula
1293 5434 1308 5456 ,
1336 5393 1621 5458 muliones,
1646 5392 1816 5446 mulos
1843 5403 1896 5444 et

308 5493 476 5546 multa
533 5492 636 5544 alia
685 5488 990 5554 huiusmodi
1035 5486 1274 5558 possidet
1297 5486 1536 5541 Ecclesia
1566 5489 1635 5536 ob
1666 5493 1893 5538 vestram

299 5584 697 5640 crudelitatem.
731 5582 1018 5650 Oporteret
1068 5594 1237 5648 penes
1269 5593 1365 5632 vos
1394 5593 1515 5633 esse
1539 5577 1680 5631 hunc
1713 5577 1897 5631 Eccle-

302 5679 399 5760 sim
457 5675 768 5729 thesaurum
798 5714 812 5738 ,
846 5682 900 5727 et
930 5657 1395 5742 proventum‘cjns
1435 5685 1500 5724 ex
1531 5680 1708 5724 vestro
1733 5670 1894 5722 animi

367 5809 381 5838 ¹
411 5809 484 5857 sic
523 5805 791 5917 legendum
839 5814 934 5862 est,
970 5809 1108 5865 juxta
1135 5805 1446 5854 Evannelium
1471 5805 1696 5855 Graecum
1724 5820 1736 5864 ;
1760 5806 1898 5867 juxta

367 5882 422 5917 ro
445 5877 570 5917 More
597 5904 607 5915 .
637 5876 687 5917 et
711 5869 942 5917 cuiusdam
966 5876 1070 5917 Mss.
1098 5843 1362 5917 legentium
1390 5874 1544 5917 esset.
1578 5867 1867 5917 aperit-bant.

309 5882 422 5920 vero
445 5843 607 5923 βιοτρί
637 5876 687 5918 et
711 5843 942 5931 φωεέιέξῆ
966 5843 1867 5930 ἱιζέῗῖεἷρξἓὶῒάὶῆ“ὀΞςέί,”ὄιῖἆῖίέιτεῗήἲ

1163 407 1227 462 IN
1272 392 1678 459 MATTII/EUM
1721 386 1950 444 HOMIL.

1997 383 2258 439 LXXXV.
2301 383 2374 435 al.
2416 379 2706 436 LXXXVI.
3502 375 3609 430 Ἰὓῖ

1999 499 2174 550 stinlio
2208 495 2442 566 pendere
2471 513 2484 550 :
2517 510 2658 549 nunc
2684 502 2862 548 autem
2898 492 3005 546 duo
3078 491 3309 546 absurda
3349 490 3476 548 hinc
3516 505 3607 543 na—

1995 599 2250 650 scuntur;
2288 601 2409 640 nam
2439 595 2495 640 et
2521 601 2625 640 vos
2643 586 2762 640 sine
2791 583 2966 640 fructu
2998 583 3253 650 manetis,
3278 593 3332 638 ct
3355 580 3612 637 sacerdo-

1997 690 2078 735 tes
2110 681 2197 734 l‘lei
2217 680 2316 735 sibi
2337 695 2442 733 non
2462 678 2822 746 competentia
2852 685 3103 730 tractant.
3133 678 3323 728 Annon
3349 682 3603 743 poterant

1995 773 2360 841 apostolorum
2387 781 2630 841 tempore
2648 771 2838 824 domus
2863 779 2913 824 ct
2932 768 3047 839 agri
3063 783 3282 821 manere
3303 766 3321 819 ?
3342 765 3448 820 Cur
3470 781 3601 835 ergo

1997 868 2086 922 illa
2118 866 2421 921 vendebant
2450 906 2464 929 ,
2494 876 2546 920 et
2575 865 2808 935 pretium
2832 862 3266 917 distribuebant?
3306 859 3438 927 Quia
3472 859 3599 913 illud

1998 960 2192 1014 melius
2220 968 2357 1012 erat.

2068 1054 2120 1105 τί.
2150 1051 2256 1105 Sed
2289 1067 2427 1103 llllllC
2455 1057 2633 1117 patres
2665 1055 2876 1101 vestros
2907 1046 3066 1098 timor
3103 1044 3326 1106 invasit,
3363 1059 3427 1095 nc
3454 1042 3608 1095 vobis

1998 1144 2198 1198 furiosa
2229 1159 2408 1197 rermn
2437 1141 2775 1195 smcularium
2805 1138 3098 1208 cupiditate
3127 1136 3321 1205 captis,
3346 1135 3606 1204 colligen-

1998 1237 2268 1304 tibusque,
2303 1250 2403 1287 nec
2430 1233 2837 1303 spargcntibus,
2881 1230 3202 1293 viduarum,
3229 1229 3555 1299 pupillorum
3587 1227 3602 1258 ⁸

1997 1337 2052 1381 et
2083 1327 2344 1395 virginum
2377 1325 2527 1378 chori
2569 1325 2715 1378 fame
2744 1331 2968 1393 pereant
3001 1339 3015 1374 :
3047 1321 3167 1374 ideo
3213 1322 3327 1373 haec
3357 1320 3427 1371 ita
3455 1333 3604 1370 com-

1999 1434 2201 1490 ponere
2227 1416 2396 1472 coacti
2427 1423 2570 1470 sunt.
2603 1415 2788 1484 Neque
2815 1415 2958 1469 enim
3004 1412 3261 1465 videbant
3299 1409 3605 1478 hujusmodi

1998 1512 2232 1566 dedecus
2260 1509 2546 1564 admittere
2575 1549 2589 1568 ,
2617 1505 3030 1577 sedcupiebant
3083 1502 3376 1557 voluntatis
3408 1515 3603 1554 vesmc

2002 1603 2332 1672 propositum
2367 1601 2496 1669 ipsis
2544 1607 2863 1668 proventum
2913 1612 3036 1653 esse
3061 1637 3076 1660 ,
3110 1604 3168 1650 et
3199 1593 3322 1648 inde
3372 1593 3603 1645 fluctum

1999 1696 2315 1762 decerpere,
2369 1691 2495 1746 dum
2539 1690 2614 1744 illi
2659 1689 2906 1758 precibus
2939 1697 3145 1741 tantum
3204 1685 3604 1740 incumberent.

1999 1785 2153 1840 Nunc
2178 1794 2360 1839 autem
2391 1784 2512 1837 illos
2537 1783 2793 1853 coegistis
2823 1821 2838 1846 ,
2866 1790 2922 1834 ut
2948 1795 3044 1834 eos
3076 1782 3166 1849 qui
3199 1793 3287 1832 res
3319 1775 3610 1830 saeculares

1999 1888 2053 1933 et
2080 1877 2371 1930 familiares
2403 1884 2630 1929 tractant
2680 1875 3055 1935 imitarentur;
3101 1869 3244 1924 unde
3283 1869 3464 1922 omnia
3515 1883 3609 1922 sus

1999 1972 2174 2040 deque
2204 1983 2358 2025 versa
2381 1978 2523 2022 sunt.
2555 1966 2688 2021 Nam
2720 1982 2842 2021 cum
2865 1974 2922 2020 et
2952 1979 3047 2019 vos
3077 1973 3132 2018 et
3183 1977 3281 2017 nos
3306 1961 3496 2016 iisdem
3529 1962 3606 2014 si-

2000 2077 2122 2117 mus
2172 2061 2405 2130 negotiis
2455 2059 2681 2124 intenti,
2713 2058 2834 2127 quis
2879 2057 3047 2111 Deum
3081 2054 3352 2124 placobit"
3386 2051 3509 2106 Ideo
3541 2052 3604 2103 os

2000 2168 2106 2208 non
2136 2151 2396 2206 audemus
2422 2152 2656 2220 aperire,
2689 2151 2812 2219 quia
2860 2148 3098 2204 Ecclesia
3146 2145 3276 2201 nihil
3306 2163 3334 2199 a
3379 2145 3609 2199 smeula-

2000 2245 2146 2299 ribus
2197 2245 2503 2300 hominibus
2530 2242 2728 2298 diﬂert.
2789 2242 2906 2296 Non
2938 2239 3165 2295 audistis
3195 2238 3470 2308 apostolos
3493 2277 3507 2300 ,
3545 2252 3612 2290 ne

1999 2340 2212 2408 quidem
2247 2338 2502 2407 pecunias
2538 2338 2657 2390 sine
2694 2336 2879 2391 labore
2923 2333 3181 2388 collectas
3209 2328 3613 2385 diStribuendas

1998 2431 2343 2502 suscepisse"
2370 2430 2522 2484 Nunc
2548 2440 2729 2484 autem
2758 2427 3020 2497 episcopi,
3050 2434 3354 2486 curatores,
3386 2437 3607 2478 (Econo-

1999 2539 2117 2579 mos
2146 2533 2200 2578 et
2225 2538 2498 2592 caupones
2518 2519 2823 2591 hujusmodi
2850 2517 3212 2573 sollicitudine
3234 2523 3492 2585 superant
3523 2521 3612 2567 :et

1997 2633 2118 2673 cum
2138 2624 2415 2686 oporteret
2431 2615 2552 2670 illos
2565 2614 2866 2668 animarum
2882 2619 3182 2667 vestrarum
3200 2621 3384 2662 curam
3399 2621 3608 2676 gerere,

1997 2708 2186 2763 eadem
2212 2723 2333 2777 qua:
2361 2715 2679 2775 exceptores
2701 2747 2716 2769 ,
2745 2713 3067 2775 qnmstores,
3099 2700 3376 2756 rationarii
3409 2707 3468 2754 et
3508 2713 3608 2768 pc-

1997 2801 2224 2856 cuniarii
2249 2815 2441 2855 curare
2479 2808 2748 2870 coguntur
2782 2816 2794 2851 :
2826 2797 2894 2854 de
2937 2797 3020 2852 his
3049 2795 3291 2868 quotidie
3337 2803 3462 2847 sunt
3501 2793 3611 2846 sol-

1998 2896 2150 2950 liciti.
2208 2893 2338 2948 Hice
2386 2909 2495 2947 non
2549 2893 2746 2946 frustra
2803 2891 3068 2962 deploro,
3105 2890 3202 2946 sed
3257 2900 3314 2944 ut
3360 2887 3607 2960 qua-dam

1996 2986 2304 3043 emendatio
2354 2995 2410 3040 et
2453 2986 2680 3039 mutatio
2743 2993 3040 3054 sequatur,
3102 2993 3161 3038 ut
3215 2999 3312 3036 nos
3353 2982 3442 3051 qui
3504 2980 3605 3034 hac

1994 3083 2144 3152 gravi
2171 3080 2431 3134 servitute
2473 3078 2800 3147 premimur,
2831 3075 3261 3132 misericordiam
3307 3087 3608 3142 consequa-

1996 3192 2119 3230 mur
2139 3217 2155 3241 ,
2185 3184 2242 3227 ut
2266 3188 2362 3246 vos
2388 3171 2507 3227 sitis
2525 3170 2783 3226 Ecclesia:
2809 3180 2866 3225 et
2897 3177 3192 3241 proventus
3213 3175 3268 3222 ct
3295 3165 3602 3219 thesaurus.

1996 3270 2088 3326 Sin
2118 3268 2298 3321 nolitis
2324 3267 2367 3332 ',
2397 3280 2525 3321 ecce
2561 3279 2830 3334 pauperes
2858 3278 3042 3318 coram
3071 3263 3223 3315 vobis
3248 3269 3372 3314 sunt
3405 3276 3418 3311 :
3443 3267 3602 3328 quot—

1993 3373 2126 3434 quot
2149 3361 2467 3431 poterimus,
2491 3359 2734 3421 alemus;
2769 3371 2906 3427 quos
2955 3372 3062 3410 non
3095 3355 3414 3424 poterimus,
3446 3351 3602 3406 vobis

1993 3457 2218 3509 alendus
2243 3454 2612 3521 relinquemus
2635 3492 2652 3517 ,
2684 3465 2752 3506 ne
2784 3450 2836 3504 in
2883 3450 2971 3504 die
2995 3446 3276 3504 trenmnda
3310 3446 3472 3501 verba
3503 3445 3594 3498 illa

1993 3549 2243 3612 audiatis,
2277 3544 2792 3602 immisericordibus
2818 3553 2871 3599 et
2905 3543 3213 3598 inhumanis
3237 3541 3380 3596 dicta
3413 3559 3426 3594 :
3460 3539 3603 3594 Esu-

1992 3645 2204 3698 rientem
2232 3658 2312 3695 me
2333 3641 2547 3705 vidistis,
2573 3649 2618 3694 et
2641 3656 2744 3693 non
2774 3639 2995 3692 aluistis.
3026 3637 3154 3692 llaec
3176 3647 3326 3692 certe
3356 3635 3606 3690 inhuma-

1995 3736 2131 3788 nitas
2162 3742 2216 3786 ct
2248 3747 2340 3787 vos
2363 3739 2417 3786 ct
2439 3746 2536 3785 nos
2567 3730 2824 3785 ridiculos
2844 3730 3030 3794 ellicit,
3061 3729 3185 3798 quia
3213 3729 3479 3792 oratione,
3506 3726 3606 3779 do-

1992 3827 2187 3891 ctrina,
2217 3825 2533 3894 ezeterisque
2559 3824 2760 3878 sanctis
2784 3822 3061 3877 exercitiis
3094 3821 3318 3884 relictis,
3350 3819 3440 3874 alii
3465 3819 3599 3882 vini,

1993 3919 2081 3971 alii
2113 3916 2391 3980 frumenti,
2441 3915 2530 3969 alii
2574 3915 2805 3969 aliarum
2845 3929 3023 3969 rerum
3076 3911 3450 3966 venditoribus
3499 3910 3606 3964 liti-

1992 4009 2169 4079 gando
2197 4009 2488 4062 miscemur
2518 4007 2664 4060 omni
2717 4017 2980 4076 tempore.
3024 4005 3161 4060 llinc
3194 4004 3346 4070 νίκαν,
3380 4012 3604 4058 conten-

1996 4103 2189 4167 tiones,
2236 4110 2292 4156 et
2342 4099 2650 4170 quotidiana
2677 4100 2917 4156 convicia
2946 4114 2960 4158 :
2995 4098 3326 4168 singulisque
3353 4096 3606 4152 sacerdo-

1996 4194 2136 4248 tibus
2162 4195 2379 4248 nomina
2423 4192 2667 4263 quredam
2709 4192 3081 4262 imponuntur,
3109 4206 3232 4260 qua:
3270 4188 3606 4244 scenlaribus

1993 4287 2198 4340 aedibus
2230 4287 2399 4356 magis
2425 4293 2830 4354 competercnt;
2859 4298 2980 4337 eum
3013 4292 3293 4354 Oporterct
3342 4281 3463 4336 aliis
3505 4298 3606 4336 no-

1998 4380 2229 4433 minibus
2250 4379 2447 4443 vocari,
2484 4394 2605 4448 qua:
2647 4386 2952 4433 statuerunt
2975 4378 3228 4446 apostoli,
3257 4376 3324 4431 ab
3347 4376 3606 4430 alimento

1997 4471 2322 4541 pauperibus
2338 4473 2484 4534 dato,
2504 4487 2531 4524 a
2557 4471 2852 4539 patrocinio
2875 4471 3017 4526 laesis
3037 4485 3322 4537 concesso,
3336 4471 3402 4524 ab
3423 4469 3607 4538 hospi-

1996 4565 2222 4626 talitate,
2252 4581 2279 4618 a
2319 4564 2558 4635 praestito
2581 4565 2852 4634 Oppressis
2884 4564 3086 4618 auxilio
3112 4605 3126 4629 ,
3161 4581 3190 4618 a
3221 4579 3346 4618 cura
3376 4563 3609 4634 pupillo-

1996 4674 2136 4723 rum,
2171 4674 2199 4711 a
2253 4658 2566 4713 defensione
2593 4659 2891 4718 viduarum.
2924 4674 2952 4711 a
2995 4659 3330 4728 protectione
3378 4658 3602 4728 virgini-

1999 4755 2096 4810 bus
2125 4755 2269 4819 data,
2303 4763 2356 4809 et
2380 4755 2494 4808 haec
2515 4755 2814 4809 ministeria
2835 4754 3210 4810 sacerdotibus
3241 4754 3398 4817 tradi,
3426 4753 3604 4822 potius

1996 4861 2153 4916 quam
2176 4860 2424 4915 agrorum
2449 4844 2770 4914 aediumque.
2788 4844 2914 4900 [late
2938 4845 3079 4899 enim
3103 4843 3359 4898 Ecclesia:
3382 4852 3507 4898 sunt
3531 4844 3608 4898 cio

1999 4939 2154 4993 melia
2181 4958 2193 4993 :
2220 4938 2272 4991 hi
2299 4939 2535 4993 thesauri
2558 4938 2658 5008 ipsi
2685 4948 3075 5006 competentes,
3097 4953 3218 5008 qua:
3250 4937 3475 4992 multam
3501 4951 3606 4990 no-

2000 5033 2080 5087 bis
2109 5032 2443 5098 facilitatem,
2462 5032 2722 5102 vobisque
2754 5032 3057 5096 utilitatem,
3087 5031 3195 5084 imo
3222 5031 3386 5084 etiam
3431 5027 3606 5084 facili-

2001 5139 2161 5182 tatem
2189 5137 2466 5198 przesteut.
2488 5128 2622 5184 Nam
2648 5144 2742 5198 per
2772 5129 3108 5197 Deigratiam
3134 5139 3265 5197 puto
3293 5143 3384 5183 eos
3403 5128 3493 5198 qui
3522 5127 3612 5184 hic

1999 5231 2400 5294 roogregantur
2428 5223 2496 5277 ad
2523 5233 2740 5277 centum
2769 5223 2915 5278 mille
2947 5224 3255 5292 pertingere
3281 5239 3297 5286 ',
3330 5230 3386 5276 ct
3415 5221 3464 5275 si
3492 5222 3612 5276 sin-

1999 5318 2106 5385 guli
2131 5319 2355 5387 singulis
2381 5317 2702 5387 pauperibus
2725 5317 2963 5387 singulos
2998 5332 3165 5385 panes
3186 5316 3397 5379 darent,
3417 5329 3612 5370 omnes

2005 5410 2053 5460 in
2081 5426 2258 5465 rerum
2286 5410 2612 5465 abundantia
2660 5419 2844 5465 essent
2873 5429 2885 5464 :
2912 5411 2955 5464 si
2989 5411 3183 5480 singuli
3217 5425 3381 5463 unum
3415 5409 3613 5465 darent

2003 5505 2242 5565 obolum,
2273 5519 2341 5559 nc
2387 5519 2525 5558 unus
2570 5503 2788 5572 quidem
2841 5517 3048 5572 pauper
3084 5511 3253 5566 esset,
3305 5517 3482 5571 neque
3535 5511 3611 5555 tot

2005 5599 2223 5653 dicteria
2253 5608 2308 5652 et
2339 5599 2532 5667 probra
2562 5597 2958 5650 sustineremus
3003 5597 3072 5651 ob
3103 5597 3425 5666 prmdiorum
3456 5595 3606 5649 solli-

2005 5691 2318 5746 citudinem.
2341 5690 2472 5744 Nam
2502 5689 2648 5754 illud,
2679 5687 2851 5741 Vende
2867 5690 3101 5742 universa
3123 5705 3238 5759 qua
3265 5689 3433 5751 Indies,
3461 5696 3508 5741 et
3539 5686 3622 5740 dtL

2072 5811 2085 5838 ι
2124 5807 2250 5858 Vox.
2279 5803 2760 5870 pupillo_rit_m,_decst
2791 5805 2839 5870 in
2865 5804 3028 5870 \Iorol.

2079 5872 2095 5899 9
2134 5877 2260 5930 lltrc,
2279 5867 2369 5919 ’δίη
2393 5867 2573 5929 nolitis,
2596 5867 2776 5918 desunt
2796 5869 2844 5916 in
2872 5868 3034 5918 Morel.
