4050 6424
507 362 610 414 7ϋῦ

507 473 831 545 pauperibus.
873 481 916 524 et
943 471 1072 537 veni,
1106 487 1307 540 sequere
1334 487 1410 521 me
1431 468 1642 538 (Matth.
1668 468 1755 522 19.
1778 467 1893 534 21),
1922 466 2083 518 etiam

505 565 569 617 ad
627 561 881 619 Ecclesia:
939 561 1194 630 prmsides
1240 561 1306 615 de
1352 561 1605 614 Et‘clesiu:
1659 557 2086 629 possessionibus

505 665 802 721 opportune
842 652 1070 706 dicatur.
1104 653 1224 705 Alio
1263 651 1406 706 enim
1441 652 1597 703 modo
1643 667 1744 703 non
1797 664 2084 718 possumus

507 755 561 793 ut
590 751 803 811 Oportet
832 743 1002 812 sequi,
1033 741 1134 794 nisi
1169 742 1312 794 ornni
1340 739 1694 794 sollicitudine
1739 739 2001 792 crassiore
2030 747 2086 791 et

507 833 695 886 viliore
744 833 910 885 simus
961 831 1132 886 vacui.
1187 830 1336 885 Nunc
1400 843 1576 883 autem
1635 830 1726 883 Dei
1781 829 2087 882 sacerdotes

505 924 806 986 vindemim,
846 924 1013 976 'messi
1041 963 1054 988 ,
1098 922 1388 976 venditioni
1419 932 1470 974 et
1510 921 1763 989 eruptioni
1819 919 2083 974 fructuum

505 1015 634 1069 dant
662 1032 878 1084 operam
905 1032 916 1080 ;
949 1027 1001 1069 et
1024 1016 1113 1068 alii
1135 1016 1350 1082 quidem
1385 1016 1591 1069 umbrae
1618 1017 1915 1069 servientes
1944 1056 1956 1070 .
1993 1015 2084 1068 ho-

508 1124 623 1161 rum
651 1111 886 1161 onmium
914 1109 1175 1162 immunes
1221 1120 1392 1173 erant,
1424 1112 1522 1163 etsi
1553 1109 1813 1178 corporali
1843 1110 2084 1166 ministe-

510 1201 594 1264 rio
624 1201 856 1268 deputati
883 1218 897 1265 ;
924 1215 1020 1254 nos
1047 1212 1223 1255 autem
1255 1203 1343 1269 qui
1370 1201 1438 1254 ad
1467 1203 1577 1270 ipsa
1607 1201 1898 1270 penetralia
1925 1203 2088 1257 caelo-

508 1307 627 1347 rum
644 1306 951 1358 evocantur,
974 1303 1026 1348 et
1044 1293 1095 1345 in
1122 1308 1248 1348 vera
1270 1304 1452 1348 Saneta
1471 1303 1776 1348 sanctorum
1803 1295 2084 1354 intramus,

510 1393 864 1436 mercatorum
917 1392 972 1438 et
1018 1398 1319 1451 cauponum
1364 1399 1521 1438 curas
1563 1385 1900 1452 suscipimus.
1954 1386 2088 1441 [line

508 1475 798 1541 Scriptum:
837 1474 1123 1528 admodum
1152 1474 1507 1544 negliguntur,
1541 1475 1875 1544 precationes
1903 1480 2085 1546 segni-

1249 358 1304 410 S.
1331 353 1606 410 JUANNIS
1645 343 2106 407 CHRYSOSTOMI
2145 345 2456 401 AllClllEP.
2497 345 3025 403 CONSTANTINOP.

3673 345 3781 396 7m

2194 475 2274 518 ter
2298 465 2670 534 perSolvuntur
2696 508 2712 530 ,
2742 468 2951 534 aliaque
2980 467 3159 520 omnia
3190 470 3625 519 contemnuntur.
3658 460 3779 515 Non

2192 558 2332 610 enim
2363 556 2474 610 lieri
2520 568 2726 626 potest,
2774 568 2827 611 ut
2855 559 2919 612 ad
2953 559 3065 612 huic
3095 557 3252 610 ambo
3279 572 3397 610 cum
3446 556 3627 610 studio
3651 555 3781 608 dili-

2191 648 2332 716 genti
2358 647 2685 702 scimlamur.
2719 649 2895 714 Quare
2920 651 3148 704 obsecro
3192 659 3244 703 ct
3271 665 3386 714 oro,
3421 657 3479 700 nt
3505 647 3659 700 inulti
3691 664 3784 699 no-

2192 741 2275 795 bis
2301 740 2526 810 undique
2553 733 2727 797 fontes
2757 744 3069 807 scaturiant,
3123 751 3282 812 utque
3306 755 3429 795 arca
3478 749 3658 794 vestra
3683 751 3738 792 et
3763 740 3780 768 ⁸

2195 832 2424 885 torcular
2452 842 2688 887 vestrum
2715 834 2782 886 sit
2826 834 2978 886 nobis
3007 835 3057 885 in
3110 832 3403 885 stimulum.
3451 831 3524 896 ιω
3551 832 3698 884 enim
3726 841 3785 883 et

2195 937 2452 990 pauperes
2483 922 2686 976 facilius
2711 923 2942 985 alentnr,
2970 923 3113 978 Deus
3137 921 3543 992 gitll‘lilCﬂbilLl‘,
3577 935 3785 985 vosque

2192 1013 2258 1065 ad
2286 1015 2482 1082 majora
2510 1013 2852 1067 humanitatis
2874 1030 3036 1082 opera
3068 1015 3357 1083 progressi,
3380 1013 3603 1067 :eteinis
3628 1010 3784 1065 fruc-

2195 1106 2322 1160 mini
2352 1107 2538 1160 bonis:
2579 1123 2698 1172 qua:
2730 1122 2826 1160 nos
2871 1121 3057 1160 omnes
3085 1108 3298 1174 assequi
3331 1107 3629 1174 contingat,
3656 1120 3785 1172 gra-

2195 1199 2263 1252 tia
2295 1208 2346 1251 et
2367 1195 2690 1266 benignitate
2713 1197 2919 1251 Domini
2948 1199 3115 1252 nostri
3154 1197 3278 1252 Jesu
3309 1196 3532 1260 Christi,
3566 1196 3652 1250 cui
3679 1195 3788 1263 glo.

2193 1291 2270 1344 ria
2298 1290 2349 1343 in
2380 1289 2574 1343 szecnla
2605 1290 2948 1344 saeculorum.
2972 1292 3166 1343 Amen.

2258 1464 2273 1492 ¹
2313 1460 2444 1519 Haec,
2469 1473 2587 1511 area
2608 1467 2765 1511 vestra
2785 1467 2849 1522 et,
2873 1461 3056 1510 desunt
3078 1463 3125 1510 in
3145 1461 3311 1510 Morel.
3575 1449 3584 1476 ‘

3207 1607 3520 1619 ————v

1537 1682 1882 1743 HOMILIA
1926 1685 2278 1744 LXXXVI.
2323 1685 2409 1744 al.
2453 1683 2837 1744 LXXXVII.

510 1822 640 1878 CAP.
681 1823 769 1878 27.
800 1841 850 1880 v.
892 1826 973 1878 ll.
1013 1822 1164 1878 Iesus
1217 1835 1386 1878 autent
1432 1827 1565 1878 stetit
1615 1837 1732 1877 ante
1784 1828 2045 1895 prwsidem
2073 1868 2087 1892 ,

579 1926 624 1966 et
651 1916 969 1984 interrogavit
996 1932 1106 1967 eum
1134 1932 1335 1985 prteses,
1367 1917 1535 1969 dicens
1555 1933 1574 1971 :
1605 1916 1678 1969 Tu
1707 1934 1756 1970 es
1782 1935 1870 1970 rea:
1889 1918 2093 1971 Judteo-

578 2006 730 2057 rum?
755 2003 906 2057 Jesus
932 2015 1099 2057 autem
1126 2006 1252 2058 dixit
1281 2023 1299 2057 :
1323 2005 1401 2058 Tu
1429 2007 1575 2060 dicis.
1609 2007 1692 2059 i2.
1728 2007 1790 2059 Et
1816 2025 1927 2059 cum
1949 2024 2091 2060 accu-

577 2105 772 2149 saretur
791 2113 821 2148 a
845 2097 1154 2166 principibus
1179 2097 1494 2168 sacerdotum
1524 2109 1569 2151 et
1590 2099 1867 2152 senioribus
1891 2101 2086 2168 pepuli,

582 2186 710 2239 nihil
739 2157 1021 2255 respondit:
1347 2157 1375 2200 \

581 2279 629 2329 1.
671 2276 970 2330 Judtcorum
994 2288 1348 2332 accusatorum
1384 2277 1569 2331 Christi
1600 2281 1734 2332 mala
1763 2281 1906 2347 ﬁdes.
1939 2280 2092 2336 Citri-

507 2378 613 2420 stus
636 2384 732 2434 quo
748 2384 894 2422 sensu
918 2386 969 2422 se
995 2387 1157 2440 regem
1185 2369 1589 2424 dicit.—Viden’
1607 2372 1692 2426 hic
1717 2374 1940 2440 primum
1967 2389 2091 2427 exa-

511 2458 696 2510 minari
747 2457 871 2511 illud
907 2460 1045 2528 quod
1091 2460 1258 2514 Judaei
1313 2459 1739 2529 frequentissime
1773 2465 2092 2518 versabant?

509 2547 640 2614 Quia
669 2549 809 2601 enim
842 2550 1091 2604 videbant
1121 2550 1346 2604 Pilatum
1415 2550 1554 2606 nihil
1621 2551 1812 2620 legalia
1879 2569 2088 2622 curare,

508 2638 575 2691 ad
603 2640 805 2707 publica
828 2642 1050 2695 crimina
1073 2651 1368 2696 vertuntur.
1391 2643 1480 2698 Sic
1505 2654 1558 2697 et
1578 2659 1700 2712 erga
1720 2647 1989 2712 apostolos
2007 2647 2089 2702 fa-

510 2729 740 2794 ciebant,
758 2730 870 2784 hacc
895 2720 1106 2800 semper
1121 2731 1453 2798 objicientes,
1478 2734 1621 2800 ipsos
1643 2749 1832 2802 nempe
1856 2736 2088 2790 circum-

508 2819 587 2872 ire
641 2820 988 2886 prxdicantes
1029 2837 1210 2888 regem
1260 2822 1541 2891 quemdam
1597 2823 1799 2891 Jcsum,
1845 2828 1994 2895 quasi
2025 2827 2092 2882 de

507 2909 650 2963 nudo
673 2909 885 2965 homine
903 2912 1015 2965 haec
1039 2911 1364 2974 dicerent,et
1380 2913 1446 2967 ad
1472 2915 1827 2982 suspicionem
1851 2920 2090 2990 tyranni-

507 3002 589 3055 dis
617 3001 945 3058 inducentes.
978 3004 1128 3060 Unde
1157 3005 1326 3073 palam
1357 3015 1475 3070 est,
1507 3007 1816 3063 sciSsionem
1862 3013 2084 3078 tunicae,

508 3103 562 3147 et
597 3105 868 3162 stuporem
901 3096 1162 3164 pontiﬁcis
1187 3099 1429 3152 simulata
1474 3099 1652 3155 fuisse.
1681 3101 1868 3156 Omnia
1895 3105 2091 3174 quippe

509 3187 793 3240 movebant
837 3199 890 3242 et
938 3189 1258 3254 versabant,
1293 3201 1349 3243 ut
1395 3201 1618 3244 mortem
1669 3193 1765 3260 ipsi
1811 3192 2086 3249 inferrent.

511 3277 620 3331 Hoc
657 3279 830 3348 itaque
857 3280 1054 3334 Pilatus
1081 3291 1206 3336 tunc
1234 3283 1597 3351 interrogavit.
1629 3285 1761 3351 Quid
1788 3302 1913 3354 ergo
1939 3287 2092 3342 Chri-

508 3371 661 3425 Stus?
695 3369 769 3422 Tu
808 3371 1001 3426 dixisti.
1044 3373 1331 3427 Confessus
1371 3386 1451 3428 est
1492 3392 1551 3429 se
1591 3392 1764 3446 regem
1804 3393 1921 3434 esse
1945 3425 1959 3442 ,
1997 3382 2090 3434 sed

509 3460 777 3516 erelestem
808 3478 986 3528 regem
1019 3464 1035 3493 ¹
1068 3479 1080 3516 :
1109 3463 1248 3532 quod
1292 3465 1416 3519 alibi
1447 3467 1641 3520 clarius
1670 3467 1839 3521 Pilato
1870 3485 2089 3538 respon-

510 3551 644 3604 dens
664 3551 801 3604 dixit
822 3569 834 3604 :
856 3551 1087 3621 Regnum
1104 3570 1269 3607 meum
1291 3572 1390 3608 non
1413 3567 1484 3609 est
1505 3558 1567 3610 de
1589 3558 1682 3610 hoc
1703 3561 1889 3613 mundo
1911 3560 2087 3630 (Joan.

510 3643 599 3697 18.
629 3643 743 3712 56),
769 3653 825 3696 ut
852 3660 1022 3714 neque
1046 3646 1116 3708 hi,
1148 3661 1318 3716 neque
1346 3648 1418 3700 illi
1453 3649 1576 3723 talia
1611 3662 1926 3708 accusantes
1946 3696 1960 3720 ,
1994 3656 2091 3707 ali-

511 3748 667 3800 quam
698 3735 1092 3790 excusationem
1126 3737 1413 3802 haberent;
1445 3739 1798 3810 invictamque
1832 3745 2088 3799 rationem

508 3822 664 3877 affert
688 3839 700 3876 :
727 3824 787 3878 Si
811 3841 871 3878 ex
900 3825 993 3877 hoc
1020 3826 1206 3878 mundo
1231 3844 1407 3893 essent,
1439 3829 1536 3880 mei
1561 3831 1729 3900 utique
1757 3833 2086 3902 decertarent,

507 3935 570 3972 ne
598 3919 839 3972 traderer.
875 3917 1070 3973 Idcirco
1103 3931 1157 3972 ut
1195 3919 1331 3974 hanc
1358 3924 1712 3991 suspicionem
1748 3936 2087 3993 removeret,

507 4019 559 4063 et
605 4011 854 4064 tributum
903 4012 1101 4076 solvit,
1143 4024 1196 4066 et
1238 4014 1372 4068 alios
1411 4017 1617 4070 solvere
1651 4016 1839 4085 jussit;
1879 4029 1933 4072 et
1971 4035 2090 4074 cum

510 4100 708 4154 vellent
749 4117 867 4155 eum
913 4118 1090 4170 regem
1123 4103 1296 4157 facere
1321 4145 1335 4165 ,
1376 4105 1590 4173 aufugit.
1625 4105 1729 4158 Cur
1764 4117 1975 4173 autem,
2007 4108 2088 4162 in-

505 4191 676 4258 quies,
707 4193 820 4246 hazc
845 4209 951 4246 non
980 4195 1030 4247 in
1058 4194 1290 4249 medium
1319 4196 1554 4263 protulit,
1579 4211 1698 4249 cum
1721 4197 1786 4250 de
1810 4200 2088 4268 tyrannide

506 4283 880 4338 accusaretur?
922 4283 1052 4348 Quia
1100 4300 1219 4337 cum
1263 4294 1539 4338 sexcentos
1586 4285 1842 4342 haberent
1890 4305 1954 4344 ex
1996 4307 2085 4345 re-

506 4372 604 4425 bus
630 4373 757 4442 ipsis
778 4375 796 4403 ³
824 4373 1305 4430 demonstrationes
1335 4375 1400 4430 de
1431 4384 1708 4444 potestate,
1737 4378 1805 4434 de
1835 4395 2082 4436 mansue-

504 4462 725 4526 tudine,
775 4462 842 4517 de
890 4464 1188 4529 modestia,
1237 4465 1464 4520 libentes
1511 4468 1894 4531 ciecutiehant,
1949 4473 2084 4525 mala

502 4555 976 4627 machinabantur,
1007 4566 1061 4610 et
1085 4567 1390 4625 corruptum
1419 4569 1533 4613 erat
1558 4561 1835 4628 judicium.
1869 4563 1994 4617 ldeo
2018 4565 2082 4618 ad

501 4644 629 4696 nihil
676 4647 959 4714 respondet
985 4688 999 4710 ,
1033 4647 1126 4701 sed
1169 4657 1346 4713 tacet,
1377 4658 1430 4703 et
1459 4650 1771 4706 brevissime
1799 4653 2084 4722 aliquando

503 4734 731 4802 loquitur
749 4777 762 4798 ,
792 4752 858 4796 ne
889 4752 952 4793 ex
986 4748 1240 4808 perpetuo
1266 4739 1478 4794 silentio
1502 4745 1816 4812 arrogantiae
1845 4746 1944 4798 sibi
1972 4748 2084 4802 exi-

501 4826 855 4880 stimationem
885 4838 1091 4895 pareret
1115 4871 1129 4898 ,
1160 4846 1351 4900 nempe
1376 4847 1495 4886 cum
1521 4832 1783 4901 adjuravit
1808 4837 2039 4903 pontifex
2061 4880 2076 4904 ,

496 4931 618 4969 cum
666 4917 1009 4987 interrogavit
1054 4936 1284 4988 praises;
1328 4923 1393 4976 ad
1426 4923 1631 4992 objecta
1659 4941 1786 4979 vero
1816 4927 2034 4980 crimina
2059 4974 2073 4995 ,

498 5007 616 5074 quia
657 5022 716 5061 se
751 5010 966 5064 minime
1006 5025 1379 5079 persuasurum
1415 5030 1528 5070 esse
1556 5017 1795 5081 sciebat,
1828 5019 1958 5071 nihil
1991 5036 2078 5073 re-

494 5100 728 5167 Spondll.
759 5101 908 5169 Quod
935 5113 988 5156 et
1015 5105 1270 5173 prOpbeta
1292 5106 1520 5176 idipsum
1549 5109 1909 5177 praenuntians
1930 5110 2072 5166 diee-

492 5193 582 5247 bat
628 5209 641 5246 :
686 5193 752 5248 In
791 5197 1069 5249 humilitate
1112 5199 1222 5268 ejus
1258 5199 1512 5266 judicium
1553 5203 1660 5263 eius
1703 5201 1954 5254 sublatum
2001 5213 2074 5256 est

493 5283 658 5352 (Isai.
685 5286 772 5341 55.
803 5288 896 5356 8).
927 5287 1004 5342 De
1033 5288 1115 5342 his
1138 5289 1432 5344 mirabatur
1459 5305 1655 5360 praeses
1685 5311 1697 5345 :
1725 5293 2072 5350 admiratione

495 5376 688 5444 quippe
715 5378 932 5446 dignum
961 5392 1074 5434 erat
1099 5422 1112 5442 ,
1144 5389 1343 5434 tantam
1375 5381 1686 5434 modestiam
1713 5392 1767 5436 et
1796 5385 2069 5438 taciturni-

494 5472 656 5519 tatem
703 5467 952 5523 exhibere
997 5485 1117 5524 eum
1162 5471 1251 5538 qui
1300 5471 1573 5524 innumera
1619 5470 1798 5525 dicere
1844 5484 2068 5540 poterat.

497 5558 676 5627 Neque
714 5559 856 5613 enim
888 5560 1028 5628 quod
1064 5562 1260 5632 aliquid
1307 5565 1357 5617 in
1390 5579 1454 5618 eo
1485 5563 1606 5617 mali
1639 5572 1884 5632 putarent
1912 5580 2028 5620 esse
2053 5607 2069 5633 ,

517 5697 530 5725 ¹
557 5693 650 5760 {Alii
677 5694 873 5760 habent,
899 5703 943 5743 et
959 5709 1115 5758 regem
1136 5698 1389 5760 cariestem,
1405 5697 1532 5760 quod
1549 5699 1778 5760 majorem
1798 5700 1889 5747 vlm
1902 5700 2070 5752 habet.

525 5760 542 5791 ⁸
563 5755 615 5806 in
641 5755 798 5805 Morel.
827 5755 1027 5818 legitur,
1045 5773 1070 5807 ε
1090 5755 1485 5822 5ει“η›ιιινὶδ,’[ιιῖο,
1511 5773 1574 5810 ex
1587 5755 1726 5814 rebus
1749 5758 1883 5824 ipsis.

2199 1829 2345 1882 illum
2377 1829 2729 1890 accusabant,
2761 1829 2854 1884 sed
2884 1830 3048 1884 livore
3075 1835 3276 1883 tantum
3307 1837 3357 1882 et
3390 1828 3585 1882 invidia
3616 1828 3781 1881 ducti.

2196 1918 2326 1972 Nam
2355 1934 2474 1972 cum
2506 1919 2667 1972 falsos
2697 1930 2857 1974 testes
2889 1920 3244 1985 induxerunt,
3273 1935 3367 1971 cur
3392 1934 3512 1973 cum
3541 1919 3673 1972 nihil
3703 1918 3784 1970 di-

2197 2008 2420 2062 cendum
2471 2009 2769 2075 haberent,
2817 2010 2989 2065 adhuc
3036 2009 3334 2064 accusando
3394 2009 3792 2078 perstiterunt?

2196 2115 2293 2153 cur
2329 2099 2514 2154 Judam
2549 2102 2904 2170 exspirantem
2943 2100 3184 2155 videntes
3208 2143 3222 2164 ,
3255 2111 3306 2154 et
3340 2099 3563 2154 Pilatum
3599 2115 3790 2153 manus

2197 2191 2461 2245 lavantem
2480 2235 2494 2255 ,
2527 2209 2632 2246 non
2663 2194 2962 2262 eompuncti
2991 2192 3153 2245 sunt?
3179 2193 3309 2246 Nam
3341 2191 3506 2244 multa
3534 2190 3627 2244 illo
3655 2200 3790 2244 lem-

2197 2298 2326 2352 pore
2367 2284 2528 2350 fecit,
2571 2299 2690 2353 qua:
2727 2284 2794 2337 ad
2840 2283 3257 2351 resipiscendnm
3299 2281 3650 2345 inducerent;
3693 2282 3788 2334 sed

2198 2372 2447 2426 meliores
2475 2389 2580 2426 non
2607 2372 2780 2427 effecti
2809 2384 2950 2428 sunt.
2978 2373 3112 2440 Quid
3141 2388 3267 2440 ergo
3295 2372 3514 2426 Pilatus.
3542 2373 3630 2426 15.
3657 2370 3788 2425 Non

2197 2466 2346 2520 audis
2365 2478 2554 2534 quanta
2573 2468 2656 2518 isti
2675 2467 2912 2520 adversus
2934 2478 2979 2520 te
2999 2468 3331 2535 testiﬁcantur
3348 2467 3373 2518 ?
3392 2463 3618 2519 Volebat
3641 2467 3789 2520 enim

2198 2558 2344 2612 illum
2373 2574 2431 2613 se
2456 2559 2829 2614 defendentem
2865 2559 3097 2613 liberare
3123 2600 3136 2622 ,
3169 2557 3391 2627 ideoque
3420 2558 3497 2611 sic
3525 2558 3789 2627 loqueba-

2199 2655 2314 2711 tur;
2364 2664 2484 2702 cum
2529 2660 2706 2703 autem
2745 2650 2873 2703 nihil
2913 2649 3298 2719 responderet,
3330 2650 3471 2703 aliud
3508 2649 3788 2715 quidpiam

2196 2737 2546 2792 machinatur.
2581 2739 2857 2803 Quodnam
2887 2741 3058 2794 illud?
3094 2741 3206 2793 lllos
3231 2752 3345 2794 erat
3370 2740 3643 2794 dimittere
3682 2742 3789 2794 illis

2197 2843 2358 2881 unum
2390 2845 2456 2882 ex
2487 2831 2658 2884 noxiis
2680 2873 2693 2895 ,
2727 2841 2780 2885 et
2804 2833 2902 2885 hac
2928 2835 3009 2885 via
3041 2831 3188 2886 illum
3216 2833 3425 2900 eripere
3453 2833 3696 2885 tentavit.
3730 2831 3790 2886 Si

2198 2934 2301 2970 non
2333 2920 2520 2984 vultis,
2555 2923 2755 2990 inquit,
2791 2933 2846 2976 ut
2874 2928 3137 2977 insontem
3164 2925 3458 2986 dimittere,
3493 2935 3547 2976 ut
3574 2935 3788 2978 sontem

2197 3012 2383 3063 saltem
2424 3012 2476 3064 in
2509 3013 2843 3067 solemnitate
2874 3015 3082 3068 solvite.
3120 3015 3303 3068 Viden’
3342 3016 3611 3069 inversum
3639 3017 3792 3070 ordi-

2198 3103 2359 3154 nem‘!
2385 3102 2439 3155 in
2469 3119 2616 3158 more
2645 3115 2761 3157 erat
2787 3115 2840 3156 ut
2866 3120 2958 3172 pro
2987 3106 3250 3160 damnatis
3279 3107 3504 3176 p0pulus
3534 3116 3745 3175 peteret
3775 3151 3791 3172 ,

2197 3205 2395 3259 praeses
2421 3208 2549 3247 vero
2572 3195 2892 3249 concederet
2921 3213 2933 3248 :
2963 3211 3102 3250 nunc
3126 3212 3290 3266 porro
3314 3198 3643 3274 cootmrium
3671 3199 3794 3252 efli-

2194 3282 2372 3346 citur;
2405 3297 2604 3352 praeses
2645 3284 2696 3337 id
2725 3300 2754 3337 a
2787 3287 2982 3354 populo
3016 3287 3182 3354 petit,
3221 3303 3396 3356 neque
3421 3289 3498 3341 sic
3529 3289 3606 3341 illi
3638 3289 3790 3342 miti-

2195 3382 2424 3440 gantur,
2474 3375 2582 3427 imo
2626 3376 2794 3444 magis
2842 3375 3146 3442 ferociunt,
3195 3392 3488 3447 vocemque
3530 3378 3791 3432 emittunt

2197 3463 2408 3517 invidiae
2449 3466 2634 3519 morbo
2671 3466 2932 3522 furentes.
2977 3469 3159 3538 Neque
3195 3470 3338 3523 enim
3379 3470 3578 3540 aliquid
3625 3487 3791 3525 accu-

2195 3555 2364 3610 Sando
2397 3557 2632 3625 objicere
2662 3569 2938 3626 poterant,
2967 3560 3172 3615 etiamsi
3200 3561 3287 3614 ille
3317 3573 3546 3622 taceret.
3579 3565 3675 3618 sed
3707 3565 3790 3620 sic

2195 3653 2371 3699 tamen
2397 3645 2825 3715 confutabantnr,
2853 3665 2920 3705 eo
2945 3650 3086 3720 quod
3119 3661 3223 3704 tam
3253 3650 3418 3706 multa
3450 3664 3634 3707 essent
3661 3670 3789 3723 qua:

2195 3733 2340 3788 illum
2365 3736 2562 3803 justum
2591 3753 2711 3793 esse
2736 3739 3066 3794 declararent
3097 3759 3110 3794 :
3143 3752 3321 3795 tacens
3349 3743 3592 3798 vincebat
3622 3745 3744 3798 illus
3767 3787 3784 3808 ,

2195 3824 2472 3880 innumera
2495 3827 2732 3882 dicentes
2758 3841 2812 3884 et
2834 3832 3087 3886 furentes.
3121 3832 3206 3886 19.
3235 3832 3456 3888 Sedeme
3477 3847 3646 3888 autem
3668 3838 3787 3904 ipso

2195 3931 2288 3983 pro
2319 3917 2578 3984 tribunali,
2608 3920 2739 3972 misit
2766 3923 2834 3972 ad
2856 3939 2966 3974 eum
2995 3939 3122 3975 uxor
3144 3925 3252 3990 ejus
3278 3925 3446 3978 dicens
3470 3942 3487 3979 :
3513 3925 3662 3980 Nihil
3693 3930 3786 3982 tibi

2195 4015 2241 4057 et
2279 4009 2419 4076 justo
2450 4009 2565 4061 huic
2603 4026 2620 4063 :
2650 4012 2807 4064 multa
2836 4014 2967 4065 enim
2996 4031 3144 4082 passa
3171 4031 3284 4068 sum
3312 4017 3462 4070 hodie
3499 4035 3590 4086 per
3618 4021 3785 4076 visum

2197 4109 2398 4177 propter
2423 4103 2608 4170 ipsum.
2641 4101 2799 4157 Vides
2828 4119 3010 4157 rursus
3037 4119 3149 4159 rem
3171 4121 3290 4176 quae
3313 4109 3576 4177 potuisset.
3601 4110 3724 4166 illos
3749 4129 3781 4166 a

2194 4171 2464 4258 prOposito
2493 4208 2764 4249 revoeire.
2817 4194 2946 4249 Post
2980 4195 3491 4254 demonstrationem
3530 4201 3673 4254 enim
3711 4219 3782 4258 ex

2191 4299 2367 4338 rerum
2405 4288 2734 4354 experientia
2776 4297 3019 4358 partam,
3053 4306 3158 4344 non
3190 4292 3333 4359 parvi
3376 4300 3632 4347 momenti
3662 4309 3780 4350 erat

2189 4379 2452 4430 somnium
2497 4378 2646 4431 illud.
2690 4379 2757 4432 Et
2790 4396 2887 4434 cur
2925 4395 3029 4433 non
3068 4382 3180 4450 ipse
3223 4381 3421 4436 Pilatus
3461 4385 3634 4438 vidit?
3681 4386 3778 4442 Vel

2189 4471 2308 4537 quia
2337 4470 2423 4522 illa
2453 4470 2662 4540 dignior
2688 4482 2802 4526 erat
2829 4489 2842 4529 :
2868 4473 2947 4526 vel
2979 4475 3101 4543 quia
3125 4474 3168 4528 si
3199 4476 3310 4544 ipse
3332 4477 3570 4544 vidisset,
3593 4481 3776 4534 credi-

2188 4570 2298 4614 tum
2327 4562 2424 4631 ipsi
2457 4580 2560 4616 non
2589 4564 2795 4630 fuisset,
2817 4577 2907 4619 aut
2929 4583 3034 4620 non
3063 4576 3118 4620 ut
3139 4569 3309 4622 visum
3333 4569 3500 4623 fuerat
3522 4571 3773 4629 dixisset.

2186 4653 2388 4708 Idcirco
2409 4656 2713 4723 providctur
2734 4668 2790 4708 ut
2814 4673 2952 4710 uxor
2973 4658 3166 4723 videat,
3191 4675 3297 4729 quo
3317 4677 3404 4715 res
3425 4662 3494 4714 sit
3515 4664 3773 4720 omnibus

2185 4755 2328 4799 nota.
2359 4745 2469 4799 Nec
2498 4746 2654 4801 modo
2693 4749 2867 4813 videt,
2915 4751 3008 4804 sed
3049 4752 3207 4805 etiam
3252 4753 3413 4806 multa
3457 4755 3678 4822 patitur.
3714 4768 3774 4814 ut

2182 4838 2334 4892 uxori
2354 4838 2645 4892 condolens
2675 4839 2787 4907 ipse
2814 4840 3013 4895 tardior
3036 4841 3102 4895 ad
3128 4843 3325 4896 caedem
3350 4846 3576 4899 veniret.
3607 4847 3774 4902 Teni-

2183 4947 2279 5000 pus
2307 4947 2434 4985 vero
2461 4947 2564 4986 ιιοιι
2597 4948 2780 5002 parum
2812 4935 2877 4988 ad
2909 4935 2958 4988 id
2988 4935 3328 5002 conferebat;
3362 4953 3483 4992 nam
3531 4941 3616 4995 illa
3651 4943 3769 5013 ipsa

2181 5033 2334 5078 nocte
2357 5023 2578 5078 viderat.
2609 5025 2799 5079 Verum
2828 5040 2930 5080 non
2957 5037 3067 5079 tuto
3089 5037 3297 5096 poterat
3317 5028 3615 5098 dimittere,
3641 5036 3768 5104 quia

2177 5109 2448 5173 dixerant,
2480 5108 2717 5177 Seipsum
2742 5127 2905 5179 regem
2935 5113 3074 5180 facit.
3102 5112 3387 5180 Oportebat
3416 5130 3542 5185 ergo
3573 5119 3769 5185 proba-

2179 5203 2350 5257 tiones
2379 5211 2434 5257 et
2459 5213 2787 5272 argumenta.
2814 5213 2972 5273 atque
3001 5203 3259 5260 atl‘ectataa
3285 5208 3580 5277 tyrannidis
3609 5212 3766 5280 signa

2177 5309 2445 5362 quaerere;
2493 5305 2615 5362 puta
2637 5335 2653 5358 ,
2683 5311 2806 5348 num
2837 5297 3126 5350 exercitum
3159 5298 3568 5367 conscripsiSset
3587 5341 3602 5366 ,
3635 5318 3764 5357 num

2179 5388 2426 5454 pecunias
2470 5388 2770 5457 collegisset
2803 5390 2817 5418 ¹
2845 5429 2859 5453 ,
2893 5406 3015 5442 num
3057 5407 3205 5445 arma
3252 5391 3539 5446 fabricatus
3577 5406 3764 5461 esset,

2177 5497 2300 5534 num
2331 5481 2452 5550 quid
2483 5482 2657 5536 simile
2685 5491 2960 5537 tenuisset.
2995 5482 3087 5537 Ille
3113 5498 3242 5538 vero
3270 5484 3386 5539 sine
3411 5500 3568 5539 causa
3600 5487 3668 5540 ab
3698 5488 3763 5542 iis

2173 5588 2234 5628 Sc
2256 5573 2446 5627 attrahi
2481 5575 2710 5643 patitur;
2741 5573 2966 5644 ideoque
2993 5592 3101 5632 non
3124 5577 3276 5646 culpa
3302 5589 3579 5646 expertem
3607 5580 3758 5634 illum

2172 5681 2292 5721 esse
2332 5666 2589 5736 significat
2625 5667 2868 5721 Christus
2907 5667 3134 5723 dicens:
3166 5668 3266 5732 Qui
3303 5685 3381 5723 me
3420 5670 3632 5722 tradidit
3671 5672 3766 5728 tibi

2241 5764 2260 5794 ³
2290 5767 2418 5819 tunc,
2443 5773 2555 5810 num
2580 5759 2805 5822 pecunias
2829 5759 3113 5824 collegisset,
3133 5759 3312 5810 desunt
3336 5763 3383 5809 in
3410 5759 3574 5810 Morel.
