4050 6438
216 389 325 447 765

214 506 387 574 majus
429 511 684 574 peccatum
716 499 860 554 habet
887 503 906 569 ί
937 497 1094 553 Joan.
1123 497 1211 554 ιε.
1246 498 1315 553 56
1347 497 1386 565 ).
1430 496 1550 552 Prze
1588 495 1811 550 mollitie

214 598 380 665 igitur
399 595 582 659 cessit,
604 603 658 650 et
681 591 993 648 verberibus
1018 590 1168 645 illum
1193 591 1422 661 excepit.
1454 589 1626 644 Mollis
1655 589 1815 657 igitur

214 699 271 744 et
296 691 443 745 iners
469 697 585 744 erat
614 706 625 740 :
654 685 921 756 principes
947 693 1126 740 autem
1154 683 1493 738 sacerdotum
1519 679 1735 751 maligni
1762 689 1815 734 et

213 781 437 837 versuti.
473 781 603 850 Quia
632 780 774 834 enim
807 779 898 833 ille
927 775 1142 832 modum
1173 776 1588 844 excogitaverat.
1619 786 1816 842 nempe

212 872 572 928 solemnitatis
599 873 791 942 legem,
814 887 934 941 quae
951 870 1174 940 jubebat
1197 869 1507 922 damnatum
1527 866 1812 935 quemdam

210 966 431 1028 dimitti.
463 964 589 1036 quid
621 966 708 1020 hic
735 963 1148 1018 macltinantur?
1176 959 1220 1016 Τ
1224 961 1364 1015 orba
1390 969 1692 1026 suaserunt,
1728 959 1813 1012 in-

211 1060 350 1128 quit,
378 1067 435 1110 ut
463 1054 749 1109 Barabbam
776 1064 1018 1126 peterent.

284 1149 342 1202 2.
373 1146 563 1202 Viden'
589 1157 784 1218 quanta
813 1147 901 1200 ille
925 1144 1255 1214 providentia
1280 1151 1434 1198 curet
1456 1141 1581 1198 illos
1601 1156 1630 1195 a
1656 1143 1812 1212 culpa

211 1240 466 1306 liberare,
497 1248 551 1295 et
577 1248 780 1311 quanto
811 1238 884 1293 illi
912 1238 1092 1292 studio
1119 1245 1380 1306 satagant,
1403 1246 1459 1290 nt
1497 1250 1593 1291 nec
1623 1234 1812 1289 umbra

209 1333 322 1388 illis
356 1332 716 1387 excusationis
742 1330 1114 1401 relinquatur?
1141 1329 1278 1397 Quid
1315 1328 1457 1383 enim
1492 1327 1814 1398 oportebat?

209 1439 279 1478 an
304 1423 415 1492 jam
447 1422 747 1477 convictum
766 1463 780 1485 ,
808 1436 874 1473 an
908 1436 1028 1475 eum
1052 1462 1066 1484 ,
1098 1419 1166 1474 de
1191 1434 1296 1488 quo
1325 1418 1696 1483 dubitabatur,
1725 1417 1809 1471 di-

209 1514 470 1569 mittere?
502 1513 630 1566 Nam
658 1513 702 1565 si
737 1527 800 1566 ex
830 1512 1074 1566 sontibus
1103 1511 1371 1566 dimittere
1397 1525 1560 1564 unum
1590 1518 1812 1580 oporte-

209 1605 304 1661 bat
329 1648 343 1668 ,
375 1606 544 1660 multo
574 1605 742 1674 magis
769 1605 811 1657 si
844 1603 1138 1672 cujuspiatu
1165 1603 1320 1673 culpa
1353 1617 1458 1656 non
1487 1611 1611 1656 nota
1643 1611 1810 1657 esset.

209 1699 396 1769 Neque
419 1701 561 1754 enim
586 1699 714 1768 ipsis
735 1697 1032 1753 manifestis
1055 1696 1338 1752 homicidia
1359 1695 1511 1766 pejor
1531 1697 1634 1750 illis
1655 1695 1814 1751 Jesus

207 1789 491 1845 videbatur
533 1804 672 1845 esse.
720 1788 925 1845 Idcirco
970 1803 1074 1843 non
1119 1788 1292 1842 solum
1323 1787 1490 1854 dixit,
1533 1787 1814 1842 Habebam

208 1883 496 1947 latronem,
523 1883 637 1947 sed,
662 1881 926 1953 Insignem
952 1881 1234 1946 latronem,
1260 1880 1495 1951 nequitia
1517 1880 1808 1946 celebrem,

206 1977 298 2044 qui
332 1973 478 2028 mille
505 1973 682 2027 caedes
723 1981 1142 2042 perpetraverat.
1189 1973 1435 2026 Attamen
1478 1971 1628 2026 illum
1663 1971 1810 2026 orbis

207 2065 483 2123 Servstori
514 2047 888 2135 praetulerunt,
918 2080 1091 2134 neque
1115 2077 1327 2118 sacrum
1354 2071 1567 2132 tempus
1595 2060 1809 2118 reveriti

207 2167 334 2213 sunt
355 2200 373 2220 .
405 2174 509 2211 non
557 2156 901 2211 humanitatis
938 2155 1083 2225 leges
1107 2197 1121 2218 ,
1167 2168 1268 2210 nec
1293 2155 1563 2224 quidpiam
1594 2153 1807 2210 simile:

206 2251 302 2306 sed
332 2250 452 2305 illos
477 2250 668 2304 invidia
695 2250 1016 2303 excmcavit:
1042 2263 1140 2304 nec
1165 2263 1259 2302 sua
1285 2249 1518 2303 contenti
1549 2247 1807 2319 nequitia,

208 2344 464 2414 populum
494 2345 657 2399 etiam
689 2349 1073 2410 corrumpunt,
1105 2349 1161 2394 ut
1187 2339 1257 2396 ob
1287 2339 1424 2395 hanc
1453 2342 1613 2396 etiam
1652 2341 1807 2395 falla-

203 2439 343 2492 ciam
374 2447 643 2491 extremas
689 2434 838 2489 luant
868 2449 1077 2505 poenas.
1119 2432 1250 2489 Cum
1282 2449 1411 2504 ergo
1441 2435 1587 2489 illum
1620 2435 1807 2504 petiis-

204 2537 358 2592 sent,
391 2530 466 2582 ait
500 2546 512 2581 :
552 2527 643 2582 92.
691 2527 826 2595 Quid
854 2543 973 2598 ergo
1003 2526 1188 2596 faciam
1217 2527 1281 2582 de
1306 2526 1432 2581 Iesu
1453 2569 1469 2593 ,
1509 2528 1595 2598 qui
1624 2529 1811 2583 dicitur

203 2619 443 2676 Christus
473 2621 530 2674 ‘1
576 2621 688 2676 Iloc
727 2629 880 2690 pacto
910 2634 1121 2675 rursum
1156 2621 1276 2675 illos
1305 2620 1522 2676 ﬂectere
1552 2622 1763 2677 volebat
1789 2665 1804 2688 ,

205 2713 257 2768 id
301 2729 488 2768 eormn
532 2713 755 2767 arbitrio
783 2712 1096 2780 permittens
1121 2753 1135 2774 ,
1167 2721 1225 2765 ut
1254 2727 1364 2781 pra:
1395 2711 1600 2781 pudore
1623 2712 1806 2768 Jesum

203 2815 493 2872 peterent,
536 2815 587 2860 et
629 2821 692 2860 ex
732 2819 920 2860 eorum
962 2804 1276 2860 liberalitate
1316 2813 1484 2859 totum
1527 2805 1802 2875 penderet.

202 2895 337 2950 Nam
363 2897 406 2951 si
434 2896 676 2960 dixisset,
701 2895 815 2951 Non
845 2897 1103 2967 peccavit.
1128 2897 1576 2954 contentiOsiores
1596 2898 1805 2954 eﬂ'ecis-

201 2990 287 3035 set
313 2999 329 3034 ι
360 2989 419 3035 ιιι
445 2989 624 3036 autem
652 2996 718 3036 ex
748 2982 1076 3036 humanitate
1119 2992 1430 3038 servaretur
1453 3025 1468 3049 ,
1514 2983 1805 3053 probabilis

200 3086 324 3127 esse
355 3072 539 3143 petitio
571 3071 870 3127 videbatur.
903 3072 980 3127 Illi
1009 3088 1135 3128 vero
1164 3073 1234 3128 ita
1262 3073 1514 3130 dixerunt
1544 3093 1556 3129 :
1587 3075 1806 3145 Cruci/i-

199 3183 266 3238 με
287 3207 303 3233 ,
331 3166 574 3237 cruci/Ege
599 3182 733 3220 eunt.
764 3165 856 3222 25.
887 3164 989 3220 Ille
1013 3181 1129 3219 vero
1159 3165 1287 3220 dixit
1315 3183 1333 3220 :
1357 3167 1495 3234 Quid
1524 3169 1654 3222 enim
1680 3169 1806 3223 mali

201 3259 318 3325 fecit
337 3257 364 3311 .’
391 3256 456 3311 At
484 3257 568 3312 illi
595 3257 756 3311 multo
784 3259 945 3330 magis
975 3255 1291 3321 clamabant,
1321 3257 1682 3329 Crueiﬁgatur.
1709 3261 1800 3315 24.

209 3348 404 3404 Videris
454 3358 623 3404 autem
661 3348 864 3404 Pilatus
888 3365 940 3404 se
965 3350 1098 3403 nihil
1121 3349 1366 3419 proﬁcere
1388 3390 1403 3414 ,
1437 3350 1558 3403 lavit
1585 3367 1765 3404 manus
1784 3393 1800 3417 ,

131 3434 134 3436 ’
200 3441 375 3496 dicens
398 3455 417 3494 :
442 3438 694 3495 Innocens
726 3457 816 3512 ego
842 3457 974 3496 sum.
1006 3440 1115 3495 Cur
1139 3455 1267 3510 ergo
1297 3439 1444 3493 illum
1475 3441 1678 3495 tradis?
1707 3457 1805 3497 cur

203 3552 310 3588 non
342 3534 607 3604 eripuisti,
635 3534 771 3588 sicut
799 3533 1018 3588 Paulum
1046 3532 1328 3588 tribunus?
1355 3533 1455 3600 Qui
1482 3534 1644 3588 etiam
1675 3536 1804 3590 scie-

202 3620 294 3674 bat
323 3633 381 3672 se
409 3628 618 3688 gratum
669 3617 786 3672 fore
808 3616 1043 3681 Judreis;
1078 3617 1272 3672 seditio
1296 3619 1494 3687 quippe
1521 3619 1804 3672 tumultus-

199 3725 308 3780 que
351 3717 570 3780 propter
614 3709 786 3780 ipsum
833 3708 1005 3762 factus
1048 3717 1169 3762 est:
1200 3718 1435 3764 attamen
1469 3710 1665 3763 restitit
1710 3709 1802 3764 ille

201 3801 431 3856 fortiter.
474 3803 544 3854 At
583 3815 688 3854 non
730 3801 808 3854 sic
849 3799 949 3854 iste
976 3819 989 3853 :
1018 3799 1110 3854 sed
1155 3801 1342 3871 ignave
1379 3801 1718 3870 molliterque
1744 3816 1802 3856 se

199 3886 369 3955 gessit
398 3904 410 3938 :
439 3900 500 3940 ac
526 3885 681 3939 simul
709 3900 898 3941 omnes
923 3886 1156 3953 corrupti
1187 3885 1418 3940 fuerunt.
1449 3884 1632 3955 Neque
1657 3887 1798 3939 enim

202 3977 291 4033 hic
318 3977 480 4048 plebi,
509 3992 684 4048 neque
709 3976 992 4032 multitudo
1017 3976 1215 4030 Judazis
1244 3978 1436 4031 restitit
1459 3979 1515 4040 ’ς
1551 3976 1802 4046 nullaque

202 4071 310 4126 illis
335 4072 612 4128 excusatio
639 4081 938 4140 supererat.
969 4068 1102 4125 Nam
1134 4068 1460 4138 Supervacua
1487 4068 1797 4135 clamabam,

203 4163 309 4218 hoc
335 4172 437 4229 est,
471 4161 639 4231 magis
665 4176 728 4216 ac
757 4161 927 4232 magis
952 4160 1274 4226 clamabant,
1305 4160 1668 4230 Cruciﬁgalur.
1697 4158 1801 4215 Ne-

207 4265 316 4318 que
335 4249 480 4304 enim
502 4249 679 4304 solum
700 4250 952 4305 occidere
975 4249 1250 4309 volebant,
1265 4246 1360 4300 sed
1380 4247 1538 4316 quasi
1560 4262 1660 4316 pro
1682 4262 1795 4303 sce-

209 4339 409 4403 lere,et
421 4341 604 4407 judice
620 4349 956 4411 repugnante
973 4339 1160 4394 eadem
1176 4337 1468 4391 clamando
1490 4353 1803 4408 persevera-

211 4437 366 4490 bant.
387 4434 578 4490 Viden‘
601 4443 806 4505 quanta
832 4435 958 4490 fecit
986 4433 1240 4488 Christus
1275 4443 1331 4486 ut
1365 4432 1488 4486 illos
1512 4431 1577 4485 ad
1601 4431 1798 4500 resipi-

210 4528 476 4585 sceudum
497 4527 977 4583 induceret?Sicut
993 4523 1344 4581 enimJudam
1364 4539 1506 4593 stupe
1519 4525 1801 4592 repressit,

213 4626 294 4676 sic
313 4629 366 4677 et
382 4624 596 4684 istos,et
613 4621 664 4673 in
679 4627 794 4673 toto
808 4619 1113 4688 evangelio,
1127 4626 1180 4672 et
1195 4616 1516 4686 ipsojndicii
1532 4626 1799 4685 tempore.

216 4713 354 4768 Nam
374 4713 594 4782 quando
618 4712 902 4781 praesidem
919 4719 973 4764 et
990 4710 1230 4778 judicent
1254 4709 1509 4763 videbant
1531 4709 1803 4761 lavantem

217 4819 416 4859 manus
436 4812 489 4858 et
509 4804 778 4858 dicentem
797 4843 813 4868 ,
852 4805 1114 4856 lnuoceus
1144 4817 1262 4854 sum
1293 4817 1325 4852 α
1347 4801 1603 4868 sanguine
1624 4799 1804 4868 hujus,

216 4897 508 4965 compungi
531 4895 890 4965 Oportebatet
910 4894 1089 4949 verbis
1116 4901 1170 4948 et
1197 4892 1393 4958 rebus;
1433 4899 1488 4944 ut
1513 4900 1567 4946 et
1585 4891 1806 4960 quando

217 4987 414 5044 ludam
439 4988 690 5042 viderunt
709 4987 905 5055 laqueo
930 4991 1349 5055 suspensum.et
1371 4984 1546 5054 ipsum
1569 4981 1805 5036 Pilatum

219 5089 525 5151 rogantem,
549 5090 604 5134 ut
628 5080 793 5133 alium
818 5095 917 5148 pro
940 5079 1032 5133 illo
1055 5079 1388 5147 acciperent.
1412 5075 1547 5130 Nam
1567 5093 1690 5131 cum
1714 5091 1804 5130 ac-

220 5172 768 5241 cusatort-tproditor
785 5171 1026 5239 seipsum
1045 5168 1552 5239 eondcmnet,etqui
1576 5168 1677 5224 fert
1691 5184 1812 5223 sen-

219 5264 448 5319 tentiam
479 5265 693 5334 culpam
717 5280 745 5318 a
777 5281 835 5319 se
866 5264 1184 5327 ampliatur,
1207 5277 1270 5315 ac
1294 5263 1470 5316 visum
1494 5261 1601 5313 tale
1620 5259 1805 5314 eadem

221 5364 384 5412 nocte
401 5365 678 5426 appareat,
698 5365 750 5409 et
769 5357 924 5425 quasi
946 5357 1366 5410 condemnatum
1390 5354 1569 5424 ipsum
1592 5352 1806 5408 Pilatus

273 5485 291 5516 ι
326 5480 444 5541 Alli,
467 5483 586 5546 quid
609 5496 726 5547 ergo
745 5482 924 5547 faciam
946 5486 1008 5537 de
1031 5485 1237 5537 Christo.

269 5547 291 5577 '
311 5550 421 5593 Ita:
433 5537 635 5596 omnino
651 5537 820 5596 Graeco
843 5550 1002 5612 textui
1028 5557 1308 5612 consonant,
1324 5552 1373 5599 in
1397 5564 1493 5612 quo
1515 5550 1697 5611 legitur
1720 5562 1801 5602 e-‘m

206 5617 407 5679 senatqu
425 5619 513 5679 τεὸς
533 5621 618 5666 τοὺς
641 5615 839 5679 notissime
862 5611 1011 5679 (tam).
1039 5611 1284 5667 Quomodo
1307 5611 1469 5679 autem
1498 5614 1652 5679 potuit
1674 5614 1799 5679 mul-

207 5667 367 5736 titudo
389 5667 660 5736 Judteorum
682 5669 862 5719 Judzeis
874 5667 1141 5736 resistere,
1168 5682 1220 5722 et
1242 5675 1358 5736 quid
1383 5684 1463 5724 est
1483 5667 1613 5723 aliud
1636 5675 1800 5726 multi-

208 5728 617 5802 tudogud‘amum
642 5767 656 5802 τ
679 5744 824 5802 quam
849 5733 992 5802 iudici
1043 5728 1167 5802 ipsi?
1214 5728 1459 5799 interpres
1502 5737 1650 5802 vertit
1673 5770 1690 5797 ,
1712 5751 1799 5788 nec

208 5788 465 5859 multitudo
478 5788 820 5859 sacerdotibus,
835 5805 889 5842 ac
906 5797 943 5843 si
961 5788 1142 5859 legerit
1164 5811 1249 5858 πρὸς
1274 5788 1356 5856 ne;
1381 5811 1508 5859 ειριςις,
1521 5799 1608 5848 sed
1625 5788 1799 5849 ornues

210 5858 314 5902 uss.
341 5861 390 5902 et
429 5854 545 5904 Editi
570 5857 772 5915 habent,
793 5867 879 5916 sa.
905 5867 986 5914 ut,
1011 5854 1210 5915 ιςνςιεοςιςζ

1060 384 1124 442 lN
1162 382 1572 442 ΜΛΤἸῊΕΗΜ
1614 381 1846 438 ΠΟΜΙΙ..
1890 381 2177 440 LXXXVI.
2220 384 2290 440 al.
2337 383 2650 441 LXXXVII.

3428 386 3532 440 766

1930 507 2108 565 petat,
2141 514 2300 566 quam
2334 507 2586 568 poterunt
2615 498 3018 554 excusationem
3049 496 3295 554 habere?
3319 499 3453 554 Nam
3481 501 3528 555 si

1923 589 2178 644 nolebant
2206 604 2329 644 eum
2363 591 2703 644 innocentem
2732 604 2853 645 esse
2877 631 2893 655 ,
2925 597 3073 644 certe
3115 605 3220 645 non
3264 590 3530 648 latronem

1924 682 2022 751 ipsi
2047 681 2283 752 praponi
2307 682 2627 752 oportebat;
2658 682 2942 746 latronem,
2968 683 3205 752 inquam,
3229 682 3529 754 insignem,

1922 790 2079 845 quem
2123 775 2284 829 talem
2323 791 2445 831 esse
2485 775 2538 829 in
2578 774 2831 832 confesso
2858 784 2994 831 erat.
3037 777 3177 844 Quid
3223 778 3384 847 igitur
3412 778 3534 834 illi?

1921 863 2054 920 Cum
2087 867 2328 922 viderent
2350 866 2587 935 judicem
2618 882 2807 922 manus
2840 868 3104 923 lavantem
3133 884 3196 924 ac
3218 869 3488 926 dicentem
3509 914 3526 935 ,

1921 957 2178 1012 Innocens
2201 976 2333 1018 sum,
2358 959 2668 1014 clamabant
2701 975 2714 1011 :
2739 959 2832 1014 25.
2862 958 3092 1027 Sanguis
3111 961 3223 1032 ejus
3241 978 3394 1032 super
3413 981 3530 1027 nos.

1920 1061 1968 1104 et
1995 1067 2151 1120 super
2176 1052 2312 1121 ﬁlios
2344 1064 2565 1106 nostros.
2596 1050 2747 1106 Tunc
2773 1051 2990 1105 demunt
3008 1093 3023 1115 ,
3055 1053 3178 1122 quia
3206 1058 3529 1112 sententiam

1918 1156 2106 1201 contra
2137 1161 2197 1201 se
2237 1147 2476 1201 tulerunt
2498 1187 2514 1212 ,
2547 1147 2726 1200 omnia
2758 1147 3030 1201 concessit
3067 1147 3194 1202 illis.
3227 1148 3306 1202 Tu
3347 1161 3532 1206 autem

1920 1237 2024 1293 hoc
2047 1239 2168 1294 loco
2187 1239 2468 1294 considera
2494 1254 2742 1311 magnam
2767 1240 3006 1311 ipsorum
3028 1241 3351 1298 vecordiam.
3383 1245 3531 1300 Talis

1920 1331 2064 1383 enim
2093 1339 2176 1385 est
2207 1331 2526 1384 temerarius
2571 1331 2803 1400 impetus
2826 1372 2839 1395 ,
2874 1331 2995 1387 talis
3032 1347 3195 1402 prava
3223 1334 3529 1404 cupiditas;

1922 1435 2025 1473 non
2049 1421 2177 1474 sinit
2203 1421 2325 1474 boni
2350 1421 2622 1490 quidpiam
2646 1421 2846 1477 videre.
2876 1422 3008 1477 Esto
3029 1425 3196 1490 enim,
3222 1425 3374 1481 vobis
3399 1428 3529 1496 ipsis

1921 1512 2339 1578 malediseritis;
2372 1527 2470 1568 cur
2495 1513 2930 1569 maledictionem
2965 1515 3015 1569 in
3048 1515 3190 1570 filios
3213 1529 3427 1573 vestros
3451 1529 3530 1574 at-

1921 1605 2170 1660 trahitis?
2212 1608 2462 1662 Attamen
2493 1607 2759 1678 benignus
2788 1608 3046 1664 Dominus
3071 1651 3085 1674 ,
3118 1625 3240 1665 cum
3271 1611 3350 1666 illi
3381 1624 3530 1666 tanto

1918 1696 2100 1752 furore
2140 1698 2439 1753 insanirent
2481 1709 2535 1755 et
2575 1711 2763 1754 contra
2808 1700 3016 1770 seipsos
3058 1711 3115 1757 et
3153 1715 3342 1758 contra
3390 1705 3530 1760 lilios

1918 1803 2068 1854 suos,
2102 1789 2261 1844 latam
2293 1805 2399 1844 non
2427 1790 2588 1844 modo
2618 1791 2670 1846 in
2701 1791 2842 1847 ﬁlios
2869 1792 3140 1859 suos,'sed
3166 1795 3327 1850 etiam
3362 1796 3414 1849 in
3443 1812 3530 1850 so-

1920 1883 2066 1953 ipsos
2094 1884 2420 1938 sententiam
2448 1899 2555 1940 non
2582 1883 2943 1951 coalirmavit;
2974 1888 3100 1956 quin
3123 1888 3285 1943 etiam
3308 1904 3371 1942 ex
3399 1889 3534 1959 ipsis

1924 1993 2019 2031 eos
2050 1976 2138 2046 qui
2173 1977 2543 2046 paenitentiam
2575 1987 2800 2049 egemnt
2830 1980 3072 2048 recepit,
3111 1990 3168 2035 et
3198 1980 3344 2034 mille
3374 1981 3533 2035 bonis

1917 2068 2164 2138 dignatus
2191 2078 2293 2124 est.
2327 2068 2462 2124 Nam
2496 2079 2550 2125 et
2579 2069 2773 2126 Paulus
2797 2087 2863 2126 ex
2893 2072 3104 2127 illorum
3135 2089 3360 2128 numero
3385 2084 3525 2139 erat,

1921 2173 1975 2218 et
2018 2163 2184 2216 multa
2230 2163 2563 2218 credentium
2611 2165 2773 2218 millia
2821 2165 2873 2219 in
2915 2165 3257 2221 Jerusalem:
3296 2165 3528 2222 lacubus

1916 2256 2061 2310 enim
2093 2254 2172 2310 ait
2202 2272 2214 2308 :
2255 2253 2430 2322 Vides,
2457 2259 2636 2329 frater,
2663 2268 2784 2328 quot
2807 2258 2970 2311 millia
2993 2255 3292 2313 Judteorum
3319 2261 3528 2313 creden-

1916 2348 2044 2401 tium
2062 2359 2179 2401 sunt
2200 2347 2337 2419 (Act.
2355 2348 2447 2404 21.
2465 2348 2580 2419 20).
2606 2348 2661 2405 Si
2685 2358 2865 2427 autem
2885 2349 3103 2421 quidam
3128 2361 3528 2418 remanserunt,

1913 2441 2014 2496 sibi
2057 2441 2187 2512 ipsis
2227 2441 2547 2512 supplicium
2580 2442 2864 2512 imputant.
2893 2442 2987 2500 26.
3025 2441 3166 2496 Tune
3203 2444 3393 2497 dimisit
3423 2443 3526 2497 illis

1915 2531 2200 2588 Barabbam
2226 2575 2241 2597 ,
2273 2532 2452 2588 Jesum
2498 2545 2668 2587 autem
2715 2535 3032 2605 ﬂagellatam
3068 2535 3279 2588 tradidit
3320 2537 3392 2590 eis
3415 2577 3431 2603 ,
3471 2545 3527 2590 ut

1913 2627 2314 2694 cruciﬁgeretur.
2356 2625 2466 2680 Cur
2491 2624 2816 2697 ﬂagellavit?
2849 2629 2955 2681 Aut
2985 2627 3138 2697 quasi
3168 2627 3480 2681 damnatum
3505 2669 3523 2694 ,

1912 2727 2006 2773 aut
2043 2730 2102 2773 ut
2133 2719 2360 2775 formam
2388 2719 2678 2790 quamdam
2705 2719 2907 2790 judicio
2937 2720 3154 2776 afferret
3182 2762 3199 2786 ,
3230 2721 3312 2776 vel
3344 2732 3399 2776 ut
3425 2721 3523 2777 Ju-

1911 2812 2042 2867 dzeis
2080 2829 2193 2870 rem
2223 2825 2430 2884 gratam
2468 2814 2691 2870 faceret.
2742 2813 2812 2870 Et
2839 2826 2987 2871 certe
3018 2816 3274 2872 resistere
3302 2828 3524 2887 oporte-

1913 2903 2022 2958 bat.
2046 2904 2174 2959 Nam
2191 2915 2350 2962 antea
2375 2907 2584 2961 dixerat
2608 2923 2622 2959 :
2652 2906 2877 2976 Accipite
2902 2924 3014 2962 eum
3039 2923 3145 2974 vos,
3174 2919 3221 2962 et
3243 2910 3521 2964 secundum

1911 2995 2068 3064 legem
2099 3006 2315 3050 uestram
2337 2997 2573 3066 judicate
2602 2998 2746 3053 illum
2773 2997 2953 3070 (Joan.
2986 2999 3074 3055 18.
3109 3001 3223 3072 51).
3254 3001 3523 3074 Multaque

1910 3097 2063 3142 erant
2089 3103 2211 3158 qua:
2249 3099 2498 3159 poterant
2533 3101 2587 3145 et
2618 3089 2848 3145 Pilatum
2878 3100 2934 3146 et
2976 3090 3194 3148 Judaaos
3219 3108 3249 3147 a
3283 3093 3522 3149 facinore

1912 3189 2061 3236 tanto
2089 3193 2358 3249 avertere,
2388 3184 2560 3254 signa,
2590 3183 2846 3239 miracula
2867 3226 2881 3249 ,
2914 3186 3102 3255 ingens
3134 3185 3274 3241 illius
3299 3188 3393 3259 qui
3427 3203 3521 3259 pa-

1910 3272 2139 3327 tiebatur
2170 3274 2548 3340 mansuetudo,
2579 3273 2766 3341 ingens
2790 3274 2918 3329 illud
2949 3276 3242 3331 silentium.
3279 3276 3348 3333 Ut
3374 3279 3518 3333 enim

1908 3376 1964 3420 et
1995 3381 2090 3433 per
2116 3381 2202 3430 ea,
2231 3381 2353 3435 quae
2381 3366 2447 3420 ad
2475 3365 2841 3420 defensionem
2871 3365 3008 3421 dixit
3040 3375 3094 3420 et
3127 3383 3219 3438 per
3250 3371 3520 3437 precatio-

1910 3471 2006 3510 nes
2035 3471 2160 3511 suas
2186 3471 2244 3511 se
2267 3456 2540 3511 hominem
2569 3471 2690 3511 esse
2718 3454 2952 3512 ostendit
2984 3474 2996 3511 :
3028 3457 3098 3512 ita
3131 3457 3519 3515 sublimitatem

1910 3547 2512 3618 magnanimitatemque
2559 3561 2713 3601 suam
2766 3556 2820 3602 et
2862 3563 2958 3618 per
3007 3549 3281 3603 silentium
3327 3559 3381 3604 et
3421 3566 3521 3620 per

1907 3650 2274 3710 contemptmu
2299 3655 2486 3693 eorum
2511 3655 2630 3708 qua:
2651 3649 2836 3692 contra
2866 3654 2927 3694 se
2952 3639 3270 3695 dicebautur
3290 3641 3516 3697 demon-

1906 3735 2132 3793 stravit,
2163 3748 2258 3803 per
2297 3734 2476 3787 omnia
2510 3732 2657 3801 ipsos
2688 3731 2754 3787 ad
2790 3733 2871 3786 sui
2905 3731 3318 3788 admirationem
3362 3735 3519 3789 indu-

1906 3839 2067 3888 cens;
2101 3823 2196 3878 sed
2229 3825 2354 3877 nulli
2384 3824 2574 3878 borum
2602 3823 2799 3880 cedere
2829 3823 3134 3880 voluerunt.

1978 3916 2031 3970 5.
2079 3913 2221 3968 l’itiis
2247 3916 2415 3969 aditus
2455 3915 2599 3970 initio
2630 3916 3064 3970 intercludamus.
3096 3916 3304 3972 Diaboli
3339 3935 3516 3976 versu-

1907 4009 1975 4060 tia
2001 4008 2052 4061 in
2083 4008 2338 4061 tentandis
2381 4007 2933 4062 hominibus.——Cum
2971 4008 3116 4063 enim
3155 4011 3322 4066 semel
3364 4014 3516 4081 quasi

1905 4099 2165 4154 ebrietate
2211 4109 2265 4155 et
2311 4097 2492 4154 furore
2524 4099 2660 4153 ratio
2693 4101 2984 4168 intercepta
3029 4109 3145 4165 est,
3187 4101 3403 4157 difficile
3434 4113 3518 4156 est

1905 4190 2112 4259 lapsum
2145 4191 2492 4260 resipiscere;
2523 4191 2624 4245 nisi
2655 4191 2776 4244 forti
2805 4192 2926 4260 quis
2954 4201 3008 4246 et
3036 4207 3302 4263 generoso
3331 4197 3517 4249 animo

1905 4285 1973 4338 sit
2007 4284 2278 4352 praeditus.
2317 4283 2512 4338 Gravis
2541 4294 2722 4347 certe,
2763 4286 2944 4354 gravis
2979 4300 3067 4341 res
3096 4297 3180 4340 est
3212 4289 3386 4356 pravis
3418 4289 3518 4344 hu-

1901 4375 2134 4446 jusmodi
2164 4377 2500 4444 passionibus
2528 4376 2658 4430 dare
2688 4378 2864 4431 locum
2900 4395 2913 4431 :
2942 4391 3270 4449 quapmpter
3306 4382 3512 4438 aditum

1904 4469 2007 4524 illis
2048 4469 2270 4524 omnino
2312 4468 2669 4523 intercludere
2715 4483 2810 4538 par
2851 4480 2954 4525 est.
2984 4469 3117 4524 Cum
3158 4471 3304 4527 enim
3345 4476 3514 4531 semel

1903 4564 2135 4617 animam
2171 4564 2464 4617 invaserint
2494 4573 2546 4616 et
2569 4563 2916 4632 occuparint,
2943 4565 3093 4634 quasi
3121 4564 3258 4634 ignis
3289 4569 3341 4620 in
3371 4568 3514 4639 ligna

1903 4655 2190 4724 delapsus,
2237 4657 2315 4709 sic
2358 4656 2532 4709 solent
2575 4657 2862 4709 tnaximam
2891 4656 3187 4712 accendere
3218 4658 3514 4718 ﬂammam.

1904 4749 2263 4818 Quamobrem
2297 4764 2450 4818 rogo,
2480 4748 2610 4802 nihil
2640 4763 2745 4802 non
2775 4747 3051 4810 faciamus,
3086 4759 3143 4804 ut
3182 4751 3286 4806 illis
3309 4753 3514 4812 aditum

1906 4841 2326 4896 intercludamus
2355 4858 2369 4893 :
2399 4855 2574 4910 neque
2647 4839 2753 4899 hoc
2791 4841 2992 4916 frigido
3065 4842 3386 4899 ratiocinio'
3419 4863 3519 4903 nos

1904 4934 2269 4998 consolantes,
2289 4947 2506 4988 omnem
2526 4930 2926 4986 introdueamus
2941 4934 3229 5002 nequitiam
3253 4937 3510 5004 dicentes,

1905 5027 2043 5096 Quid
2075 5026 2179 5082 boc
2203 5035 2326 5090 est,
2355 5034 2410 5080 et
2438 5023 2564 5094 quid
2592 5023 2762 5078 illud?
2799 5039 2922 5079 nam
2958 5025 3169 5081 infinita
3206 5030 3348 5084 mala
3390 5032 3517 5088 hinc

1905 5119 2225 5174 seaturiunt.
2274 5117 2528 5172 Diabolus
2566 5116 2708 5169 enim
2740 5115 3002 5172 scelestus
3029 5131 3151 5172 cum
3194 5123 3302 5184 sit,
3348 5124 3521 5179 multa

1907 5213 2071 5265 utitur
2099 5209 2328 5265 versutia
2346 5251 2360 5273 ,
2393 5208 2789 5278 perseverantia
2825 5216 2893 5263 eti
2924 5212 3378 5278 attemperatione
3401 5217 3418 5243 ¹
3447 5216 3513 5266 ad

1908 5303 2182 5358 hominum
2213 5303 2539 5372 perniciem,
2582 5310 2637 5355 et
2665 5316 2694 5355 a
2724 5301 2961 5356 minimis
3004 5303 3186 5358 statim
3226 5307 3513 5374 congredi-

1908 5405 2012 5449 tur.
2041 5396 2293 5450 Auimum
2320 5395 2539 5450 adverte
2562 5435 2579 5460 ,
2610 5407 2814 5463 quaso.
2845 5393 3068 5448 Volebat
3093 5393 3308 5450 Saulem
3343 5397 3392 5451 in
3421 5397 3514 5468 Py-

1908 5487 2161 5541 thonissa:
2187 5502 2354 5557 nugas
2383 5497 2437 5542 et
2466 5485 2814 5542 deliramenta
2845 5485 3118 5541 inducere.
3152 5485 3259 5542 Sed
3299 5489 3342 5543 si
3386 5489 3513 5544 illud

1907 5577 2057 5632 initio
2096 5580 2498 5648 proposuisset,
2541 5593 2645 5631 non
2681 5586 2830 5630 certe
2868 5577 3186 5633 attendimet
3227 5579 3333 5634 ille.
3365 5579 3511 5645 Quo-

1972 5736 1988 5768 ι
2025 5735 2223 5793 Quidam
2247 5735 2454 5793 habent,
2491 5727 2769 5790 pernicioso
2798 5723 3077 5779 ratiocinio.

2025 5797 2211 5855 λείη-ειη
2248 5795 2400 5846 multa
2433 5797 2584 5844 utitur
2608 5797 3034 5855 atteuparatione,
3061 5794 3258 5845 omissis
3292 5794 3512 5860 interpo-

1909 5867 1969 5910 ειι
1993 5873 2034 5908 s.
