4050 6428
550 410 555 416 -
578 373 679 428 767

577 480 739 534 modo
769 479 819 534 id
848 478 1083 542 tulisset,
1131 475 1220 546 qui
1261 475 1377 529 illas
1415 475 1725 544 expulerat?
1754 474 1876 528 Ideo
1905 471 2157 542 paulatim

581 571 725 624 illum
753 570 816 622 ad
841 568 889 622 id
916 567 1136 620 inducit.
1160 566 1290 632 Quia
1311 566 1454 618 enim
1482 580 1585 618 non
1606 564 1879 618 obedierat
1904 559 2160 622 Samueli,

580 673 635 716 et
665 660 968 713 holocausta
1000 657 1089 710 illo
1117 656 1337 710 absente
1361 654 1554 708 offerre
1574 670 1735 708 ausus
1759 665 1859 716 est,
1885 659 2163 705 accusatus

579 752 737 815 dicit,
782 748 1160 802 Necessitatem
1201 745 1459 800 adventus
1509 746 1732 798 hostium
1779 741 2032 811 majorem
2077 739 2162 792 iu-

577 841 724 894 duxit
753 840 840 908 (t.
876 837 999 909 Heg.
1029 836 1116 892 28.
1151 837 1292 907 15);
1331 847 1385 890 et
1429 851 1548 889 cum
1596 836 1774 903 lugere
1802 833 2160 898 oportuisset,

575 932 723 998 quasi
754 930 883 982 nihil
913 929 1123 982 fecisset
1153 927 1372 980 allectus
1392 935 1526 980 erat.
1551 925 1780 979 Rursum
1807 922 2005 976 bellum
2031 936 2162 974 cou-

580 1034 656 1077 tra
684 1023 1002 1077 Amalecitas
1020 1021 1175 1089 jussit
1203 1020 1376 1073 Deus:
1412 1018 1500 1070 ille
1528 1032 1654 1071 vero
1682 1015 1770 1070 hic
1797 1015 1956 1070 etiam
1987 1025 2161 1066 trans-

578 1129 792 1182 gressus
839 1122 938 1167 est.
985 1111 1073 1164 llis
1121 1117 1495 1163 successerunt
1531 1107 1646 1176 ejus
1683 1115 1867 1160 contra
1911 1102 2158 1157 Davidem

578 1207 810 1259 facinora
834 1245 848 1268 ,
879 1215 930 1257 et
963 1204 1038 1255 sic
1062 1203 1262 1257 sensim
1295 1212 1348 1254 et
1376 1201 1624 1270 paulatim
1656 1200 1720 1252 ad
1749 1199 1967 1252 exitium
1996 1194 2157 1249 decli-

581 1313 712 1350 nans
740 1313 839 1347 non
865 1294 1028 1356 stetit,
1055 1294 1226 1347 donec
1254 1295 1304 1346 in
1332 1293 1580 1361 perniciei
1608 1291 1923 1360 profundum
1953 1304 2010 1342 se
2035 1301 2164 1341 con-

574 1390 714 1459 jec-it.
755 1390 841 1441 Sic
871 1397 922 1440 et
963 1388 1012 1439 in
1045 1387 1207 1440 Caiuo
1237 1386 1410 1440 evenit
1451 1403 1462 1438 :
1497 1399 1600 1438 non
1639 1384 1818 1437 statim
1858 1382 1923 1435 ad
1960 1379 2157 1435 cmdem

583 1479 756 1530 fratris
801 1476 970 1546 ipsum
1009 1477 1266 1543 compulit
1302 1473 1544 1528 diabolus
1593 1491 1606 1526 :
1658 1472 1711 1526 id
1752 1472 1892 1526 enim
1936 1484 2039 1524 non
2088 1469 2160 1522 illi

582 1569 865 1626 suasisset;
908 1565 1002 1618 sed
1043 1567 1246 1619 minora
1287 1564 1512 1633 primum
1557 1565 1652 1631 ipsi
1704 1562 1895 1615 obtulit
1931 1561 2158 1615 dicens:

586 1658 636 1713 lu
667 1660 764 1712 hoc
793 1662 991 1713 nullum
1021 1671 1100 1714 est
1134 1669 1442 1727 peccatum;
1474 1659 1731 1721 secundo,
1776 1658 1992 1711 livorem
2025 1658 2159 1709 invi-

580 1749 826 1818 diamque
857 1751 1122 1814 incendit,
1165 1750 1294 1803 nihil
1342 1752 1464 1803 mali
1503 1752 1652 1819 sequi
1691 1750 1950 1812 suadens;
1983 1750 2158 1811 tertio,

580 1839 777 1892 cadem
807 1839 880 1892 illi
911 1841 1076 1892 suasit
1106 1849 1159 1892 et
1183 1841 1515 1909 negationem
1548 1840 1850 1902 homicidii;
1894 1855 1992 1892 nec
2021 1839 2162 1907 prius

579 1929 853 1990 abscessit.
877 1946 1034 1998 quam
1059 1929 1408 1998 colophoueui
1436 1933 1692 1983 malurmu
1723 1932 2021 1997 adjecisset.
2054 1929 2160 1982 lie.

580 2023 821 2089 pellenda
852 2037 977 2090 ergo
1005 2024 1148 2076 initia
1181 2033 1337 2085 sunt;
1369 2040 1488 2074 rum
1520 2024 1749 2075 maxime
1773 2063 1786 2084 ,
1829 2022 2034 2075 etiamsi
2074 2020 2159 2073 illa

580 2111 748 2181 prima
795 2122 1006 2180 peccata
1055 2127 1158 2166 non
1205 2112 1340 2165 ultra
1383 2113 1849 2182 progredereutur,
1897 2127 1999 2164 non
2042 2110 2161 2164 ideo

580 2211 754 2256 tamen
785 2203 1080 2272 Sperneuda
1110 2203 1195 2256 illa
1221 2212 1400 2256 essent
1429 2221 1440 2254 :
1471 2219 1608 2256 utmc
1636 2214 1812 2256 autem
1852 2201 1919 2256 ad
1961 2203 2159 2269 majora

579 2292 905 2357 ascendunt,
934 2293 977 2345 si
1010 2293 1356 2363 negligentior
1385 2296 1451 2346 sit
1482 2293 1710 2347 animus.
1746 2292 1869 2345 Ideo
1900 2293 2024 2345 nihil
2058 2307 2160 2344 non

578 2383 840 2453 agendum
884 2393 998 2445 est,
1045 2395 1100 2437 ut
1144 2385 1398 2452 principia
1444 2382 1815 2453 pra'cidantur.
1857 2382 1934 2436 Ne
1965 2383 2161 2450 peccati

581 2483 819 2527 naturam
850 2485 904 2526 ut
936 2490 1147 2542 parvam
1179 2476 1512 2539 consideres,
1553 2474 1645 2528 sed
1683 2473 1951 2542 perpende
1991 2473 2160 2540 ipsum

580 2567 798 2632 majoris
823 2580 941 2619 esse
966 2566 1192 2619 radicem
1220 2567 1263 2618 si
1294 2565 1590 2636 negligatur
1613 2571 1653 2615 ι.
1685 2564 1813 2618 Nam
1841 2565 1884 2628 si
1913 2563 2038 2632 quid
2067 2563 2161 2615 ad-

581 2654 880 2708 mirandum
920 2655 1099 2710 dicere
1139 2666 1411 2725 Oporteat,
1453 2672 1556 2710 non
1598 2665 1796 2709 tantam
1835 2654 2161 2723 diligentiam

581 2749 858 2816 requirunt
899 2749 1096 2817 majora
1147 2750 1232 2802 illa
1280 2761 1534 2818 peccata,
1578 2762 1734 2818 quam
1786 2747 2021 2800 minima.
2075 2746 2160 2797 illa

582 2855 808 2908 namque
842 2839 947 2908 ipsa
979 2840 1178 2908 peccati
1209 2855 1393 2892 natura
1426 2850 1480 2891 ut
1511 2853 1814 2892 aversemur
1839 2837 2035 2900 efficit;
2065 2836 2160 2888 mi-

581 2948 709 2985 non
738 2948 861 2986 vero
888 2933 966 2985 vel
1001 2931 1140 3001 quod
1173 2933 1376 2984 minora
1404 2931 1506 2983 sint
1540 2929 1591 2983 in
1634 2929 2002 2997 negligentiam
2033 2945 2163 2982 coti-

580 3022 801 3092 jiciuut,
844 3037 1016 3091 neque
1055 3023 1230 3074 sinunt
1272 3021 1478 3074 fortiter
1515 3021 1579 3075 ad
1621 3022 1729 3090 ipsa
1775 3020 2002 3073 tollenda
2047 3035 2164 3071 sur-

581 3127 706 3182 gere
730 3128 744 3175 ;
786 3112 904 3166 ideo
936 3114 1089 3167 nobis
1114 3112 1504 3166 dormientibus
1528 3114 1634 3166 cito
1657 3127 1842 3180 magna
1873 3111 2022 3173 (ium.
2051 3109 2164 3165 Hoc

582 3206 754 3275 ipsum
795 3205 847 3258 in
876 3205 1188 3273 corporibus
1215 3219 1424 3274 quoque
1462 3204 1702 3258 accidere
1740 3203 1938 3257 videas.
1983 3202 2072 3257 Sic
2109 3202 2162 3256 in

581 3293 716 3348 .iuda
757 3310 1003 3363 magnum
1046 3293 1357 3360 proditionis
1395 3294 1593 3347 malum
1632 3303 1873 3347 emrtum
1910 3303 2009 3347 est.
2051 3292 2160 3347 Nisi

582 3386 720 3439 enim
750 3393 986 3453 putasset
1011 3399 1229 3454 parvum
1259 3399 1377 3438 esse
1408 3385 1656 3452 pecunias
1682 3399 1972 3453 pauperum
1999 3383 2164 3437 suffu-

586 3475 734 3541 rari,
781 3490 1065 3542 numquam
1115 3475 1165 3527 iu
1218 3474 1571 3543 proditionem
1623 3468 1910 3528 incidisset.
1965 3474 2164 3528 Judazis

583 3583 796 3638 quoque.
824 3567 922 3619 nisi
952 3581 1172 3634 parvum
1198 3567 1368 3619 visunt
1397 3565 1582 3618 fuisset
1608 3583 1636 3618 a
1668 3576 1797 3617 Vana
1828 3565 1992 3635 gloria
2023 3566 2161 3634 capi,

584 3673 869 3726 numquam
915 3656 980 3710 ad
1021 3653 1216 3708 Christi
1248 3654 1445 3709 caedem
1485 3654 1839 3709 devenisscnt.
1871 3654 2164 3724 Omniaque

586 3747 722 3823 mala
754 3748 874 3800 hinc
900 3745 1128 3812 profecta
1152 3745 1351 3801 videas.
1373 3745 1539 3800 Nemo
1559 3746 1701 3800 enim
1722 3747 1829 3800 cito
1854 3761 1916 3800 ac
1945 3756 2165 3814 repente

587 3829 640 3882 in
662 3830 959 3898 nequitiam
981 3829 1188 3883 incidit.
1215 3829 1383 3884 liabet
1400 3841 1566 3899 certe,
1592 3833 1752 3888 habet
1769 3836 1947 3888 anima
1973 3852 2165 3905 quem-

591 3922 716 3973 dam
751 3920 908 3973 uobis
940 3920 1164 3973 insitum
1197 3921 1322 3975 mali
1353 3925 1612 3989 pudorem
1644 3924 1881 3995 bonique
1906 3943 2170 3982 verecun-

589 4013 760 4074 diam,
800 4027 900 4066 nec
939 4013 1057 4066 fieri
1094 4022 1275 4082 potest
1309 3999 1386 4082 ut,
1422 4016 1489 4071 ad
1526 4017 1916 4086 impudentiam
1951 4031 2171 4088 repente

591 4104 901 4167 declinans,
937 4106 1122 4158 omnia
1155 4106 1320 4160 simul
1344 4109 1607 4176 abjiciat;
1658 4110 1750 4163 sed
1796 4112 2002 4165 sensim
2051 4127 2172 4166 cor-

592 4197 888 4264 rumpitur,
905 4196 1244 4264 negligenda.
1262 4196 1352 4250 Sic
1369 4198 1670 4253 idololatria
1696 4203 1938 4270 ingressa
1949 4215 2029 4256 est
2046 4219 2170 4257 cum

592 4286 844 4340 homines
872 4301 1036 4354 supra
1083 4289 1304 4340 modum
1331 4288 1747 4350 honorareutur.
1779 4295 2168 4359 siveviveutes,

591 4379 705 4432 sive
728 4378 1037 4444 mortui;sie
1055 4379 1325 4448 sculptilis
1342 4381 1488 4434 culta
1507 4379 1764 4446 fuere;sic
1782 4384 2072 4438 fornicatio
2087 4386 2173 4439 in-

592 4466 1001 4536 valuit,a|iaque
1019 4467 1284 4520 mala.llic
1306 4470 1548 4520 animum
1561 4469 1925 4523 adhibe.ltisit
1946 4472 2068 4538 quis
2089 4474 2173 4524 in-

594 4559 1075 4626 tempestive,alius
1096 4559 1459 4626 reprehendit;
1483 4560 1627 4613 altus
1646 4570 1849 4613 metum
1870 4563 2066 4628 repulit
2084 4561 2156 4614 di-

582 4659 712 4697 cens
740 4661 752 4696 :
780 4644 920 4698 Nihil
947 4645 1047 4699 hoc
1071 4657 1170 4700 est.
1200 4647 1336 4714 Quid
1366 4651 1507 4703 enim
1536 4657 1618 4704 est
1646 4652 1858 4706 ridere?
1887 4654 2007 4721 quid
2035 4654 2142 4707 hiu'

583 4736 707 4789 mali
753 4737 988 4790 oriatur?
1025 4738 1158 4794 Hinc
1201 4741 1494 4794 scurrilitas
1534 4743 1721 4807 oritur,
1767 4744 1888 4799 inde
1926 4747 2125 4815 turpilv

584 4827 793 4895 quium,
827 4837 882 4880 et
908 4821 1047 4882 actio
1076 4832 1264 4900 turpis.
1296 4831 1525 4886 Rursum
1555 4833 1689 4886 alius
1721 4835 1989 4890 incusatus
2017 4847 2156 4907 quod

581 4919 878 4987 proximum
917 4920 1285 4988 calumnietur,
1337 4923 1478 4992 quod
1521 4927 1847 4982 convicietur
1890 4928 1974 4993 ei,
2018 4930 2157 4998 quod

579 5010 894 5076 maledicat,
942 5011 997 5066 id
1028 5013 1293 5082 neglexit,
1335 5015 1570 5085 dixitque
1609 5035 1623 5071 :
1671 5017 1986 5073 Maledicere
2029 5021 2158 5075 nihil

577 5109 679 5157 est.
727 5100 859 5156 Hinc
887 5102 1066 5157 odium
1097 5116 1303 5173 partum
1332 5116 1416 5159 est
1443 5106 1662 5177 ingens,
1704 5109 1977 5164 inimicitia
2022 5111 2155 5166 in‘e-

576 5195 944 5261 conciliabilis,
966 5197 1200 5251 convicia
1231 5197 1467 5262 infinita;
1493 5215 1557 5254 ex
1584 5202 1836 5257 conviciis
1857 5203 2059 5274 plagw;
2092 5220 2156 5258 ex

575 5286 745 5357 plagis
767 5303 908 5357 saepe
935 5290 1129 5345 caedes.

647 5378 700 5430 4.
742 5379 786 5432 Α
819 5380 993 5448 parvis
1023 5381 1198 5449 itaque
1226 5382 1303 5435 sic
1335 5393 1523 5452 magna
1553 5381 1754 5437 inducit
1779 5387 2036 5457 malignus
2068 5388 2156 5444 ille

575 5467 819 5531 dtemoa;
850 5486 877 5522 a
909 5473 1110 5540 magnis
1148 5472 1572 5540 deSperatiouem
1594 5515 1609 5539 ,
1650 5474 1807 5528 aliam
1849 5478 2153 5532 methoduiu

577 5575 682 5614 neu
715 5562 887 5614 minus
917 5562 1094 5630 priore
1125 5564 1474 5632 perniciosam
1516 5564 1815 5621 inveniens.
1857 5565 1978 5622 Non
2015 5570 2154 5625 enim

578 5659 685 5706 tam
735 5651 906 5719 perdit
962 5665 1270 5721 peccatum,
1316 5671 1474 5726 quam
1520 5655 1842 5726 desperatio.
1892 5659 2022 5715 Nam
2065 5663 2154 5732 qui

643 5759 662 5793 ’
695 5768 826 5821 Ila-c,
852 5763 891 5812 si
916 5765 1201 5828 negityntnr,
1225 5768 1403 5817 desunt
1427 5769 1473 5816 in
1494 5767 1658 5818 Morel.

1293 367 1350 422 S.
1390 364 1665 421 JOANNIS
1697 357 2168 420 CHRYSOSTOSH
2207 354 2519 412 AllClllEP.
2558 353 3086 414 CONSTANTINOP.

3756 363 3860 421 788

2274 468 2548 536 peccavit,
2599 466 2642 518 si
2689 465 2905 535 vigilet,
2951 469 3058 521 cito
3108 481 3200 538 per
3247 442 3612 538 paenitentiam
3660 471 3855 528 factum

2268 574 2420 613 suum
2450 558 2698 626 corrigit;
2726 559 2814 627 qui
2845 574 2972 611 vero
3000 559 3248 626 desperat
3277 577 3375 614 uec
3400 564 3710 632 corrigitur,
3740 565 3858 620 ideo

2267 649 2466 704 excidit
2492 649 2559 700 ab
2588 650 3001 714 emendatione,
3053 651 3193 720 quod
3246 653 3573 720 paenitentia:
3622 657 3856 710 remedia

2268 755 2371 793 non
2401 748 2650 806 apponat.
2692 739 2857 793 llahet
2897 756 3107 811 quoque
3147 744 3304 796 tertio
3331 745 3679 812 gravissimas
3727 750 3857 802 iusi-

2267 831 2416 893 dias,
2465 839 2523 882 ut
2548 844 2669 883 cum
2709 831 2918 898 pietatis
2947 833 3179 900 speciem
3221 843 3438 902 peccato
3475 836 3857 908 circumponit.

2266 920 2334 974 Et
2363 920 2574 975 ubinam
2596 961 2612 986 ,
2643 921 2839 988 inquis,
2873 936 3040 991 usque
3067 923 3201 976 adeo
3230 925 3448 978 invaluit
3474 926 3723 981 diabolus
3744 969 3760 992 ,
3806 937 3862 982 ut

2266 1019 2468 1064 tantum
2497 1010 2809 1080 deciperet?
2829 1013 2981 1077 Audi,
3002 1022 3057 1068 et
3075 1028 3204 1068 cave
3226 1016 3315 1069 tibi
3339 1017 3408 1070 ab
3430 1017 3570 1071 illius
3600 1019 3859 1074 versutia.

2265 1099 2526 1169 Prtecepit
2578 1117 2672 1170 per
2702 1101 2922 1155 Paulum
2970 1101 3062 1173 (1.
3094 1103 3215 1157 Cor.
3248 1104 3278 1156 7
3309 1107 3326 1174 )
3355 1105 3600 1161 Christus
3634 1123 3860 1162 uxorein

2264 1207 2294 1246 a
2334 1193 2451 1246 viro
2495 1208 2599 1246 non
2631 1209 2894 1262 separari;
2927 1212 3026 1250 nec
3063 1198 3370 1251 seiuvieem
3401 1199 3648 1255 fraudare
3697 1217 3862 1268 opor-

2267 1292 2378 1339 tere
2423 1285 2576 1350 dixit,
2626 1288 2723 1340 nisi
2755 1304 2820 1342 ex
2873 1303 3137 1354 consensu
3185 1293 3322 1343 :sed
3364 1293 3636 1346 nonnulla
3674 1309 3863 1346 amore

2264 1379 2640 1433 continentue‘
2667 1396 2697 1432 a
2727 1381 2852 1434 viris
2883 1392 3161 1448 separatu,
3195 1397 3255 1435 ac
3287 1384 3331 1435 si
3365 1385 3510 1452 pium
3543 1386 3668 1450 quid
3714 1384 3861 1439 facc-

2268 1481 2382 1522 reut
2408 1511 2422 1533 ,
2465 1470 2670 1539 seipsas
2707 1474 2771 1524 ad
2823 1473 3138 1526 adulterium
3175 1474 3460 1528 dederunt.
3505 1477 3688 1544 Cogita
3731 1491 3864 1542 (δέκα

2264 1575 2421 1627 quam
2454 1563 2648 1612 nmium
2684 1562 2918 1615 laborem
2952 1578 3214 1632 perpessa:
3238 1605 3252 1624 ,
3282 1565 3430 1633 quasi
3459 1580 3579 1634 quae
3608 1581 3863 1634 magnum

2265 1650 2514 1703 damnum
2544 1652 2814 1706 intulerint
2839 1693 2854 1716 ,
2887 1669 3151 1706 extremas
3178 1655 3285 1710 sint
3313 1657 3521 1710 initura:
3548 1672 3738 1725 poenas
3769 1699 3780 1714 .
3814 1669 3866 1711 et

2265 1742 2316 1794 in
2349 1744 2597 1810 perniciei
2631 1745 2943 1798 barathrum
2984 1748 3204 1799 maritos
3233 1762 3358 1799 suos
3387 1747 3700 1817 conjiciunt.
3755 1750 3860 1802 Atii

2267 1849 2451 1888 rursus
2482 1851 2546 1888 ex
2573 1837 2761 1904 jejunii
2791 1846 3059 1905 prmcepto
3088 1838 3415 1892 abstinentes
3453 1853 3485 1890 a
3529 1841 3687 1900 cibis,
3734 1855 3868 1908 pau-

2266 1927 2412 1980 latim
2444 1927 2509 1980 ad
2538 1929 2987 1983 abominationem
3021 1930 3260 1984 eiborunt
3295 1931 3664 1994 devenerunt;
3721 1934 3866 2000 quod

2267 2017 2439 2086 ipsum
2475 2032 2722 2086 magnum
2751 2019 2904 2073 affert
2932 2020 3268 2088 supplicium.
3315 2019 3438 2074 llaec
3479 2035 3646 2090 porro
3690 2021 3824 2075 fiunt
3847 2063 3865 2086 ,

2265 2108 2482 2176 quando
2521 2108 2892 2178 prie-judicatus
2924 2125 3048 2163 suas
3077 2111 3360 2177 Opinioues
3388 2122 3583 2179 prieter
3616 2111 3864 2180 Scriptu-

2266 2213 2444 2252 rarum
2474 2210 2704 2252 mentem
2735 2200 3068 2254 confirmant.
3098 2200 3359 2255 Putat-unt
3386 2203 3524 2272 apud
3553 2205 3866 2258 Corinthios

2268 2287 2430 2357 aliqui
2459 2289 2798 2358 perfectionis
2824 2306 2962 2356 esse,
2989 2291 3355 2347 indiﬂ'ereuter
3379 2297 3559 2349 omnia
3601 2307 3827 2365 gustare
3849 2337 3863 2362 ,

2265 2379 2530 2449 etiamque
2559 2381 2821 2450 prohibita
2845 2379 3003 2455 (Ibid.
3032 2399 3080 2436 υ.
3113 2383 3194 2454 8);
3215 2392 3272 2438 at
3302 2385 3403 2440 hoc
3433 2399 3540 2440 non
3569 2387 3867 2455 perfectio-

2267 2471 2350 2524 nis
2371 2510 2385 2535 ,
2417 2470 2512 2526 sed
2541 2483 2794 2529 extrema:
2822 2474 3114 2543 iniquitatis
3142 2488 3260 2530 erat
3295 2495 3310 2528 :
3353 2476 3475 2532 ideo
3515 2478 3870 2536 vehementer

2269 2562 2388 2617 illos
2439 2563 2633 2618 Paulus
2671 2565 2930 2633 increpat,
2978 2575 3321 2636 extremoque
3362 2567 3556 2638 dignos
3599 2570 3868 2640 supplicio

2267 2653 2457 2706 dieit’.
2508 2654 2608 2708 Alii
2649 2670 2864 2709 rursum
2906 2656 2970 2709 ad
3019 2657 3269 2724 pietatem
3312 2658 3586 2726 pertinere
3631 2671 3866 2729 putant,

2265 2760 2472 2799 comam
2511 2747 2699 2816 capitis
2728 2748 2998 2802 exeolere.
3047 2747 3180 2803 Illud
3219 2765 3382 2819 porro
3423 2751 3755 2819 prohibitum
3786 2767 3868 2809 est

2265 2850 2329 2888 ac
2356 2836 2505 2889 multi
2534 2836 2835 2891 dedecoris.
2861 2837 2963 2892 Alii
2988 2840 3180 2894 iterum
3210 2841 3358 2894 lucro
3381 2842 3483 2895 sibi
3510 2839 3628 2896 fore
3653 2854 3866 2912 putant,

2265 2927 2308 2978 si
2341 2925 2406 2978 de
2437 2927 2663 2994 peccatis
2691 2929 2800 2979 suis
2831 2926 3180 2982 immoderate
3218 2929 3466 2996 doleant;
3496 2931 3591 2985 sed
3639 2931 3773 2987 illud
3799 2936 3866 2988 ad

2265 3013 2539 3069 Vafrietem
2564 3020 2790 3083 pertinet
2811 3017 3143 3080 diabolicam,
3169 3029 3225 3072 ut
3243 3020 3534 3074 declaravit
3558 3021 3755 3087 ludas,
3777 3024 3866 3092 Qui

2269 3105 2387 3159 ideo
2409 3119 2466 3159 se
2487 3104 2677 3173 laqueo
2689 3105 2984 3174 suspendit.
3007 3105 3210 3162 Idcirco
3227 3111 3422 3164 Paulus
3443 3111 3687 3175 timebat,
3705 3128 3775 3167 ne
3799 3115 3864 3177 is,

2267 3197 2356 3266 qui
2385 3195 2668 3250 fornicatus
2691 3207 2826 3260 erat,
2855 3200 2977 3266 quid
2999 3197 3175 3253 simile
3196 3209 3484 3268 pateretur,
3509 3201 3865 3275 horteturque

2268 3287 2571 3342 Corinthios
2601 3298 2658 3341 ut
2686 3289 2842 3342 citius
2883 3291 3027 3344 illum
3068 3291 3189 3345 inde
3217 3293 3534 3357 extrahant,
3583 3296 3668 3348 Ne
3707 3299 3864 3350 nimia

2268 3383 2468 3434 tristitia
2498 3381 2822 3434 absorbeatur
2851 3382 3142 3448 ltujusmodi
3173 3383 3263 3454 (2.
3296 3382 3412 3437 Cor.
3445 3383 3498 3438 2.
3532 3387 3612 3454 7).
3660 3388 3862 3442 Deinde

2267 3474 2556 3528 ostendens
2588 3474 2636 3527 id
2667 3491 2733 3527 ex
2761 3474 2877 3544 ejus
2906 3474 3110 3528 insidiis
3142 3476 3450 3543 provenire,
3484 3479 3559 3531 ait
3601 3497 3613 3530 :
3649 3477 3720 3534 Ut
3763 3499 3862 3533 non

2268 3568 2716 3619 circumveniuntur
2743 3583 2774 3616 a
2802 3575 2980 3618 satana
3024 3583 3043 3619 :
3083 3583 3182 3618 non
3221 3569 3354 3621 enim
3392 3569 3503 3639 ejus
3528 3571 3863 3640 cogitationes

2268 3659 2556 3726 ignoramus
2584 3655 2742 3727 (Ibid.
2789 3673 2832 3707 ιι.
2869 3657 2924 3708 Η
2950 3655 2970 3726 )
2994 3696 3005 3718 ,
3039 3657 3178 3724 quod
3220 3674 3342 3711 cum
3374 3658 3538 3710 multo
3567 3660 3697 3713 dolo
3727 3676 3862 3714 con-

2265 3749 2557 3818 grediatur,
2591 3750 2778 3818 inquit.
2813 3748 2942 3802 Nam
2981 3751 3024 3804 si
3071 3751 3240 3818 palan)
3283 3752 3653 3820 impugnaret,
3692 3753 3864 3809 facilis

2265 3851 2406 3893 esset
2435 3841 2651 3892 victoria
2677 3856 2691 3901 ;
2741 3841 2846 3892 imo
2872 3842 3031 3894 etiam
3062 3856 3234 3901 nunc,
3266 3841 3309 3894 si
3340 3842 3620 3910 vigilemus
3642 3885 3656 3903 .
3690 3843 3864 3898 faci'is

2265 3933 2383 3985 erit.
2409 3931 2540 3985 Nam
2567 3933 2632 3984 ad
2660 3933 2892 4002 singulas
2915 3933 3074 3987 hasce
3097 3934 3206 3987 vias
3231 3935 3456 3988 armavit
3477 3949 3574 3990 uos
3604 3938 3762 3991 Deus.
3797 3937 3864 3992 Ut

2266 4025 2486 4077 suadeat
2511 4025 2652 4078 enim
2685 4041 2750 4077 ne
2780 4040 2936 4093 parva
2967 4035 3393 4091 coiitemuamus,
3423 4027 3545 4080 audi
3583 4031 3862 4098 quomodo

2268 4111 2507 4166 hortetur
2551 4130 2563 4166 :
2610 4111 2710 4178 Qui
2737 4113 2916 4166 dixerit
2951 4114 3099 4181 fratri
3125 4131 3236 4177 suo,
3268 4119 3438 4186 fatue,
3479 4134 3592 4172 retis
3628 4123 3725 4171 ent
3765 4137 3851 4189 ge-

2267 4204 2444 4257 henna:
2470 4204 2601 4273 ignis
2629 4203 2852 4270 (Matth.
2884 4206 2937 4259 5.
2976 4205 3047 4259 Ξῖ
3069 4209 3117 4270 );
3150 4217 3237 4264 et.
3283 4209 3383 4272 Qui
3429 4209 3640 4264 lascivis
3684 4214 3857 4267 oculis

2265 4295 2471 4362 aSpicit,
2504 4297 2740 4348 ltltBChUS
2771 4307 2852 4351 est
2881 4298 3164 4365 perfectus.
3198 4299 3454 4354 llideutes
3497 4318 3712 4371 quoque
3753 4308 3857 4357 iiii-

2263 4400 2416 4439 seros
2444 4387 2733 4455 prtrdicat;
2763 4398 2815 4441 et
2847 4390 3042 4458 ubique
3072 4391 3325 4460 principia
3354 4402 3406 4446 et
3445 4396 3647 4448 semina
3680 4400 3855 4449 mato-

2265 4489 2383 4527 rum
2411 4477 2615 4541 evellit,
2655 4491 2717 4531 ac
2758 4478 2824 4531 de
2853 4483 3026 4532 otioso
3054 4482 3221 4534 verbo
3263 4484 3335 4535 ait
3374 4484 3700 4539 reddendam
3734 4504 3858 4542 esse

2265 4568 2545 4622 rationem.
2577 4569 2804 4640 [deoque
2833 4580 2887 4623 et
2914 4570 3016 4626 Job
3047 4587 3149 4627 non
3177 4584 3290 4628 acta
3327 4578 3504 4640 modo,
3535 4578 3631 4631 sed
3660 4589 3716 4633 et
3757 4596 3857 4639 co-

2264 4661 2545 4728 gitationes
2572 4662 2798 4716 filiorum
2829 4665 3084 4734 purgabat
3113 4665 3253 4736 (Job.
3289 4668 3338 4721 l.
3367 4668 3460 4737 5).
3495 4668 3569 4722 De
3592 4670 3853 4741 despera-

2266 4752 2410 4806 tione
2439 4764 2615 4809 autem
2645 4757 2720 4808 ait
2750 4772 2763 4808 :
2792 4756 2869 4808 Αη
2898 4757 2983 4824 qui
3007 4758 3214 4821 cecidit,
3244 4775 3346 4812 non
3370 4764 3638 4832 resurget?
3661 4779 3729 4816 an
3768 4768 3855 4834 qui

2265 4845 2440 4895 auertit
2459 4885 2474 4907 ,
2504 4862 2603 4896 non
2632 4848 2932 4899 convertitur
2963 4846 3108 4915 (λεν.
3139 4849 3194 4903 8.
3221 4849 3330 4920 4)ἳ
3358 4851 3422 4905 Et
3450 4868 3635 4907 rursus
3667 4871 3680 4907 :
3714 4855 3857 4909 Nolo

2267 4945 2474 4987 mortem
2501 4937 2771 5002 peccatoris
2791 4979 2804 4999 ,
2836 4938 2924 4990 sed
2965 4949 3015 4991 ut
3054 4951 3368 4995 convertatur
3393 4953 3441 4995 et
3468 4945 3598 4996 uiuat
3631 4944 3853 5012 (Eucti.

2267 5027 2352 5080 18.
2527 5029 2608 5091 Et,
2644 5025 2809 5081 Hodie
2832 5030 2874 5082 si
2902 5046 3067 5084 uocem
3103 5032 3214 5100 ejus
3242 5034 3502 5087 audieritis
3549 5035 3727 5102 (Paul.
3757 5039 3850 5093 94.

2265 5118 2338 5183 8).
2363 5117 2436 5186 (a)
2455 5117 2542 5187 [Et
2572 5134 2802 5182 rursum,
2820 5117 3071 5174 Gaudium
3099 5132 3174 5175 est
3198 5123 3249 5174 in
3278 5125 3417 5178 cretis
3436 5142 3588 5193 super
3604 5143 3706 5180 uno
3737 5145 3856 5196 pec-

2262 5218 2430 5259 catore
2455 5209 2791 5276 penitentiam
2822 5222 2999 5281 agente
3019 5212 3166 5283 (Luc.
3195 5215 3282 5270 15.
3305 5215 3420 5288 7).]
3444 5216 3602 5271 Multa
3635 5235 3858 5290 quoque

2263 5297 2368 5352 alia
2397 5301 2556 5354 verba
2582 5312 2637 5354 et
2662 5303 2903 5370 exempla
2937 5306 2986 5355 in
3018 5304 3292 5374 Scriptura
3331 5306 3612 5364 habentur.
3647 5311 3726 5365 Ne
3754 5327 3847 5366 au-

2266 5397 2372 5444 tem
2395 5389 2603 5457 pietatis
2626 5393 2803 5460 specie
2825 5410 3123 5462 pereamus,
3145 5397 3267 5452 audi
3291 5399 3512 5453 Paulum
3537 5402 3808 5459 dicentem
3834 5421 3849 5458 :

2266 5479 2348 5534 Ne
2370 5480 2725 5537 abundantiori
2751 5487 2949 5540 tristitia
2966 5486 3292 5545 absorbeatur
3307 5490 3516 5560 (2.Cor.
3542 5493 3595 5548 2.
3618 5495 3697 5565 7).
3724 5497 3852 5557 Haec

2327 5591 2345 5622 ι
2383 5589 2498 5650 Alii,
2520 5605 2684 5644 amore
2704 5593 2909 5650 pietatis.

2301 5652 2956 5740 fit-£10,435?-
2964 5659 3156 5740 ,Ραιωδ
3168 5661 3276 5714 ὼ
3300 5672 3520 5716 εανεηιο
3738 5685 3858 5735 ΝΡ

2262 5712 2406 5777 plicia
2422 5712 2557 5775 dicit,
2577 5712 2775 5767 caloris
2795 5712 3005 5771 omissis.

2326 5783 2399 5843 (α)
2429 5794 2543 5839 uua:
2566 5783 2762 5833 uncinis
2783 5783 3070 5834 clauduntur
3098 5791 3275 5840 desunt
3304 5791 3351 5840 in
3380 5792 3542 5843 ator-ct.
