4050 6418
181 382 297 437 769

176 512 321 567 ergo
346 507 468 550 cum
498 492 751 553 sciamus,
785 486 1036 540 omnibus
1078 483 1177 536 viis
1198 523 1213 547 ,
1260 494 1378 549 quat
1411 475 1628 530 desides
1665 488 1795 541 pos-

178 596 317 644 sunt
353 586 694 645 subvertere,
734 578 1132 648 Scripturarum
1172 571 1512 642 prudentiam
1550 579 1790 638 appona-

178 696 331 736 snus.
363 678 545 747 Neque
572 676 719 729 dicas
753 690 766 724 :
799 670 936 740 Quid
967 671 1011 723 si
1050 666 1341 722 formosam
1382 660 1661 715 mulierem
1691 674 1789 712 cu-

178 777 332 831 riose
360 768 659 841 aspexero?
698 766 831 820 Nam
871 764 915 819 si
958 778 1012 817 ut
1052 759 1216 816 corde
1254 755 1555 812 moechatus
1593 752 1789 815 lueris,

177 868 295 922 cito
334 867 509 935 reipsa
538 859 795 917 mmehari
827 855 1072 910 audebis.
1117 851 1195 907 Ne
1223 849 1403 912 dicas,
1448 845 1586 914 Quid
1625 854 1707 935 est
1747 843 1793 896 si

179 934 480 1029 pauperem
513 953 655 1025 hunc
682 945 1039 1020 prwteream?
1063 943 1118 998 Si
1151 942 1291 996 hunc
1320 948 1629 1010 prtetereas,
1658 934 1796 988 alte-

178 1026 311 1106 rum
333 1058 388 1104 et
419 1056 541 1118 post
569 1046 711 1099 hunc
738 1043 903 1097 alium
934 1036 1254 1109 praeteribis.
1288 1033 1397 1088 Nec
1426 1041 1613 1085 rursus
1636 1026 1792 1118 dixe-

179 1144 264 1198 ris
303 1160 318 1197 :
352 1117 492 1211 Quid
531 1139 577 1194 si
618 1139 755 1193 bona
798 1132 1029 1205 proximi
1058 1123 1470 1196 concupiscam?
1498 1120 1609 1176 Hoc
1648 1117 1793 1211 enim

180 1210 501 1291 Achaabum
545 1230 807 1302 perdidit,
848 1225 1060 1282 etiamsi
1102 1221 1331 1293 pretium
1371 1214 1626 1277 solverit,
1670 1210 1795 1302 quia

179 1327 396 1381 scilicet
420 1340 450 1378 a
482 1300 699 1379 nolente
719 1318 952 1388 abripuit
975 1315 1066 1385 (ὅ.
1097 1314 1226 1382 Iieg.
1247 1309 1366 1379 2|).
1398 1307 1626 1374 Emptor
1648 1300 1793 1357 enim

191 1425 3145 1476 ____________________________—__.__________

1045 366 1112 423 IN
1152 360 1567 423 ΜΑΤΤΙΙᾸΞῸΜ
1610 357 1838 414 ιιωιιι..
1883 358 2195 419 LXXXVII.
2234 363 2304 419 al.
2352 363 2666 423 LXXXVIII

3410 363 3522 422 .770

1905 488 2011 527 non
2042 489 2274 544 cogere,
2325 477 2421 532 sed
2471 478 2801 548 persuadere
2844 475 3027 534 debet.
3074 476 3131 533 Si
3173 492 3302 533 vero
3345 478 3390 535 is
3428 481 3522 551 qni

1895 564 2101 631 justum
2135 574 2363 635 pretium
2393 570 2717 636 numeravit,
2750 569 2820 623 ita
2849 568 3137 623 damnatus
3160 579 3241 624 est
3261 609 3277 636 ,
3303 573 3430 639 quia
3451 588 3519 628 ex

1907 655 2125 712 uolente
2154 659 2363 728 accepit
2392 676 2406 713 :
2436 659 2527 730 qui
2555 677 2663 714 non
2694 660 2858 716 modo
2881 659 2984 715 hoc
3009 662 3137 727 agit,
3170 661 3265 717 sed
3295 670 3397 717 cta
3425 678 3524 717 no-

1905 745 2050 802 lente
2075 748 2305 818 abripit,
2338 761 2392 805 et
2422 751 2600 807 hocin
2622 751 2742 824 lege
2765 754 2974 824 gratim,
2997 769 3106 824 quo
3132 769 3239 808 non
3264 757 3371 811 erit
3391 771 3525 825 sup-

1904 839 2065 907 plicio
2093 838 2326 909 dignus?
2355 841 2432 897 Ne
2461 844 2644 914 itaque
2674 845 2983 915 puniamur,
3014 861 3045 899 a
3078 846 3130 899 vi
3170 848 3314 902 omni
3341 858 3395 903 et
3429 864 3521 903 ra-

1908 929 2030 997 pina
2061 944 2161 995 nos
2188 946 2351 1000 puros
2388 944 2695 1002 servantes,
2727 946 2780 991 et
2810 951 2919 991 non
2953 946 3168 1007 peccata
3199 938 3393 1003 modo,
3423 940 3519 995 sed

1906 1020 2069 1076 etiam
2104 1024 2361 1095 principia
2397 1038 2742 1094 peccaton
2772 1037 3058 1094 caventes,
3091 1028 3376 1098 diligenter
3407 1032 3517 1085 vir-

1908 1120 2076 1168 tutem
2106 1114 2499 1182 amplectamur
2523 1135 2535 1170 :
2561 1119 2640 1173 sic
2666 1119 2811 1173 enim
2840 1120 3061 1174 teternis
3082 1120 3319 1175 fruemur
3341 1121 3518 1186 bonis,

1905 1204 2079 1273 gratia
2121 1214 2175 1258 et
2218 1204 2545 1277 benignitate
2575 1208 2787 1263 Domini
2818 1209 2985 1264 nostri
3014 1209 3143 1266 Jesu
3167 1209 3400 1277 Christi,
3433 1211 3521 1267 cui

1910 1294 2079 1364 gloria
2108 1295 2160 1349 in
2192 1300 2388 1354 saecula
2414 1301 2759 1356 saeculorum.
2790 1305 2987 1358 Amen.

3150 1429 3506 1444 ..υ-..ἢ-

1216 1512 1567 1580 HOMILIA
1611 1504 2002 1581 LXXXVII,
2050 1508 2137 1569 al.
2185 1509 2608 1573 LXXXVIII.

182 1637 317 1694 Cn.
368 1637 461 1692 27.
515 1654 565 1692 v.
623 1636 714 1691 27.
762 1633 910 1690 Tunc
960 1630 1141 1685 milites
1202 1624 1438 1697 prcsidis
1490 1619 1797 1689 accipientes

261 1728 440 1784 Iesum
460 1732 514 1782 in
539 1728 796 1795 praetorio,
828 1728 1257 1794 congregaverant
1274 1716 1343 1769 ad
1368 1731 1482 1769 eunt
1510 1714 1796 1766 universam

262 1825 555 1883 cohortem;
594 1820 685 1875 28.
735 1828 787 1872 et
828 1825 1063 1871 mentes
1088 1829 1226 1877 eum,
1252 1808 1571 1879 chlamydem
1624 1806 1792 1858 cocci-

261 1928 414 1965 neant
438 1910 873 1964 circumdederunt
900 1908 975 1971 ei,
1004 1905 1097 1960 29.
1155 1912 1200 1956 et
1244 1902 1513 1971 plectentes
1552 1911 1794 1951 coronam

262 2002 329 2056 de
372 2002 551 2069 spinis,
599 2006 874 2069 posuerunt
900 2012 1052 2065 super
1082 2004 1235 2061 caput
1255 1993 1383 2061 ejus,
1413 2000 1460 2044 et
1490 1989 1792 2042 arundinem

261 2094 319 2147 in
346 2095 552 2146 dextera
578 2092 705 2160 ejus.
739 2088 804 2143 Et
830 2103 996 2160 genua
1021 2087 1275 2156 ﬂectentes
1295 2098 1466 2138 coram
1487 2098 1545 2135 eo
1561 2122 1575 2145 ,
1602 2079 1789 2133 illude-

264 2187 382 2239 bant
402 2185 448 2237 ei
472 2184 712 2249 dicentes,
745 2180 869 2247 Ave,
890 2195 983 2234 rea:
1006 2175 1327 2231 Indicarem.

265 2323 318 2377 i.
348 2321 479 2389 Quot
501 2328 547 2374 et
565 2327 757 2387 quanta
782 2317 834 2370 in
874 2314 1110 2385 passione
1135 2329 1228 2367 sua
1251 2308 1511 2383 pertulerit
1536 2307 1789 2363 Christus.

184 2413 262 2468 In
290 2413 494 2480 publica
521 2420 567 2464 et
593 2411 789 2481 privata
813 2407 1063 2478 passionis
1087 2406 1299 2459 lectione
1316 2417 1550 2473 quaenam
1574 2400 1788 2454 utilitas.

179 2505 636 2561 ’Cousutntnatum
690 2512 770 2555 est
795 2541 810 2567 ,
856 2498 979 2571 quid
1028 2496 1298 2568 signiﬁcet.
1327 2524 1399 2534 —
1425 2492 1589 2562 Quasi
1632 2500 1791 2562 pacto

191 2613 325 2653 cum
354 2597 604 2650 onmibus
633 2595 648 2626 ί
674 2594 808 2647 inito
854 2590 1100 2645 diabolus
1144 2598 1271 2642 tunc
1321 2585 1549 2641 choreas
1576 2583 1787 2653 agebat.

190 2691 326 2746 Esto
348 2690 492 2744 enim
515 2686 731 2742 Judatos
760 2684 958 2738 invidia
1004 2691 1059 2736 et
1084 2679 1254 2736 livore
1297 2679 1631 2732 tabescentes
1663 2682 1791 2728 tunc

187 2784 454 2839 adversus
502 2795 625 2835 eum
682 2776 1043 2833 debacchatos
1093 2773 1430 2827 fuissezcur
1477 2776 1534 2824 et
1568 2782 1672 2838 qua
1722 2765 1791 2822 de

186 2891 355 2933 causa
380 2875 542 2929 etiam
570 2870 806 2927 milites?
834 2870 1026 2924 Annon
1049 2865 1191 2929 ideo,
1222 2873 1279 2917 ut
1308 2871 1474 2934 patet,
1496 2862 1639 2933 quod
1676 2859 1793 2915 dia—

188 2968 349 3024 bolus
376 2975 502 3020 tunc.
528 2963 667 3031 apud
703 2974 892 3016 omnes
919 2954 1392 3015 debaccharetur?
1420 2953 1552 3009 Nam
1598 2961 1790 3006 contu-

190 3058 369 3113 melia:
400 3056 499 3126 ipsi
556 3056 719 3109 illane
773 3050 1030 3122 voluptati
1088 3050 1191 3104 sibi
1240 3058 1413 3111 erant,
1465 3045 1794 3101 crudeleset

192 3149 472 3208 inhumani
499 3163 620 3203 cum
649 3154 831 3203 essent
870 3162 885 3198 :
938 3159 1064 3199 cum
1108 3144 1252 3197 enim
1296 3144 1623 3211 oportuisset
1674 3140 1794 3194 illos
1848 3164 1851 3168 Α

191 3244 492 3315 reprimere
540 3256 620 3307 se,
677 3250 731 3295 et
785 3238 1091 3311 lacrymari,
1147 3236 1291 3307 quod
1339 3235 1502 3290 etiam
1532 3233 1601 3289 de
1641 3232 1794 3302 plebe

190 3337 416 3399 dixeris,
462 3333 565 3388 hoc
602 3347 708 3387 non
761 3330 1035 3394 fecerunt;
1078 3328 1187 3383 imo
1220 3327 1557 3381 contumeliis
1582 3324 1791 3379 afﬁcie-

142 3480 155 3491 ί
192 3430 343 3493 bant,
374 3426 716 3489 insultabant,
746 3436 802 3478 ut
824 3422 1054 3477 fortasse
1082 3421 1217 3491 grati
1245 3419 1445 3475 Judzeis
1472 3425 1672 3476 essent.
1708 3415 1792 3470 vel

192 3524 356 3579 etiam
386 3519 564 3589 pravis
591 3518 705 3573 suis
734 3525 945 3575 utentes
974 3514 1213 3570 moribus
1246 3529 1259 3564 :
1289 3508 1630 3565 cmitumeliae
1667 3521 1795 3562 vero

193 3615 392 3671 diversi
422 3612 636 3683 generis
665 3619 837 3664 erant.
868 3608 998 3661 Nam
1026 3606 1265 3661 divinum
1298 3602 1426 3656 illud
1455 3608 1614 3671 caput
1636 3598 1795 3653 modo

194 3706 440 3775 colaphis
459 3702 760 3762 cadebant.
780 3699 941 3755 modo
957 3699 1141 3767 spinea
1162 3710 1360 3750 corona
1378 3691 1794 3755 dedecorabant,

194 3796 360 3853 modo
408 3793 627 3851 calamo
674 3791 1075 3861 percutiebant,
1136 3788 1235 3842 viri
1284 3786 1495 3841 scelesti
1556 3794 1609 3837 et
1637 3797 1794 3837 exsc-

199 3886 412 3944 crandi.
446 3884 576 3955 Quae
606 3882 761 3937 nobis
784 3893 964 3951 postea
982 3880 1085 3935 erit
1104 3876 1397 3940 excusatio,
1428 3890 1547 3929 cum
1575 3888 1638 3927 ex
1662 3888 1794 3927 con-

198 3979 433 4036 tumeliis
463 3977 527 4031 ad
556 3976 689 4030 iram
719 3970 1070 4033 concitantur,
1112 3980 1394 4038 postquam
1422 3967 1523 4019 hoc
1548 3963 1798 4019 Christus

199 4086 391 4144 passus
420 4069 541 4124 est?
564 4066 849 4123 Extremus
876 4073 1023 4120 certe
1048 4062 1495 4117 contumeliarum
1535 4058 1799 4111 terminus

198 4172 339 4228 erat,
370 4160 422 4216 id
446 4159 589 4231 quod
622 4170 745 4212 tunc
787 4156 967 4211 ﬁebat.
1012 4153 1195 4223 Neque
1220 4153 1363 4208 enim
1402 4165 1527 4221 pars
1570 4159 1797 4215 tantum,

200 4256 299 4310 sed
332 4263 499 4307 totum
521 4264 717 4320 corpus
734 4247 1071 4305 contumeliis
1109 4244 1442 4299 afﬁciebatur
1465 4258 1483 4307 ;
1504 4250 1663 4310 caput
1707 4255 1802 4310 per

200 4360 462 4402 coronam
490 4353 544 4398 et
568 4343 855 4404 calamum,
891 4338 1057 4392 facies
1083 4336 1324 4404 colaphis
1348 4343 1404 4389 et
1428 4333 1619 4402 sputis,
1649 4347 1801 4402 gente

201 4439 395 4507 alapis,
418 4439 612 4505 corpus
640 4443 806 4488 totum
837 4430 1077 4499 ﬂagellis,
1104 4427 1346 4482 nuditate
1371 4427 1418 4490 ’,
1437 4423 1635 4478 amictu
1661 4422 1804 4476 ebla-

202 4528 400 4601 tnydis,
434 4536 488 4581 et
516 4525 759 4579 simulata
796 4522 1141 4584 adoratione,’
1194 4532 1383 4573 manus
1432 4516 1660 4578 calamo,
1712 4513 1801 4582 qui

203 4636 309 4692 pro
331 4629 545 4687 sceptro
568 4618 721 4670 datus
747 4622 832 4670 est
850 4630 865 4678 ;
883 4630 944 4667 os
972 4628 1182 4667 rursum
1209 4627 1302 4681 per
1317 4609 1551 4664 oblatum
1567 4615 1799 4661 acetum.

203 4712 346 4780 Quid
370 4709 451 4763 his
479 4705 728 4778 gravius?
758 4704 883 4774 quid
926 4701 1405 4758 contumeliosius?
1435 4699 1558 4753 Hace
1586 4713 1802 4752 onmem

204 4801 477 4858 excedunt
500 4797 820 4852 orationem.
854 4796 930 4850 Ac
960 4794 1004 4848 si
1027 4793 1170 4848 enim
1194 4792 1464 4855 timerent,
1497 4803 1564 4844 ne
1593 4787 1719 4858 qttid
1753 4788 1805 4842 in

206 4906 361 4949 tanto
392 4892 627 4945 facinore
676 4888 922 4951 deesset,
975 4883 1267 4955 prephetas
1305 4882 1520 4952 quidem
1560 4878 1807 4934 manibus

206 4987 323 5041 suis
371 4981 788 5041 interlicicbant,
834 4977 976 5032 hunc
1028 4991 1094 5030 ex
1140 4974 1336 5044 iudicis
1382 4973 1667 5028 sententia.
1718 4971 1809 5026 Sic

207 5080 393 5141 omnia
422 5072 778 5135 faciunt,suis
820 5069 1074 5123 occidunt
1124 5066 1391 5129 manibus,
1445 5065 1701 5119 damnant
1754 5072 1809 5119 et

208 5166 533 5225 sententiam
592 5164 792 5227 ferunt,
845 5162 1005 5216 etiam
1057 5159 1197 5228 apud
1252 5158 1480 5212 Pilatum
1531 5156 1805 5223 dicentes,

211 5259 440 5328 Sanguis
465 5258 574 5327 ejus
613 5270 765 5321 super
792 5268 883 5305 nos
923 5260 967 5305 et
1014 5266 1166 5312 super
1195 5249 1328 5317 ﬁlios
1372 5258 1592 5301 nostros.
1635 5247 1809 5301 InsuI-

212 5361 351 5415 tant,
389 5347 743 5403 contumelias
771 5343 1026 5407 inierunt,
1046 5341 1312 5406 vinciunt,
1343 5339 1634 5399 abducunt,
1666 5338 1810 5393 mili-

213 5444 359 5499 tibus
383 5438 827 5495 contumeliarum
867 5445 1115 5489 auctores
1166 5442 1310 5496 suut,
1364 5431 1509 5485 cruci
1563 5430 1810 5501 ofﬁgunt,

212 5533 610 5595 conviciantur,
648 5535 971 5597 conspuunt,
1018 5524 1285 5578 derident.
1326 5522 1464 5577 Nihil
1496 5522 1583 5577 hic
1615 5523 1813 5576 Pilatus

218 5627 417 5685 intulit,
446 5624 539 5678 sed
568 5622 744 5674 omnia
798 5620 872 5673 illi
907 5618 1168 5681 fecerunt,
1194 5625 1557 5682 accusatores,
1579 5614 1811 5685 judices,

282 5740 301 5773 ι
338 5736 501 5785 Morel.
530 5749 624 5783 non
650 5735 817 5789 habet,
846 5746 953 5781 cunt
976 5730 1205 5780 omnitms.

281 5804 300 5831 ²
336 5798 463 5852 Vox.
497 5798 730 5853 nuditate,
752 5795 894 5843 deest
922 5798 966 5841 in
1000 5791 1155 5840 κκπυι.
1188 5793 1331 5851 infra,
1358 5793 1483 5850 haec.
1507 5793 1623 5855 quid
1649 5801 1815 5845 contu-

216 5860 484 5915 meliosius,
506 5864 557 5908 in
583 5870 755 5908 eam":
779 5858 1142 5905 deStderantur.

1906 1612 2204 1677 carniﬁces,
2238 1615 2439 1668 nullam
2469 1631 2575 1669 non
2618 1625 2845 1686 agentes
2866 1630 3178 1686 personam.
3219 1615 3347 1672 limo
3375 1618 3517 1687 apud

1906 1716 2006 1757 nos
2054 1702 2325 1775 leguntur,
2357 1721 2481 1761 cum
2515 1720 2706 1761 omnes
2729 1722 2831 1759 una
2866 1708 3217 1765 conveniunt.
3269 1706 3402 1762 Nam
3448 1724 3518 1764 ne

1902 1794 2133 1862 gentiles
2156 1795 2359 1863 dicant,
2390 1796 2549 1852 Clara
2577 1805 2633 1851 et
2660 1796 2940 1866 splendida
2970 1798 3182 1866 populis
3225 1797 3515 1863 exbibetis,

1903 1895 1961 1939 ut
1986 1886 2134 1956 signa
2163 1895 2219 1941 et
2247 1888 2526 1955 miracula,
2574 1887 2693 1943 haec
2723 1868 2853 1943 vero
2883 1889 3143 1959 probrosa
3184 1890 3471 1945 occultatis
3499 1907 3513 1942 :

1902 1978 1955 2033 id
2004 1978 2335 2049 dispensavit
2397 1982 2570 2052 gratia
2635 1980 2900 2051 Spiritus,
2956 1991 3012 2036 ut
3064 1982 3115 2036 in
3170 1984 3517 2040 solemnitate

1901 2071 2155 2137 maxima,
2188 2086 2310 2125 cum
2339 2072 2437 2125 viri
2476 2072 2838 2142 mulieresque
2894 2087 3089 2143 magno
3143 2089 3371 2128 numero
3415 2075 3516 2130 ad-

1899 2174 2045 2225 sunt,
2069 2179 2365 2233 omncsque
2393 2165 2619 2219 omnino
2654 2164 2707 2219 in
2739 2179 2930 2234 magna
2960 2164 3238 2220 Paschalis
3263 2181 3514 2237 vespera,

1901 2263 2028 2309 tunc
2055 2254 2171 2310 hmc
2194 2255 2374 2309 omnia
2416 2254 2665 2326 legantur
2690 2272 2705 2310 :
2736 2254 2986 2309 erunibus
3016 2255 3216 2326 ubique
3245 2264 3515 2311 terrarum

1900 2347 2281 2415 prtesentibus,
2309 2346 2425 2402 haec
2469 2361 2663 2418 magna
2698 2362 2834 2403 voce
2865 2347 3231 2418 prtedicentur
3261 2366 3274 2400 :
3318 2348 3516 2418 quibus

1900 2435 2053 2491 lectis
2082 2446 2137 2491 et
2162 2438 2412 2508 cognitis,
2443 2437 2689 2494 Christus
2713 2438 2955 2494 creditur
2982 2454 3108 2495 esse
3129 2439 3292 2507 Deus,
3317 2450 3373 2497 et
3402 2451 3516 2495 tum

1899 2538 2121 2598 propter
2147 2528 2273 2591 alia,
2304 2537 2419 2584 tum
2452 2538 2672 2599 propter
2699 2530 2814 2585 haec
2841 2531 3005 2585 etiam
3045 2531 3327 2601 aduratur,
3369 2534 3517 2604 quod

1899 2632 1999 2688 pro
2026 2619 2181 2674 nobis
2220 2635 2286 2674 eo
2314 2635 2485 2690 usque
2512 2620 2848 2677 descendere
2877 2620 3126 2691 dignatus
3171 2622 3263 2689 sit,
3318 2623 3518 2694 illaque

1900 2710 2034 2780 pati,
2065 2720 2123 2765 ut
2152 2726 2252 2765 nos
2279 2712 2332 2765 in
2376 2712 2523 2767 omni
2555 2713 2767 2766 virtutis
2796 2728 2997 2783 genere
3040 2713 3363 2769 institueret.
3390 2714 3519 2769 Ilaec

1899 2800 2078 2871 itaque
2094 2818 2308 2872 semper
2338 2804 2581 2874 legamus
2612 2821 2627 2858 :
2661 2820 2784 2859 nam
2814 2805 3038 2860 multum
3092 2807 3218 2862 hinc
3264 2809 3471 2863 lucrum
3495 2850 3515 2873 ,

1901 2895 2131 2949 maxima
2161 2896 2383 2949 utilitas.
2416 2895 2552 2950 Cum
2580 2898 2725 2951 enim
2750 2897 2946 2952 videris
2972 2898 3123 2952 illum
3161 2906 3219 2954 et
3250 2900 3414 2954 rebus
3460 2909 3519 2955 ct

1897 2991 2077 3046 verbis
2105 2991 2406 3057 adoratum,
2436 2992 2648 3048 irrisum
2687 3003 2743 3050 et
2776 2995 3015 3063 illusum,
3065 3006 3262 3052 tortum
3305 3006 3361 3053 et
3407 3014 3511 3053 ex-

1901 3090 2066 3136 trema
2098 3084 2406 3151 patientem,
2438 3084 2649 3139 etiamsi
2696 3085 2832 3154 lapis
2884 3088 3071 3155 fueris,
3120 3104 3244 3144 cera
3298 3090 3513 3146 mollior

1900 3173 2112 3237 evades,
2146 3188 2474 3242 omnemque
2503 3176 2667 3229 animi
2699 3187 2965 3231 tumorem
2998 3178 3206 3247 ejicics.
3239 3180 3376 3235 Audi
3409 3181 3512 3250 igi-

1902 3274 1989 3318 tur
2030 3279 2091 3319 ea
2140 3282 2260 3334 qme
2304 3276 2622 3335 sequuntur.
2660 3266 2948 3337 Postquam
2980 3270 3264 3325 illuserunt
3314 3271 3385 3334 ei,
3418 3272 3509 3327 3|.

1904 3352 2172 3407 Duxerunt
2194 3371 2307 3408 eum
2337 3355 2391 3409 in
2441 3370 2664 3419 crucem,
2698 3366 2753 3411 et
2777 3356 3033 3413 denudati
3079 3370 3257 3415 vestes
3284 3376 3511 3433 accepe-

1902 3456 2048 3512 runt,
2079 3448 2437 3518 sedentesque
2466 3448 2825 3503 observabant
2852 3450 3070 3519 quando
3090 3454 3413 3522 exspiraret.
3450 3454 3518 3509 Et

1901 3537 2201 3594 diviserunt
2224 3541 2541 3594 vestimenta
2567 3539 2705 3609 ejus,
2727 3541 2870 3611 quod
2892 3542 3039 3597 circa
3064 3542 3352 3600 danmatos
3375 3546 3518 3603 viles

1903 3640 1959 3686 et
1984 3630 2222 3699 abiectos
2253 3638 2307 3685 et
2338 3630 2407 3685 ab
2435 3632 2686 3687 omnibus
2736 3619 2985 3690 desertos
3016 3635 3131 3690 fieri
3167 3638 3329 3692 solet.
3376 3639 3513 3694 Par-

1905 3722 2111 3777 tiuutur
2138 3724 2474 3785 vestimenta,
2492 3724 2689 3794 quibus
2716 3732 2792 3780 tot
2822 3725 2964 3781 edita
2988 3726 3204 3784 fuerant
3230 3731 3511 3787 miracula.

1904 3812 2011 3868 Sed
2044 3812 2177 3866 nihil
2210 3823 2335 3867 tunc
2364 3814 2753 3883 operabantur,
2787 3817 3007 3873 Christo
3030 3820 3138 3873 vim
3192 3822 3403 3878 illorum
3430 3825 3516 3877 iu-

1905 3904 2169 3960 clfabilem
2228 3905 2535 3960 cohibente.
2582 3905 2695 3961 Hoc
2726 3923 2857 3961 vero
2881 3925 2990 3963 non
3021 3911 3291 3967 modicum
3324 3913 3521 3970 furoris

1906 3996 2326 4052 additamentum
2372 4008 2507 4052 erat.
2538 3999 2670 4054 Nam
2701 4002 2853 4069 quasi
2884 4017 3009 4072 erga
3044 4003 3323 4071 infamem,
3362 4007 3514 4076 abic-

1905 4103 2049 4146 ctutn
2075 4103 2128 4147 et
2152 4096 2391 4146 omnium
2421 4094 2760 4160 vilissimum,
2792 4106 2850 4148 ut
2888 4095 3020 4160 dixi,
3053 4097 3132 4151 sic
3170 4099 3348 4152 omnia
3385 4116 3516 4170 age-

1908 4184 2036 4238 bant
2065 4203 2078 4239 :
2112 4185 2409 4238 latronibus
2438 4185 2565 4238 nihil
2594 4186 2699 4240 tale
2724 4184 3003 4251 fecissent,
3036 4188 3133 4242 sed
3155 4189 3208 4246 in
3234 4189 3511 4244 Cbrisuum

1911 4274 2026 4329 haec
2068 4276 2247 4329 omnia
2295 4275 2567 4330 audebant
2593 4295 2606 4329 :
2632 4277 2983 4348 mediumque
3025 4279 3176 4333 illum
3227 4282 3513 4337 crucilixe-

1909 4376 2055 4434 runt,
2090 4378 2145 4421 ttt
2175 4367 2390 4421 illorum
2420 4368 2653 4423 infantiae
2678 4384 2902 4424 consors
2925 4382 3089 4425 esset.
3132 4372 3223 4427 54.
3256 4371 3325 4425 Et
3352 4373 3510 4428 dede-

1910 4472 2030 4514 runt
2082 4462 2128 4514 ei
2158 4473 2354 4514 acetum
2376 4461 2573 4525 bibere,
2610 4462 2711 4517 hoc
2748 4463 2875 4517 item
2922 4466 3315 4521 contumeliose
3345 4484 3359 4520 :
3390 4466 3507 4535 ipse

1911 4566 2089 4609 autem
2119 4554 2335 4608 nolebat
2383 4554 2589 4609 bibere.
2614 4556 2764 4609 Atius
2796 4558 2873 4609 sic
2902 4566 3083 4611 narrat
3114 4573 3129 4612 :
3164 4556 3291 4612 Cum
3318 4570 3522 4629 gustas-

1912 4654 2005 4709 set,
2030 4644 2178 4708 dixit,
2203 4642 2621 4699 Consunnnatutn
2651 4657 2723 4699 est
2752 4645 2945 4717 (Joan.
2978 4649 3065 4702 l9.
3109 4648 3182 4704 50
3199 4648 3239 4718 ).
3270 4648 3407 4714 Quid
3441 4660 3523 4704 est

1913 4747 2113 4802 autem,
2141 4735 2558 4791 Consummatuut
2596 4749 2667 4791 est
2693 4739 2751 4790 ‘2’
2804 4739 3097 4811 Prophetia
3140 4740 3256 4797 huic
3302 4742 3522 4812 impleta

1914 4839 1998 4885 est
2030 4847 2043 4883 :
2076 4828 2335 4883 Dederunt
2360 4830 2412 4882 in
2441 4846 2607 4883 escam
2635 4848 2799 4885 meum
2826 4835 2914 4903 fel,
2938 4842 2985 4887 et
3028 4834 3081 4885 in
3105 4835 3191 4888 siti
3233 4852 3344 4889 mea
3375 4848 3525 4906 pota-

1915 4931 2091 4974 verunt
2118 4937 2196 4973 me
2220 4930 2359 4975 aceto
2399 4920 2582 4991 (Psal.
2603 4924 2703 4995 338.
2746 4920 2877 4994 22
2909 4922 3091 4995 Neque
3122 4934 3301 4981 tamen
3332 4926 3421 4982 ille
3448 4929 3527 4997 ip-

1917 5030 2035 5069 sum
2092 5014 2290 5069 bibisse
2320 5015 2553 5069 ostendit
2584 5033 2597 5066 :
2634 5014 2763 5069 nihil
2818 5018 2960 5071 enim
3013 5018 3265 5073 dilI‘erunt
3310 5032 3530 5090 gustare

1918 5108 2091 5162 solum
2122 5116 2177 5161 et
2203 5122 2308 5161 non
2342 5106 2547 5170 bibere,
2581 5107 2677 5161 sed
2728 5116 3016 5178 utrumque
3047 5110 3279 5178 idipsum
3326 5114 3529 5182 signiti-

1917 5212 2023 5256 cat.
2054 5200 2235 5271 Neque
2264 5210 2441 5254 tamen
2491 5200 2575 5254 hic
2630 5200 2842 5254 furendi
2879 5202 3037 5255 ﬁnem
3092 5200 3369 5268 fecerunt;
3404 5222 3528 5259 nam

1924 5303 2202 5362 postquam
2230 5296 2586 5355 nudaverant,
2620 5294 3022 5357 crucilixerant,
3064 5304 3274 5348 acetum
3318 5295 3525 5349 obtule-

1922 5396 2062 5451 rant,
2098 5386 2232 5439 ultra
2266 5386 2717 5455 progrediuntur;
2752 5393 2804 5437 et
2837 5386 2982 5439 cruci
3013 5385 3235 5440 afﬁsum
3264 5386 3529 5449 videntes,

1923 5480 2250 5547 exprobrant
2282 5488 2333 5531 et
2365 5477 2460 5543 illi,
2491 5487 2544 5532 et
2587 5477 2620 5530 ii
2647 5477 2735 5545 qui
2770 5478 3383 5547 prmtergrediebantur:
3412 5496 3531 5549 qua:

1925 5570 2164 5623 onmium
2194 5568 2508 5639 gravissima
2546 5578 2703 5623 erant
2752 5569 2915 5633 mala,
2969 5570 3184 5639 quando
3236 5570 3534 5626 seductoris

1991 5728 2009 5760 ι
2044 5735 2173 5786 Haec,
2201 5726 2325 5785 Quid
2348 5731 2418 5776 est
2441 5734 2620 5786 autem,
2654 5744 2678 5771 ι
2699 5732 3087 5776 consummatum
3110 5732 3224 5777 ests
3252 5726 3303 5775 in
3327 5727 3535 5776 Savil.et

1926 5789 2297 5902 ἓξὲξ
2320 5796 2437 5840 sunt
2459 5804 2552 5854 per
2590 5787 3049 5851 bommoteieuton;
3094 5787 3183 5839 sed
3218 5788 3461 5839 habentur
3490 5802 3537 5839 ut
