  <div class='ocr_page' id='page_1' title='image "/cluster/home/n/w/nwhite01/storage/ocr_20150623/58/ien.35556001660851/315.png"; bbox 0 0 4050 6426; ppageno 0'>
   <div class='ocr_carea' id='block_1_1' title="bbox 572 364 667 420">
    <p class='ocr_par' dir='ltr' id='par_1_1' title="bbox 572 364 667 420">
     <span class='ocr_line' id='line_1_1' title="bbox 572 364 667 420; baseline 0.042 -5"><span class='ocrx_word' id='word_1_1' title='bbox 572 364 667 420; x_wconf 72' lang='lat'><strong>77!</strong></span> 
     </span>
    </p>
   </div>
   <div class='ocr_carea' id='block_1_2' title="bbox 578 478 2158 547">
    <p class='ocr_par' dir='ltr' id='par_1_2' title="bbox 578 478 2158 547">
     <span class='ocr_line' id='line_1_2' title="bbox 578 478 2158 547; baseline 0.001 -14"><span class='ocrx_word' id='word_1_2' title='bbox 578 478 791 534; x_wconf 77' lang='lat' dir='ltr'><strong>nomine</strong></span> <span class='ocrx_word' id='word_1_3' title='bbox 838 480 936 533; x_wconf 86' lang='lat' dir='ltr'><strong>hoc</strong></span> <span class='ocrx_word' id='word_1_4' title='bbox 981 478 1293 545; x_wconf 85' lang='lat' dir='ltr'><strong>patiebatur,</strong></span> <span class='ocrx_word' id='word_1_5' title='bbox 1323 489 1380 531; x_wconf 91' lang='lat' dir='ltr'><strong>ut</strong></span> <span class='ocrx_word' id='word_1_6' title='bbox 1409 493 1663 547; x_wconf 83' lang='lat' dir='ltr'><strong>arrogans</strong></span> <span class='ocrx_word' id='word_1_7' title='bbox 1700 489 1753 531; x_wconf 91' lang='lat' dir='ltr'><strong>ct</strong></span> <span class='ocrx_word' id='word_1_8' title='bbox 1779 478 2158 545; x_wconf 75' lang='lat' dir='ltr'><strong>iactabundus.</strong></span> 
     </span>
    </p>
   </div>
   <div class='ocr_carea' id='block_1_3' title="bbox 578 568 2157 637">
    <p class='ocr_par' dir='ltr' id='par_1_3' title="bbox 578 568 2157 637">
     <span class='ocr_line' id='line_1_3' title="bbox 578 568 2157 637; baseline 0 -14"><span class='ocrx_word' id='word_1_9' title='bbox 578 569 702 623; x_wconf 78' lang='lat' dir='ltr'><strong>ideo</strong></span> <span class='ocrx_word' id='word_1_10' title='bbox 743 569 887 622; x_wconf 83' lang='lat' dir='ltr'><strong>illum</strong></span> <span class='ocrx_word' id='word_1_11' title='bbox 942 576 997 621; x_wconf 92' lang='lat' dir='ltr'><strong>et</strong></span> <span class='ocrx_word' id='word_1_12' title='bbox 1036 568 1246 637; x_wconf 78' lang='lat' dir='ltr'><strong>publice</strong></span> <span class='ocrx_word' id='word_1_13' title='bbox 1298 569 1695 631; x_wconf 73' lang='lat' dir='ltr'><strong>crucilixcruut,</strong></span> <span class='ocrx_word' id='word_1_14' title='bbox 1747 580 1803 623; x_wconf 79' lang='grc' dir='ltr'><strong>ιιι</strong></span> <span class='ocrx_word' id='word_1_15' title='bbox 1860 571 2157 625; x_wconf 84' lang='lat' dir='ltr'><strong>videntibus</strong></span> 
     </span>
    </p>
   </div>
   <div class='ocr_carea' id='block_1_4' title="bbox 579 658 2154 728">
    <p class='ocr_par' dir='ltr' id='par_1_4' title="bbox 579 658 2154 728">
     <span class='ocr_line' id='line_1_4' title="bbox 579 658 2154 728; baseline 0.003 -19"><span class='ocrx_word' id='word_1_16' title='bbox 579 660 827 713; x_wconf 87' lang='lat' dir='ltr'><strong>omnibus</strong></span> <span class='ocrx_word' id='word_1_17' title='bbox 870 659 1230 728; x_wconf 87' lang='lat' dir='ltr'><strong>vituperarent</strong></span> <span class='ocrx_word' id='word_1_18' title='bbox 1255 675 1268 711; x_wconf 92' lang='lat'>:</span> <span class='ocrx_word' id='word_1_19' title='bbox 1303 658 1424 714; x_wconf 87' lang='lat' dir='ltr'><strong>ideo</strong></span> <span class='ocrx_word' id='word_1_20' title='bbox 1453 660 1611 713; x_wconf 87' lang='lat' dir='ltr'><strong>etiam</strong></span> <span class='ocrx_word' id='word_1_21' title='bbox 1640 660 1865 713; x_wconf 90' lang='lat' dir='ltr'><strong>militum</strong></span> <span class='ocrx_word' id='word_1_22' title='bbox 1893 660 2154 724; x_wconf 87' lang='lat' dir='ltr'><strong>manibus,</strong></span> 
     </span>
    </p>
   </div>
   <div class='ocr_carea' id='block_1_5' title="bbox 581 747 2157 819">
    <p class='ocr_par' dir='ltr' id='par_1_5' title="bbox 581 747 2157 819">
     <span class='ocr_line' id='line_1_5' title="bbox 581 747 2157 819; baseline 0.002 -18"><span class='ocrx_word' id='word_1_23' title='bbox 581 757 635 802; x_wconf 87' lang='lat' dir='ltr'><strong>at</strong></span> <span class='ocrx_word' id='word_1_24' title='bbox 658 756 777 802; x_wconf 89' lang='lat' dir='ltr'><strong>cum</strong></span> <span class='ocrx_word' id='word_1_25' title='bbox 814 747 933 804; x_wconf 75' lang='lat' dir='ltr'><strong>lucc</strong></span> <span class='ocrx_word' id='word_1_26' title='bbox 962 764 1056 818; x_wconf 87' lang='lat' dir='ltr'><strong>per</strong></span> <span class='ocrx_word' id='word_1_27' title='bbox 1086 749 1353 819; x_wconf 89' lang='lat' dir='ltr'><strong>publicum</strong></span> <span class='ocrx_word' id='word_1_28' title='bbox 1386 748 1645 818; x_wconf 82' lang='lat' dir='ltr'><strong>judicium</strong></span> <span class='ocrx_word' id='word_1_29' title='bbox 1686 750 1895 814; x_wconf 79' lang='lat' dir='ltr'><strong>tierent,</strong></span> <span class='ocrx_word' id='word_1_30' title='bbox 1926 748 2157 804; x_wconf 79' lang='lat' dir='ltr'><strong>furorem</strong></span> 
     </span>
    </p>
   </div>
   <div class='ocr_carea' id='block_1_6' title="bbox 580 840 1205 908">
    <p class='ocr_par' dir='ltr' id='par_1_6' title="bbox 580 840 1205 908">
     <span class='ocr_line' id='line_1_6' title="bbox 580 840 1205 908; baseline 0 -14"><span class='ocrx_word' id='word_1_31' title='bbox 580 841 833 908; x_wconf 76' lang='lat' dir='ltr'><strong>majorem</strong></span> <span class='ocrx_word' id='word_1_32' title='bbox 872 840 1205 897; x_wconf 78' lang='lat' dir='ltr'><strong>exhiberem.</strong></span> 
     </span>
    </p>
   </div>
   <div class='ocr_carea' id='block_1_7' title="bbox 646 940 2159 1017">
    <p class='ocr_par' dir='ltr' id='par_1_7' title="bbox 646 940 2159 1017">
     <span class='ocr_line' id='line_1_7' title="bbox 646 940 2159 1017; baseline -0.001 -22"><span class='ocrx_word' id='word_1_33' title='bbox 646 940 701 995; x_wconf 73' lang='grc' dir='ltr'><strong>Ξ.</strong></span> <span class='ocrx_word' id='word_1_34' title='bbox 744 942 816 996; x_wconf 80' lang='lat' dir='ltr'><strong>At</strong></span> <span class='ocrx_word' id='word_1_35' title='bbox 840 957 969 996; x_wconf 69' lang='lat' dir='ltr'><strong>vero</strong></span> <span class='ocrx_word' id='word_1_36' title='bbox 993 958 1149 1012; x_wconf 85' lang='lat' dir='ltr'><strong>quem</strong></span> <span class='ocrx_word' id='word_1_37' title='bbox 1178 956 1279 995; x_wconf 78' lang='lat' dir='ltr'><strong>non</strong></span> <span class='ocrx_word' id='word_1_38' title='bbox 1309 942 1547 997; x_wconf 80' lang='lat' dir='ltr'><strong>ﬂexisset</strong></span> <span class='ocrx_word' id='word_1_39' title='bbox 1577 940 1727 995; x_wconf 85' lang='lat' dir='ltr'><strong>turba</strong></span> <span class='ocrx_word' id='word_1_40' title='bbox 1755 956 1987 1017; x_wconf 78' lang='lat' dir='ltr'><strong>sequens</strong></span> <span class='ocrx_word' id='word_1_41' title='bbox 2004 950 2060 996; x_wconf 92' lang='lat' dir='ltr'><strong>et</strong></span> <span class='ocrx_word' id='word_1_42' title='bbox 2084 941 2159 995; x_wconf 86' lang='lat' dir='ltr'><strong>la-</strong></span> 
     </span>
    </p>
   </div>
   <div class='ocr_carea' id='block_1_8' title="bbox 542 1031 2163 1103">
    <p class='ocr_par' dir='ltr' id='par_1_8' title="bbox 542 1031 2163 1103">
     <span class='ocr_line' id='line_1_8' title="bbox 542 1031 2163 1103; baseline 0.002 -19"><span class='ocrx_word' id='word_1_43' title='bbox 542 1060 543 1063; x_wconf 58' lang='grc' dir='ltr'><strong>η</strong></span> <span class='ocrx_word' id='word_1_44' title='bbox 578 1032 869 1102; x_wconf 80' lang='lat' dir='ltr'><strong>crymans?</strong></span> <span class='ocrx_word' id='word_1_45' title='bbox 915 1032 1031 1087; x_wconf 86' lang='lat' dir='ltr'><strong>Non</strong></span> <span class='ocrx_word' id='word_1_46' title='bbox 1059 1044 1233 1087; x_wconf 89' lang='lat' dir='ltr'><strong>tamen</strong></span> <span class='ocrx_word' id='word_1_47' title='bbox 1273 1035 1435 1088; x_wconf 84' lang='lat' dir='ltr'><strong>hasce</strong></span> <span class='ocrx_word' id='word_1_48' title='bbox 1462 1033 1680 1087; x_wconf 83' lang='lat' dir='ltr'><strong>belluas.</strong></span> <span class='ocrx_word' id='word_1_49' title='bbox 1710 1031 2047 1103; x_wconf 73' lang='lat' dir='ltr'><strong>Quapropter</strong></span> <span class='ocrx_word' id='word_1_50' title='bbox 2071 1033 2163 1087; x_wconf 90' lang='lat' dir='ltr'><strong>ille</strong></span> 
     </span>
    </p>
   </div>
   <div class='ocr_carea' id='block_1_9' title="bbox 580 1119 2159 1191">
    <p class='ocr_par' dir='ltr' id='par_1_9' title="bbox 580 1119 2159 1191">
     <span class='ocr_line' id='line_1_9' title="bbox 580 1119 2159 1191; baseline 0.001 -18"><span class='ocrx_word' id='word_1_51' title='bbox 580 1119 679 1173; x_wconf 79' lang='lat' dir='ltr'><strong>hos</strong></span> <span class='ocrx_word' id='word_1_52' title='bbox 708 1122 1056 1190; x_wconf 81' lang='lat' dir='ltr'><strong>responsione</strong></span> <span class='ocrx_word' id='word_1_53' title='bbox 1084 1122 1351 1191; x_wconf 76' lang='lat' dir='ltr'><strong>dignatur,</strong></span> <span class='ocrx_word' id='word_1_54' title='bbox 1386 1122 1506 1175; x_wconf 91' lang='lat' dir='ltr'><strong>illos</strong></span> <span class='ocrx_word' id='word_1_55' title='bbox 1528 1137 1701 1176; x_wconf 85' lang='lat' dir='ltr'><strong>secus.</strong></span> <span class='ocrx_word' id='word_1_56' title='bbox 1728 1120 1859 1175; x_wconf 79' lang='lat' dir='ltr'><strong>Nam</strong></span> <span class='ocrx_word' id='word_1_57' title='bbox 1884 1131 2159 1191; x_wconf 78' lang='lat' dir='ltr'><strong>postquam</strong></span> 
     </span>
    </p>
   </div>
   <div class='ocr_carea' id='block_1_10' title="bbox 576 1211 2161 1281">
    <p class='ocr_par' dir='ltr' id='par_1_10' title="bbox 576 1211 2161 1281">
     <span class='ocr_line' id='line_1_10' title="bbox 576 1211 2161 1281; baseline 0.004 -21"><span class='ocrx_word' id='word_1_58' title='bbox 576 1212 756 1265; x_wconf 84' lang='lat' dir='ltr'><strong>otnnia</strong></span> <span class='ocrx_word' id='word_1_59' title='bbox 788 1228 882 1281; x_wconf 89' lang='lat' dir='ltr'><strong>pro</strong></span> <span class='ocrx_word' id='word_1_60' title='bbox 905 1212 1069 1266; x_wconf 87' lang='lat' dir='ltr'><strong>lubito</strong></span> <span class='ocrx_word' id='word_1_61' title='bbox 1100 1213 1356 1279; x_wconf 74' lang='lat' dir='ltr'><strong>fecerant,</strong></span> <span class='ocrx_word' id='word_1_62' title='bbox 1388 1213 1579 1267; x_wconf 80' lang='lat' dir='ltr'><strong>fatuam</strong></span> <span class='ocrx_word' id='word_1_63' title='bbox 1605 1212 1721 1281; x_wconf 88' lang='lat' dir='ltr'><strong>ejus</strong></span> <span class='ocrx_word' id='word_1_64' title='bbox 1743 1211 1935 1266; x_wconf 66' lang='lat' dir='ltr'><strong>laedere</strong></span> <span class='ocrx_word' id='word_1_65' title='bbox 1960 1227 2161 1266; x_wconf 87' lang='lat' dir='ltr'><strong>conan-</strong></span> 
     </span>
    </p>
   </div>
   <div class='ocr_carea' id='block_1_11' title="bbox 555 1300 2160 1371">
    <p class='ocr_par' dir='ltr' id='par_1_11' title="bbox 555 1300 2160 1371">
     <span class='ocr_line' id='line_1_11' title="bbox 555 1300 2160 1371; baseline 0.002 -18"><span class='ocrx_word' id='word_1_66' title='bbox 555 1312 683 1365; x_wconf 56' lang='lat' dir='ltr'><strong>atur,</strong></span> <span class='ocrx_word' id='word_1_67' title='bbox 715 1304 831 1370; x_wconf 86' lang='lat' dir='ltr'><strong>ejus</strong></span> <span class='ocrx_word' id='word_1_68' title='bbox 879 1304 1321 1357; x_wconf 78' lang='lat' dir='ltr'><strong>resurrectionem</strong></span> <span class='ocrx_word' id='word_1_69' title='bbox 1363 1303 1632 1356; x_wconf 81' lang='lat' dir='ltr'><strong>timentes.</strong></span> <span class='ocrx_word' id='word_1_70' title='bbox 1659 1302 1780 1356; x_wconf 90' lang='lat' dir='ltr'><strong>Ideo</strong></span> <span class='ocrx_word' id='word_1_71' title='bbox 1807 1300 1922 1356; x_wconf 68' lang='lat' dir='ltr'><strong>htec</strong></span> <span class='ocrx_word' id='word_1_72' title='bbox 1951 1301 2160 1371; x_wconf 80' lang='lat' dir='ltr'><strong>publice</strong></span> 
     </span>
    </p>
   </div>
   <div class='ocr_carea' id='block_1_12' title="bbox 580 1391 2162 1463">
    <p class='ocr_par' dir='ltr' id='par_1_12' title="bbox 580 1391 2162 1463">
     <span class='ocr_line' id='line_1_12' title="bbox 580 1391 2162 1463; baseline 0.004 -24"><span class='ocrx_word' id='word_1_73' title='bbox 580 1391 798 1459; x_wconf 82' lang='lat' dir='ltr'><strong>jactant,</strong></span> <span class='ocrx_word' id='word_1_74' title='bbox 832 1394 1065 1448; x_wconf 90' lang='lat' dir='ltr'><strong>latrones</strong></span> <span class='ocrx_word' id='word_1_75' title='bbox 1088 1408 1207 1446; x_wconf 88' lang='lat' dir='ltr'><strong>cmn</strong></span> <span class='ocrx_word' id='word_1_76' title='bbox 1254 1393 1348 1445; x_wconf 90' lang='lat' dir='ltr'><strong>illo</strong></span> <span class='ocrx_word' id='word_1_77' title='bbox 1371 1393 1707 1463; x_wconf 85' lang='lat' dir='ltr'><strong>crneilignnt,</strong></span> <span class='ocrx_word' id='word_1_78' title='bbox 1754 1401 1809 1447; x_wconf 90' lang='lat' dir='ltr'><strong>et</strong></span> <span class='ocrx_word' id='word_1_79' title='bbox 1835 1401 1891 1446; x_wconf 90' lang='lat' dir='ltr'><strong>ut</strong></span> <span class='ocrx_word' id='word_1_80' title='bbox 1916 1392 2162 1447; x_wconf 86' lang='lat' dir='ltr'><strong>seducto—</strong></span> 
     </span>
    </p>
   </div>
   <div class='ocr_carea' id='block_1_13' title="bbox 581 1484 2161 1553">
    <p class='ocr_par' dir='ltr' id='par_1_13' title="bbox 581 1484 2161 1553">
     <span class='ocr_line' id='line_1_13' title="bbox 581 1484 2161 1553; baseline 0 -15"><span class='ocrx_word' id='word_1_81' title='bbox 581 1498 694 1538; x_wconf 62' lang='lat' dir='ltr'><strong>rem</strong></span> <span class='ocrx_word' id='word_1_82' title='bbox 709 1484 1070 1548; x_wconf 86' lang='lat' dir='ltr'><strong>ostenderent,</strong></span> <span class='ocrx_word' id='word_1_83' title='bbox 1089 1485 1334 1540; x_wconf 84' lang='lat' dir='ltr'><strong>dicebant</strong></span> <span class='ocrx_word' id='word_1_84' title='bbox 1354 1485 1469 1540; x_wconf 66' lang='lat'><strong>:40.</strong></span> <span class='ocrx_word' id='word_1_85' title='bbox 1492 1485 1592 1552; x_wconf 78' lang='lat' dir='ltr'><strong>Qui</strong></span> <span class='ocrx_word' id='word_1_86' title='bbox 1606 1485 1756 1539; x_wconf 74' lang='lat' dir='ltr'><strong>solvis</strong></span> <span class='ocrx_word' id='word_1_87' title='bbox 1769 1486 2029 1553; x_wconf 81' lang='lat' dir='ltr'><strong>templum,</strong></span> <span class='ocrx_word' id='word_1_88' title='bbox 2048 1487 2161 1539; x_wconf 79' lang='lat' dir='ltr'><strong>etin</strong></span> 
     </span>
    </p>
   </div>
   <div class='ocr_carea' id='block_1_14' title="bbox 574 1572 2158 1645">
    <p class='ocr_par' dir='ltr' id='par_1_14' title="bbox 574 1572 2158 1645">
     <span class='ocr_line' id='line_1_14' title="bbox 574 1572 2158 1645; baseline 0.004 -22"><span class='ocrx_word' id='word_1_89' title='bbox 574 1572 737 1626; x_wconf 75' lang='lat' dir='ltr'><strong>tribus</strong></span> <span class='ocrx_word' id='word_1_90' title='bbox 753 1574 927 1627; x_wconf 76' lang='lat' dir='ltr'><strong>diebus</strong></span> <span class='ocrx_word' id='word_1_91' title='bbox 946 1575 1189 1639; x_wconf 61' lang='lat' dir='ltr'><strong>aediﬁcas,</strong></span> <span class='ocrx_word' id='word_1_92' title='bbox 1208 1575 1452 1629; x_wconf 74' lang='lat' dir='ltr'><strong>descende</strong></span> <span class='ocrx_word' id='word_1_93' title='bbox 1469 1576 1533 1630; x_wconf 81' lang='lat' dir='ltr'><strong>de</strong></span> <span class='ocrx_word' id='word_1_94' title='bbox 1545 1592 1711 1630; x_wconf 80' lang='lat' dir='ltr'><strong>cruce.</strong></span> <span class='ocrx_word' id='word_1_95' title='bbox 1731 1575 1859 1630; x_wconf 85' lang='lat' dir='ltr'><strong>Nam</strong></span> <span class='ocrx_word' id='word_1_96' title='bbox 1876 1577 1996 1645; x_wconf 86' lang='lat' dir='ltr'><strong>quia</strong></span> <span class='ocrx_word' id='word_1_97' title='bbox 2017 1576 2158 1631; x_wconf 88' lang='lat' dir='ltr'><strong>Pila-</strong></span> 
     </span>
    </p>
   </div>
   <div class='ocr_carea' id='block_1_15' title="bbox 578 1665 2156 1736">
    <p class='ocr_par' dir='ltr' id='par_1_15' title="bbox 578 1665 2156 1736">
     <span class='ocr_line' id='line_1_15' title="bbox 578 1665 2156 1736; baseline 0.006 -24"><span class='ocrx_word' id='word_1_98' title='bbox 578 1672 690 1715; x_wconf 87' lang='lat' dir='ltr'><strong>tunt</strong></span> <span class='ocrx_word' id='word_1_99' title='bbox 710 1673 956 1732; x_wconf 89' lang='lat' dir='ltr'><strong>rogantes</strong></span> <span class='ocrx_word' id='word_1_100' title='bbox 980 1675 1034 1716; x_wconf 92' lang='lat' dir='ltr'><strong>ut</strong></span> <span class='ocrx_word' id='word_1_101' title='bbox 1059 1665 1364 1734; x_wconf 82' lang='lat' dir='ltr'><strong>inscriptam</strong></span> <span class='ocrx_word' id='word_1_102' title='bbox 1385 1681 1598 1720; x_wconf 85' lang='lat' dir='ltr'><strong>causam</strong></span> <span class='ocrx_word' id='word_1_103' title='bbox 1628 1667 1861 1733; x_wconf 89' lang='lat' dir='ltr'><strong>tolleret,</strong></span> <span class='ocrx_word' id='word_1_104' title='bbox 1882 1682 2001 1736; x_wconf 61' lang='lat' dir='ltr'><strong>quae</strong></span> <span class='ocrx_word' id='word_1_105' title='bbox 2021 1676 2156 1728; x_wconf 86' lang='lat' dir='ltr'><strong>erat.</strong></span> 
     </span>
    </p>
   </div>
   <div class='ocr_carea' id='block_1_16' title="bbox 580 1740 2160 1826">
    <p class='ocr_par' dir='ltr' id='par_1_16' title="bbox 580 1740 2160 1826">
     <span class='ocr_line' id='line_1_16' title="bbox 580 1740 2160 1826; baseline 0.008 -25"><span class='ocrx_word' id='word_1_106' title='bbox 580 1750 687 1805; x_wconf 68' lang='lat' dir='ltr'><strong>(tua:</strong></span> <span class='ocrx_word' id='word_1_107' title='bbox 713 1740 1037 1819; x_wconf 72' lang='lat' dir='ltr'><strong>Judworum,</strong></span> <span class='ocrx_word' id='word_1_108' title='bbox 1070 1754 1202 1809; x_wconf 84' lang='lat' dir='ltr'><strong>nihil</strong></span> <span class='ocrx_word' id='word_1_109' title='bbox 1231 1757 1598 1826; x_wconf 84' lang='lat' dir='ltr'><strong>impetrarunt,</strong></span> <span class='ocrx_word' id='word_1_110' title='bbox 1629 1759 1722 1813; x_wconf 90' lang='lat' dir='ltr'><strong>sed</strong></span> <span class='ocrx_word' id='word_1_111' title='bbox 1747 1759 1941 1813; x_wconf 89' lang='lat' dir='ltr'><strong>institit</strong></span> <span class='ocrx_word' id='word_1_112' title='bbox 1966 1758 2053 1815; x_wconf 86' lang='lat' dir='ltr'><strong>ille</strong></span> <span class='ocrx_word' id='word_1_113' title='bbox 2080 1759 2160 1813; x_wconf 87' lang='lat' dir='ltr'><strong>di-</strong></span> 
     </span>
    </p>
   </div>
   <div class='ocr_carea' id='block_1_17' title="bbox 570 1840 2157 1915">
    <p class='ocr_par' dir='ltr' id='par_1_17' title="bbox 570 1840 2157 1915">
     <span class='ocr_line' id='line_1_17' title="bbox 570 1840 2157 1915; baseline 0.009 -27"><span class='ocrx_word' id='word_1_114' title='bbox 570 1856 698 1893; x_wconf 73' lang='lat' dir='ltr'><strong>cens</strong></span> <span class='ocrx_word' id='word_1_115' title='bbox 724 1858 738 1894; x_wconf 90' lang='lat'><strong>:</strong></span> <span class='ocrx_word' id='word_1_116' title='bbox 765 1840 912 1907; x_wconf 80' lang='lat' dir='ltr'><strong>Quod</strong></span> <span class='ocrx_word' id='word_1_117' title='bbox 931 1845 1131 1914; x_wconf 72' lang='lat' dir='ltr'><strong>scripsi,</strong></span> <span class='ocrx_word' id='word_1_118' title='bbox 1162 1847 1343 1915; x_wconf 77' lang='lat' dir='ltr'><strong>scripsi</strong></span> <span class='ocrx_word' id='word_1_119' title='bbox 1383 1862 1401 1899; x_wconf 89' lang='lat'><strong><em>:</em></strong></span> <span class='ocrx_word' id='word_1_120' title='bbox 1429 1848 1503 1902; x_wconf 87' lang='lat' dir='ltr'><strong>illi</strong></span> <span class='ocrx_word' id='word_1_121' title='bbox 1533 1847 1746 1902; x_wconf 89' lang='lat' dir='ltr'><strong>demum</strong></span> <span class='ocrx_word' id='word_1_122' title='bbox 1777 1847 2023 1904; x_wconf 78' lang='lat' dir='ltr'><strong>irrisione</strong></span> <span class='ocrx_word' id='word_1_123' title='bbox 2064 1864 2157 1903; x_wconf 84' lang='lat' dir='ltr'><strong>Sua</strong></span> 
     </span>
    </p>
   </div>
   <div class='ocr_carea' id='block_1_18' title="bbox 571 1924 2161 2008">
    <p class='ocr_par' dir='ltr' id='par_1_18' title="bbox 571 1924 2161 2008">
     <span class='ocr_line' id='line_1_18' title="bbox 571 1924 2161 2008; baseline 0.006 -26"><span class='ocrx_word' id='word_1_124' title='bbox 571 1929 795 1996; x_wconf 87' lang='lat' dir='ltr'><strong>probare</strong></span> <span class='ocrx_word' id='word_1_125' title='bbox 835 1934 1126 2000; x_wconf 82' lang='lat' dir='ltr'><strong>tentabant,</strong></span> <span class='ocrx_word' id='word_1_126' title='bbox 1170 1936 1341 2004; x_wconf 91' lang='lat' dir='ltr'><strong>ipsum</strong></span> <span class='ocrx_word' id='word_1_127' title='bbox 1386 1924 1507 1991; x_wconf 27' lang='lat' dir='ltr'><strong>non.</strong></span> <span class='ocrx_word' id='word_1_128' title='bbox 1536 1951 1656 1993; x_wconf 88' lang='lat' dir='ltr'><strong>esse</strong></span> <span class='ocrx_word' id='word_1_129' title='bbox 1691 1953 1888 2008; x_wconf 87' lang='lat' dir='ltr'><strong>regem.</strong></span> <span class='ocrx_word' id='word_1_130' title='bbox 1936 1938 2059 1994; x_wconf 89' lang='lat' dir='ltr'><strong>Ideo</strong></span> <span class='ocrx_word' id='word_1_131' title='bbox 2105 1947 2161 1992; x_wconf 89' lang='lat' dir='ltr'><strong>et</strong></span> 
     </span>
    </p>
   </div>
   <div class='ocr_carea' id='block_1_19' title="bbox 572 2020 2158 2092">
    <p class='ocr_par' dir='ltr' id='par_1_19' title="bbox 572 2020 2158 2092">
     <span class='ocr_line' id='line_1_19' title="bbox 572 2020 2158 2092; baseline 0.008 -21"><span class='ocrx_word' id='word_1_132' title='bbox 572 2020 685 2074; x_wconf 68' lang='lat' dir='ltr'><strong>haec</strong></span> <span class='ocrx_word' id='word_1_133' title='bbox 710 2030 765 2075; x_wconf 89' lang='lat' dir='ltr'><strong>et</strong></span> <span class='ocrx_word' id='word_1_134' title='bbox 814 2020 898 2076; x_wconf 88' lang='lat' dir='ltr'><strong>illa</strong></span> <span class='ocrx_word' id='word_1_135' title='bbox 927 2020 1174 2077; x_wconf 81' lang='lat' dir='ltr'><strong>dicebant</strong></span> <span class='ocrx_word' id='word_1_136' title='bbox 1203 2042 1216 2077; x_wconf 88' lang='lat'><strong>:</strong></span> <span class='ocrx_word' id='word_1_137' title='bbox 1244 2024 1333 2079; x_wconf 71' lang='grc'><strong>42.</strong></span> <span class='ocrx_word' id='word_1_138' title='bbox 1367 2026 1429 2081; x_wconf 81' lang='lat' dir='ltr'><strong>Si</strong></span> <span class='ocrx_word' id='word_1_139' title='bbox 1456 2042 1547 2081; x_wconf 80' lang='lat' dir='ltr'><strong>rea:</strong></span> <span class='ocrx_word' id='word_1_140' title='bbox 1572 2026 1739 2081; x_wconf 78' lang='lat' dir='ltr'><strong>Israel</strong></span> <span class='ocrx_word' id='word_1_141' title='bbox 1771 2039 1864 2092; x_wconf 76' lang='lat' dir='ltr'><strong>est,</strong></span> <span class='ocrx_word' id='word_1_142' title='bbox 1892 2029 2158 2083; x_wconf 73' lang='lat' dir='ltr'><strong>descendat</strong></span> 
     </span>
    </p>
   </div>
   <div class='ocr_carea' id='block_1_20' title="bbox 570 2112 2159 2190">
    <p class='ocr_par' dir='ltr' id='par_1_20' title="bbox 570 2112 2159 2190">
     <span class='ocr_line' id='line_1_20' title="bbox 570 2112 2159 2190; baseline 0.009 -30"><span class='ocrx_word' id='word_1_143' title='bbox 570 2126 705 2163; x_wconf 73' lang='lat' dir='ltr'><strong>nunc</strong></span> <span class='ocrx_word' id='word_1_144' title='bbox 734 2112 796 2164; x_wconf 86' lang='lat' dir='ltr'><strong>de</strong></span> <span class='ocrx_word' id='word_1_145' title='bbox 819 2128 965 2165; x_wconf 82' lang='lat' dir='ltr'><strong>cruce</strong></span> <span class='ocrx_word' id='word_1_146' title='bbox 991 2132 1008 2168; x_wconf 89' lang='lat'><strong><em>:</em></strong></span> <span class='ocrx_word' id='word_1_147' title='bbox 1045 2123 1099 2167; x_wconf 90' lang='lat' dir='ltr'><strong>et</strong></span> <span class='ocrx_word' id='word_1_148' title='bbox 1125 2130 1358 2182; x_wconf 86' lang='lat' dir='ltr'><strong>rursum,</strong></span> <span class='ocrx_word' id='word_1_149' title='bbox 1390 2117 1532 2171; x_wconf 77' lang='lat' dir='ltr'><strong>Alios</strong></span> <span class='ocrx_word' id='word_1_150' title='bbox 1561 2118 1726 2173; x_wconf 74' lang='lat' dir='ltr'><strong>salvos</strong></span> <span class='ocrx_word' id='word_1_151' title='bbox 1770 2120 1907 2188; x_wconf 75' lang='lat' dir='ltr'><strong>fecit,</strong></span> <span class='ocrx_word' id='word_1_152' title='bbox 1937 2120 2159 2190; x_wconf 59' lang='lat' dir='ltr'><strong>«ipsum</strong></span> 
     </span>
    </p>
   </div>
   <div class='ocr_carea' id='block_1_21' title="bbox 569 2204 2155 2279">
    <p class='ocr_par' dir='ltr' id='par_1_21' title="bbox 569 2204 2155 2279">
     <span class='ocr_line' id='line_1_21' title="bbox 569 2204 2155 2279; baseline 0.011 -28"><span class='ocrx_word' id='word_1_153' title='bbox 569 2216 666 2253; x_wconf 76' lang='lat' dir='ltr'><strong>non</strong></span> <span class='ocrx_word' id='word_1_154' title='bbox 694 2212 847 2268; x_wconf 70' lang='lat' dir='ltr'><strong>potest</strong></span> <span class='ocrx_word' id='word_1_155' title='bbox 875 2204 1067 2258; x_wconf 77' lang='lat' dir='ltr'><strong>salvum</strong></span> <span class='ocrx_word' id='word_1_156' title='bbox 1090 2206 1255 2274; x_wconf 77' lang='lat' dir='ltr'><strong>facere</strong></span> <span class='ocrx_word' id='word_1_157' title='bbox 1278 2223 1297 2260; x_wconf 88' lang='lat'><strong><em>:</em></strong></span> <span class='ocrx_word' id='word_1_158' title='bbox 1335 2217 1387 2261; x_wconf 86' lang='lat' dir='ltr'><strong>et</strong></span> <span class='ocrx_word' id='word_1_159' title='bbox 1412 2209 1681 2277; x_wconf 82' lang='lat' dir='ltr'><strong>prioribus</strong></span> <span class='ocrx_word' id='word_1_160' title='bbox 1722 2210 1887 2279; x_wconf 78' lang='lat' dir='ltr'><strong>signis</strong></span> <span class='ocrx_word' id='word_1_161' title='bbox 1918 2210 2039 2266; x_wconf 88' lang='lat' dir='ltr'><strong>hinc</strong></span> <span class='ocrx_word' id='word_1_162' title='bbox 2058 2211 2155 2268; x_wconf 89' lang='lat' dir='ltr'><strong>de-</strong></span> 
     </span>
    </p>
   </div>
   <div class='ocr_carea' id='block_1_22' title="bbox 545 2292 2155 2360">
    <p class='ocr_par' dir='ltr' id='par_1_22' title="bbox 545 2292 2155 2360">
     <span class='ocr_line' id='line_1_22' title="bbox 545 2292 2155 2360; baseline 0.011 -21"><span class='ocrx_word' id='word_1_163' title='bbox 545 2303 548 2306; x_wconf 69' lang='grc'><strong>’</strong></span> <span class='ocrx_word' id='word_1_164' title='bbox 575 2292 792 2343; x_wconf 83' lang='lat' dir='ltr'><strong>trahere</strong></span> <span class='ocrx_word' id='word_1_165' title='bbox 806 2294 1150 2347; x_wconf 87' lang='lat' dir='ltr'><strong>conabantur</strong></span> <span class='ocrx_word' id='word_1_166' title='bbox 1171 2312 1184 2359; x_wconf 91' lang='lat'><strong>;</strong></span> <span class='ocrx_word' id='word_1_167' title='bbox 1204 2305 1256 2348; x_wconf 88' lang='lat' dir='ltr'><strong>et</strong></span> <span class='ocrx_word' id='word_1_168' title='bbox 1275 2312 1488 2360; x_wconf 87' lang='lat' dir='ltr'><strong>rursus,</strong></span> <span class='ocrx_word' id='word_1_169' title='bbox 1504 2296 1564 2351; x_wconf 85' lang='lat' dir='ltr'><strong>Si</strong></span> <span class='ocrx_word' id='word_1_170' title='bbox 1582 2294 1756 2351; x_wconf 74' lang='lat' dir='ltr'><strong>Filius</strong></span> <span class='ocrx_word' id='word_1_171' title='bbox 1776 2298 1870 2353; x_wconf 85' lang='lat' dir='ltr'><strong>Dei</strong></span> <span class='ocrx_word' id='word_1_172' title='bbox 1886 2312 1963 2355; x_wconf 72' lang='lat' dir='ltr'><strong>est</strong></span> <span class='ocrx_word' id='word_1_173' title='bbox 1978 2312 2027 2355; x_wconf 83' lang='lat' dir='ltr'><strong>et</strong></span> <span class='ocrx_word' id='word_1_174' title='bbox 2046 2303 2155 2356; x_wconf 77' lang='lat' dir='ltr'><strong>vult</strong></span> 
     </span>
    </p>
   </div>
   <div class='ocr_carea' id='block_1_23' title="bbox 571 2384 2153 2451">
    <p class='ocr_par' dir='ltr' id='par_1_23' title="bbox 571 2384 2153 2451">
     <span class='ocr_line' id='line_1_23' title="bbox 571 2384 2153 2451; baseline 0.011 -20"><span class='ocrx_word' id='word_1_175' title='bbox 571 2395 711 2443; x_wconf 74' lang='lat' dir='ltr'><strong>eum,</strong></span> <span class='ocrx_word' id='word_1_176' title='bbox 733 2384 937 2436; x_wconf 71' lang='lat' dir='ltr'><strong>saluum</strong></span> <span class='ocrx_word' id='word_1_177' title='bbox 952 2384 1246 2451; x_wconf 76' lang='lat' dir='ltr'><strong>faciateum</strong></span> <span class='ocrx_word' id='word_1_178' title='bbox 1274 2386 1312 2439; x_wconf 76' lang='grc' dir='ltr'><strong>ί.</strong></span> <span class='ocrx_word' id='word_1_179' title='bbox 1332 2385 1377 2438; x_wconf 89' lang='grc'>0</span> <span class='ocrx_word' id='word_1_180' title='bbox 1400 2388 1613 2442; x_wconf 86' lang='lat' dir='ltr'><strong>scelesti</strong></span> <span class='ocrx_word' id='word_1_181' title='bbox 1631 2399 1684 2442; x_wconf 83' lang='lat' dir='ltr'><strong>et</strong></span> <span class='ocrx_word' id='word_1_182' title='bbox 1701 2392 2023 2447; x_wconf 76' lang='lat' dir='ltr'><strong>exsecrandi</strong></span> <span class='ocrx_word' id='word_1_183' title='bbox 2043 2395 2055 2447; x_wconf 88' lang='lat'><strong>!</strong></span> <span class='ocrx_word' id='word_1_184' title='bbox 2072 2395 2153 2447; x_wconf 78' lang='lat' dir='ltr'><strong>Att</strong></span> 
     </span>
    </p>
   </div>
   <div class='ocr_carea' id='block_1_24' title="bbox 575 2473 2152 2555">
    <p class='ocr_par' dir='ltr' id='par_1_24' title="bbox 575 2473 2152 2555">
     <span class='ocr_line' id='line_1_24' title="bbox 575 2473 2152 2555; baseline 0.01 -32"><span class='ocrx_word' id='word_1_185' title='bbox 575 2473 848 2540; x_wconf 62' lang='lat' dir='ltr'><strong>prophetae</strong></span> <span class='ocrx_word' id='word_1_186' title='bbox 874 2489 981 2527; x_wconf 87' lang='lat' dir='ltr'><strong>non</strong></span> <span class='ocrx_word' id='word_1_187' title='bbox 1002 2483 1156 2529; x_wconf 85' lang='lat' dir='ltr'><strong>erant</strong></span> <span class='ocrx_word' id='word_1_188' title='bbox 1173 2478 1557 2544; x_wconf 59' lang='lat' dir='ltr'><strong>proptn-taﬂan</strong></span> <span class='ocrx_word' id='word_1_189' title='bbox 1576 2480 2152 2555; x_wconf 87' lang='lat' dir='ltr'><strong>jnsti,uonjusti,qnia</strong></span> 
     </span>
    </p>
   </div>
   <div class='ocr_carea' id='block_1_25' title="bbox 576 2561 2156 2640">
    <p class='ocr_par' dir='ltr' id='par_1_25' title="bbox 576 2561 2156 2640">
     <span class='ocr_line' id='line_1_25' title="bbox 576 2561 2156 2640; baseline 0.01 -25"><span class='ocrx_word' id='word_1_190' title='bbox 576 2561 715 2617; x_wconf 80' lang='lat' dir='ltr'><strong>Deus</strong></span> <span class='ocrx_word' id='word_1_191' title='bbox 739 2564 863 2619; x_wconf 85' lang='lat' dir='ltr'><strong>illos</strong></span> <span class='ocrx_word' id='word_1_192' title='bbox 900 2581 965 2619; x_wconf 75' lang='lat' dir='ltr'><strong>ex</strong></span> <span class='ocrx_word' id='word_1_193' title='bbox 989 2566 1250 2634; x_wconf 81' lang='lat' dir='ltr'><strong>periculis</strong></span> <span class='ocrx_word' id='word_1_194' title='bbox 1273 2584 1379 2620; x_wconf 83' lang='lat' dir='ltr'><strong>non</strong></span> <span class='ocrx_word' id='word_1_195' title='bbox 1401 2570 1646 2639; x_wconf 82' lang='lat' dir='ltr'><strong>eripuit?</strong></span> <span class='ocrx_word' id='word_1_196' title='bbox 1680 2572 2019 2640; x_wconf 81' lang='lat' dir='ltr'><strong>Atquieraut</strong></span> <span class='ocrx_word' id='word_1_197' title='bbox 2051 2578 2156 2631; x_wconf 83' lang='lat' dir='ltr'><strong>etsi</strong></span> 
     </span>
    </p>
   </div>
   <div class='ocr_carea' id='block_1_26' title="bbox 576 2654 2161 2729">
    <p class='ocr_par' dir='ltr' id='par_1_26' title="bbox 576 2654 2161 2729">
     <span class='ocr_line' id='line_1_26' title="bbox 576 2654 2161 2729; baseline 0.009 -23"><span class='ocrx_word' id='word_1_198' title='bbox 576 2655 717 2720; x_wconf 80' lang='lat' dir='ltr'><strong>passi</strong></span> <span class='ocrx_word' id='word_1_199' title='bbox 738 2655 865 2708; x_wconf 80' lang='lat' dir='ltr'><strong>sitit.</strong></span> <span class='ocrx_word' id='word_1_200' title='bbox 880 2654 1019 2721; x_wconf 83' lang='lat' dir='ltr'><strong>Quid</strong></span> <span class='ocrx_word' id='word_1_201' title='bbox 1046 2656 1272 2712; x_wconf 63' lang='lat' dir='ltr'><strong>insaniae</strong></span> <span class='ocrx_word' id='word_1_202' title='bbox 1295 2669 1485 2713; x_wconf 72' lang='lat' dir='ltr'><strong>vestra:</strong></span> <span class='ocrx_word' id='word_1_203' title='bbox 1503 2677 1599 2729; x_wconf 90' lang='lat' dir='ltr'><strong>par</strong></span> <span class='ocrx_word' id='word_1_204' title='bbox 1618 2662 1809 2717; x_wconf 80' lang='lat' dir='ltr'><strong>fuerit?</strong></span> <span class='ocrx_word' id='word_1_205' title='bbox 1823 2664 1955 2718; x_wconf 73' lang='lat' dir='ltr'><strong>Nam</strong></span> <span class='ocrx_word' id='word_1_206' title='bbox 1975 2668 2019 2720; x_wconf 88' lang='lat' dir='ltr'><strong>si</strong></span> <span class='ocrx_word' id='word_1_207' title='bbox 2046 2667 2161 2721; x_wconf 88' lang='lat' dir='ltr'><strong>illo-</strong></span> 
     </span>
    </p>
   </div>
   <div class='ocr_carea' id='block_1_27' title="bbox 575 2745 2159 2824">
    <p class='ocr_par' dir='ltr' id='par_1_27' title="bbox 575 2745 2159 2824">
     <span class='ocr_line' id='line_1_27' title="bbox 575 2745 2159 2824; baseline 0.009 -28"><span class='ocrx_word' id='word_1_208' title='bbox 575 2761 693 2799; x_wconf 89' lang='lat' dir='ltr'><strong>rum</strong></span> <span class='ocrx_word' id='word_1_209' title='bbox 717 2745 943 2815; x_wconf 87' lang='lat' dir='ltr'><strong>gloriam</strong></span> <span class='ocrx_word' id='word_1_210' title='bbox 985 2763 1093 2802; x_wconf 91' lang='lat' dir='ltr'><strong>non</strong></span> <span class='ocrx_word' id='word_1_211' title='bbox 1119 2749 1677 2806; x_wconf 74' lang='lat' dir='ltr'><strong>lalielactaruntillata</strong></span> <span class='ocrx_word' id='word_1_212' title='bbox 1718 2753 2075 2824; x_wconf 83' lang='lat' dir='ltr'><strong>illispericula</strong></span> <span class='ocrx_word' id='word_1_213' title='bbox 2103 2765 2159 2810; x_wconf 85' lang='lat' dir='ltr'><strong>et</strong></span> 
     </span>
    </p>
   </div>
   <div class='ocr_carea' id='block_1_28' title="bbox 575 2837 2157 2914">
    <p class='ocr_par' dir='ltr' id='par_1_28' title="bbox 575 2837 2157 2914">
     <span class='ocr_line' id='line_1_28' title="bbox 575 2837 2157 2914; baseline 0.008 -24"><span class='ocrx_word' id='word_1_214' title='bbox 575 2837 713 2892; x_wconf 88' lang='lat' dir='ltr'><strong>mala</strong></span> <span class='ocrx_word' id='word_1_215' title='bbox 725 2839 836 2901; x_wconf 87' lang='lat' dir='ltr'><strong>,sed</strong></span> <span class='ocrx_word' id='word_1_216' title='bbox 852 2842 1131 2909; x_wconf 73' lang='lat' dir='ltr'><strong>propheta:</strong></span> <span class='ocrx_word' id='word_1_217' title='bbox 1147 2842 1547 2903; x_wconf 85' lang='lat' dir='ltr'><strong>crant,etiamsi</strong></span> <span class='ocrx_word' id='word_1_218' title='bbox 1567 2843 1657 2898; x_wconf 91' lang='lat' dir='ltr'><strong>illa</strong></span> <span class='ocrx_word' id='word_1_219' title='bbox 1672 2849 2157 2914; x_wconf 81' lang='lat' dir='ltr'><strong>paterenturmtul—</strong></span> 
     </span>
    </p>
   </div>
   <div class='ocr_carea' id='block_1_29' title="bbox 574 2929 2160 3008">
    <p class='ocr_par' dir='ltr' id='par_1_29' title="bbox 574 2929 2160 3008">
     <span class='ocr_line' id='line_1_29' title="bbox 574 2929 2160 3008; baseline 0.009 -29"><span class='ocrx_word' id='word_1_220' title='bbox 574 2937 630 2979; x_wconf 86' lang='lat' dir='ltr'><strong>to</strong></span> <span class='ocrx_word' id='word_1_221' title='bbox 644 2929 817 2997; x_wconf 85' lang='lat' dir='ltr'><strong>magis</strong></span> <span class='ocrx_word' id='word_1_222' title='bbox 830 2945 933 2983; x_wconf 91' lang='lat' dir='ltr'><strong>non</strong></span> <span class='ocrx_word' id='word_1_223' title='bbox 945 2929 1227 2986; x_wconf 83' lang='lat' dir='ltr'><strong>debebatis</strong></span> <span class='ocrx_word' id='word_1_224' title='bbox 1243 2932 1309 2987; x_wconf 88' lang='lat' dir='ltr'><strong>de</strong></span> <span class='ocrx_word' id='word_1_225' title='bbox 1328 2932 1431 2988; x_wconf 89' lang='lat' dir='ltr'><strong>hoc</strong></span> <span class='ocrx_word' id='word_1_226' title='bbox 1448 2934 1809 2990; x_wconf 83' lang='lat' dir='ltr'><strong>scandalizari</strong></span> <span class='ocrx_word' id='word_1_227' title='bbox 1825 2937 1918 3008; x_wconf 88' lang='lat' dir='ltr'><strong>qui</strong></span> <span class='ocrx_word' id='word_1_228' title='bbox 1931 2947 1988 2993; x_wconf 89' lang='lat' dir='ltr'><strong>et</strong></span> <span class='ocrx_word' id='word_1_229' title='bbox 1999 2937 2160 2993; x_wconf 85' lang='lat' dir='ltr'><strong>factis</strong></span> 
     </span>
    </p>
   </div>
   <div class='ocr_carea' id='block_1_30' title="bbox 566 3015 2146 3093">
    <p class='ocr_par' dir='ltr' id='par_1_30' title="bbox 566 3015 2146 3093">
     <span class='ocr_line' id='line_1_30' title="bbox 566 3015 2146 3093; baseline 0.012 -32"><span class='ocrx_word' id='word_1_230' title='bbox 566 3022 617 3063; x_wconf 74' lang='lat' dir='ltr'><strong>ut</strong></span> <span class='ocrx_word' id='word_1_231' title='bbox 643 3015 814 3069; x_wconf 80' lang='lat' dir='ltr'><strong>verbis</strong></span> <span class='ocrx_word' id='word_1_232' title='bbox 840 3018 951 3071; x_wconf 87' lang='lat' dir='ltr'><strong>suis</strong></span> <span class='ocrx_word' id='word_1_233' title='bbox 996 3015 1181 3073; x_wconf 81' lang='lat' dir='ltr'><strong>falsam</strong></span> <span class='ocrx_word' id='word_1_234' title='bbox 1216 3019 1353 3075; x_wconf 90' lang='lat' dir='ltr'><strong>hanc</strong></span> <span class='ocrx_word' id='word_1_235' title='bbox 1378 3022 1573 3092; x_wconf 91' lang='lat' dir='ltr'><strong>repulit</strong></span> <span class='ocrx_word' id='word_1_236' title='bbox 1623 3024 1954 3093; x_wconf 81' lang='lat' dir='ltr'><strong>opinionem.</strong></span> <span class='ocrx_word' id='word_1_237' title='bbox 1989 3022 2146 3081; x_wconf 82' lang='lat' dir='ltr'><strong>Atta-</strong></span> 
     </span>
    </p>
   </div>
   <div class='ocr_carea' id='block_1_31' title="bbox 570 3106 2146 3187">
    <p class='ocr_par' dir='ltr' id='par_1_31' title="bbox 570 3106 2146 3187">
     <span class='ocr_line' id='line_1_31' title="bbox 570 3106 2146 3187; baseline 0.011 -30"><span class='ocrx_word' id='word_1_238' title='bbox 570 3121 691 3160; x_wconf 88' lang='lat' dir='ltr'><strong>men</strong></span> <span class='ocrx_word' id='word_1_239' title='bbox 726 3106 839 3162; x_wconf 78' lang='lat' dir='ltr'><strong>lucc</strong></span> <span class='ocrx_word' id='word_1_240' title='bbox 860 3108 1099 3165; x_wconf 86' lang='lat' dir='ltr'><strong>dicentes</strong></span> <span class='ocrx_word' id='word_1_241' title='bbox 1123 3120 1179 3167; x_wconf 89' lang='lat' dir='ltr'><strong>et</strong></span> <span class='ocrx_word' id='word_1_242' title='bbox 1200 3124 1419 3183; x_wconf 81' lang='lat' dir='ltr'><strong>agentes</strong></span> <span class='ocrx_word' id='word_1_243' title='bbox 1449 3115 1579 3168; x_wconf 91' lang='lat' dir='ltr'><strong>nihil</strong></span> <span class='ocrx_word' id='word_1_244' title='bbox 1614 3117 1697 3171; x_wconf 82' lang='lat' dir='ltr'><strong>vel</strong></span> <span class='ocrx_word' id='word_1_245' title='bbox 1745 3118 1796 3171; x_wconf 90' lang='lat' dir='ltr'><strong>in</strong></span> <span class='ocrx_word' id='word_1_246' title='bbox 1843 3119 1961 3187; x_wconf 86' lang='lat' dir='ltr'><strong>ipso</strong></span> <span class='ocrx_word' id='word_1_247' title='bbox 2007 3128 2146 3174; x_wconf 89' lang='lat' dir='ltr'><strong>tetu-</strong></span> 
     </span>
    </p>
   </div>
   <div class='ocr_carea' id='block_1_32' title="bbox 565 3198 2140 3278">
    <p class='ocr_par' dir='ltr' id='par_1_32' title="bbox 565 3198 2140 3278">
     <span class='ocr_line' id='line_1_32' title="bbox 565 3198 2140 3278; baseline 0.012 -31"><span class='ocrx_word' id='word_1_248' title='bbox 565 3213 691 3263; x_wconf 86' lang='lat' dir='ltr'><strong>pore</strong></span> <span class='ocrx_word' id='word_1_249' title='bbox 717 3198 888 3254; x_wconf 79' lang='lat' dir='ltr'><strong>facere</strong></span> <span class='ocrx_word' id='word_1_250' title='bbox 909 3210 1211 3269; x_wconf 89' lang='lat' dir='ltr'><strong>potuerunt.</strong></span> <span class='ocrx_word' id='word_1_251' title='bbox 1242 3202 1400 3259; x_wconf 89' lang='lat' dir='ltr'><strong>Certe</strong></span> <span class='ocrx_word' id='word_1_252' title='bbox 1426 3207 1516 3273; x_wconf 85' lang='lat' dir='ltr'><strong>qui</strong></span> <span class='ocrx_word' id='word_1_253' title='bbox 1548 3207 1695 3261; x_wconf 91' lang='lat' dir='ltr'><strong>omni</strong></span> <span class='ocrx_word' id='word_1_254' title='bbox 1720 3208 1995 3278; x_wconf 85' lang='lat' dir='ltr'><strong>iniquitate</strong></span> <span class='ocrx_word' id='word_1_255' title='bbox 2015 3225 2140 3266; x_wconf 87' lang='lat' dir='ltr'><strong>cor-</strong></span> 
     </span>
    </p>
   </div>
   <div class='ocr_carea' id='block_1_33' title="bbox 564 3290 2145 3370">
    <p class='ocr_par' dir='ltr' id='par_1_33' title="bbox 564 3290 2145 3370">
     <span class='ocr_line' id='line_1_33' title="bbox 564 3290 2145 3370; baseline 0.011 -31"><span class='ocrx_word' id='word_1_256' title='bbox 564 3299 747 3355; x_wconf 83' lang='lat' dir='ltr'><strong>ruptus</strong></span> <span class='ocrx_word' id='word_1_257' title='bbox 774 3299 910 3355; x_wconf 88' lang='lat' dir='ltr'><strong>erat,</strong></span> <span class='ocrx_word' id='word_1_258' title='bbox 939 3290 1030 3361; x_wconf 92' lang='lat' dir='ltr'><strong>qni</strong></span> <span class='ocrx_word' id='word_1_259' title='bbox 1080 3291 1243 3347; x_wconf 89' lang='lat' dir='ltr'><strong>vitam</strong></span> <span class='ocrx_word' id='word_1_260' title='bbox 1291 3293 1342 3347; x_wconf 89' lang='lat' dir='ltr'><strong>in</strong></span> <span class='ocrx_word' id='word_1_261' title='bbox 1394 3295 1633 3351; x_wconf 65' lang='lat' dir='ltr'><strong>caedibus</strong></span> <span class='ocrx_word' id='word_1_262' title='bbox 1678 3305 1736 3354; x_wconf 88' lang='lat' dir='ltr'><strong>et</strong></span> <span class='ocrx_word' id='word_1_263' title='bbox 1777 3298 2145 3370; x_wconf 86' lang='lat' dir='ltr'><strong>sepulcrorum</strong></span> 
     </span>
    </p>
   </div>
   <div class='ocr_carea' id='block_1_34' title="bbox 562 3377 2145 3460">
    <p class='ocr_par' dir='ltr' id='par_1_34' title="bbox 562 3377 2145 3460">
     <span class='ocr_line' id='line_1_34' title="bbox 562 3377 2145 3460; baseline 0.009 -30"><span class='ocrx_word' id='word_1_264' title='bbox 562 3377 937 3436; x_wconf 78' lang='lat' dir='ltr'><strong>cﬂhssionibus</strong></span> <span class='ocrx_word' id='word_1_265' title='bbox 974 3383 1213 3453; x_wconf 79' lang='lat' dir='ltr'><strong>degerat,</strong></span> <span class='ocrx_word' id='word_1_266' title='bbox 1259 3399 1379 3439; x_wconf 91' lang='lat' dir='ltr'><strong>cum</strong></span> <span class='ocrx_word' id='word_1_267' title='bbox 1418 3384 1536 3442; x_wconf 76' lang='lat' dir='ltr'><strong>ilth</strong></span> <span class='ocrx_word' id='word_1_268' title='bbox 1591 3386 1936 3455; x_wconf 88' lang='lat' dir='ltr'><strong>dicerentur,</strong></span> <span class='ocrx_word' id='word_1_269' title='bbox 1974 3391 2145 3460; x_wconf 86' lang='lat' dir='ltr'><strong>ipsum</strong></span> 
     </span>
    </p>
   </div>
   <div class='ocr_carea' id='block_1_35' title="bbox 564 3467 2146 3552">
    <p class='ocr_par' dir='ltr' id='par_1_35' title="bbox 564 3467 2146 3552">
     <span class='ocr_line' id='line_1_35' title="bbox 564 3467 2146 3552; baseline 0.013 -34"><span class='ocrx_word' id='word_1_270' title='bbox 564 3467 837 3522; x_wconf 78' lang='lat' dir='ltr'><strong>confessus</strong></span> <span class='ocrx_word' id='word_1_271' title='bbox 862 3479 959 3534; x_wconf 84' lang='lat' dir='ltr'><strong>est,</strong></span> <span class='ocrx_word' id='word_1_272' title='bbox 1014 3482 1069 3525; x_wconf 90' lang='lat' dir='ltr'><strong>et</strong></span> <span class='ocrx_word' id='word_1_273' title='bbox 1123 3489 1344 3543; x_wconf 77' lang='lat' dir='ltr'><strong>regnum</strong></span> <span class='ocrx_word' id='word_1_274' title='bbox 1401 3481 1861 3545; x_wconf 84' lang='lat' dir='ltr'><strong>commemoravit,</strong></span> <span class='ocrx_word' id='word_1_275' title='bbox 1892 3482 2146 3552; x_wconf 88' lang='lat' dir='ltr'><strong>plebsque</strong></span> 
     </span>
    </p>
   </div>
   <div class='ocr_carea' id='block_1_36' title="bbox 560 3559 2142 3640">
    <p class='ocr_par' dir='ltr' id='par_1_36' title="bbox 560 3559 2142 3640">
     <span class='ocr_line' id='line_1_36' title="bbox 560 3559 2142 3640; baseline 0.011 -32"><span class='ocrx_word' id='word_1_276' title='bbox 560 3559 705 3612; x_wconf 89' lang='lat' dir='ltr'><strong>illum</strong></span> <span class='ocrx_word' id='word_1_277' title='bbox 736 3560 968 3630; x_wconf 79' lang='lat' dir='ltr'><strong>lugebat.</strong></span> <span class='ocrx_word' id='word_1_278' title='bbox 1000 3560 1330 3633; x_wconf 87' lang='lat' dir='ltr'><strong>Quamquam</strong></span> <span class='ocrx_word' id='word_1_279' title='bbox 1375 3565 1689 3622; x_wconf 68' lang='lat' dir='ltr'><strong>videbantur</strong></span> <span class='ocrx_word' id='word_1_280' title='bbox 1712 3585 1799 3625; x_wconf 88' lang='lat' dir='ltr'><strong>res</strong></span> <span class='ocrx_word' id='word_1_281' title='bbox 1822 3583 1987 3640; x_wconf 74' lang='lat' dir='ltr'><strong>gesta:</strong></span> <span class='ocrx_word' id='word_1_282' title='bbox 2013 3588 2142 3628; x_wconf 88' lang='lat' dir='ltr'><strong>con-</strong></span> 
     </span>
    </p>
   </div>
   <div class='ocr_carea' id='block_1_37' title="bbox 558 3649 2143 3727">
    <p class='ocr_par' dir='ltr' id='par_1_37' title="bbox 558 3649 2143 3727">
     <span class='ocr_line' id='line_1_37' title="bbox 558 3649 2143 3727; baseline 0.014 -28"><span class='ocrx_word' id='word_1_283' title='bbox 558 3649 716 3702; x_wconf 89' lang='lat' dir='ltr'><strong>traria</strong></span> <span class='ocrx_word' id='word_1_284' title='bbox 741 3650 1039 3720; x_wconf 81' lang='lat' dir='ltr'><strong>signitlcare</strong></span> <span class='ocrx_word' id='word_1_285' title='bbox 1059 3652 1122 3708; x_wconf 88' lang='lat' dir='ltr'><strong>iis</strong></span> <span class='ocrx_word' id='word_1_286' title='bbox 1151 3656 1239 3725; x_wconf 90' lang='lat' dir='ltr'><strong>qui</strong></span> <span class='ocrx_word' id='word_1_287' title='bbox 1262 3659 1499 3727; x_wconf 84' lang='lat' dir='ltr'><strong>mysterii</strong></span> <span class='ocrx_word' id='word_1_288' title='bbox 1528 3662 2017 3718; x_wconf 68' lang='lat' dir='ltr'><strong>teconomiam’non</strong></span> <span class='ocrx_word' id='word_1_289' title='bbox 2047 3680 2143 3721; x_wconf 81' lang='lat' dir='ltr'><strong>ne-</strong></span> 
     </span>
    </p>
   </div>
   <div class='ocr_carea' id='block_1_38' title="bbox 559 3743 2134 3825">
    <p class='ocr_par' dir='ltr' id='par_1_38' title="bbox 559 3743 2134 3825">
     <span class='ocr_line' id='line_1_38' title="bbox 559 3743 2134 3825; baseline 0.014 -35"><span class='ocrx_word' id='word_1_290' title='bbox 559 3750 760 3808; x_wconf 78' lang='lat' dir='ltr'><strong>verant,</strong></span> <span class='ocrx_word' id='word_1_291' title='bbox 785 3743 928 3813; x_wconf 89' lang='lat' dir='ltr'><strong>quod</strong></span> <span class='ocrx_word' id='word_1_292' title='bbox 954 3759 1146 3816; x_wconf 85' lang='lat' dir='ltr'><strong>nempe</strong></span> <span class='ocrx_word' id='word_1_293' title='bbox 1172 3747 1417 3805; x_wconf 76' lang='lat' dir='ltr'><strong>inﬁrmus</strong></span> <span class='ocrx_word' id='word_1_294' title='bbox 1455 3762 1616 3818; x_wconf 87' lang='lat' dir='ltr'><strong>esset,</strong></span> <span class='ocrx_word' id='word_1_295' title='bbox 1652 3755 1889 3825; x_wconf 89' lang='lat' dir='ltr'><strong>nihilque</strong></span> <span class='ocrx_word' id='word_1_296' title='bbox 1914 3767 2093 3825; x_wconf 86' lang='lat' dir='ltr'><strong>posset</strong></span> <span class='ocrx_word' id='word_1_297' title='bbox 2121 3774 2134 3812; x_wconf 77' lang='grc' dir='ltr'><strong>τ</strong></span> 
     </span>
    </p>
   </div>
   <div class='ocr_carea' id='block_1_39' title="bbox 557 3837 2139 3915">
    <p class='ocr_par' dir='ltr' id='par_1_39' title="bbox 557 3837 2139 3915">
     <span class='ocr_line' id='line_1_39' title="bbox 557 3837 2139 3915; baseline 0.015 -33"><span class='ocrx_word' id='word_1_298' title='bbox 557 3840 788 3887; x_wconf 84' lang='lat' dir='ltr'><strong>attamen</strong></span> <span class='ocrx_word' id='word_1_299' title='bbox 816 3837 1013 3890; x_wconf 86' lang='lat' dir='ltr'><strong>veritas</strong></span> <span class='ocrx_word' id='word_1_300' title='bbox 1063 3852 1159 3906; x_wconf 90' lang='lat' dir='ltr'><strong>per</strong></span> <span class='ocrx_word' id='word_1_301' title='bbox 1182 3841 1445 3895; x_wconf 86' lang='lat' dir='ltr'><strong>contraria</strong></span> <span class='ocrx_word' id='word_1_302' title='bbox 1480 3843 1641 3898; x_wconf 91' lang='lat' dir='ltr'><strong>etiam</strong></span> <span class='ocrx_word' id='word_1_303' title='bbox 1690 3848 1983 3915; x_wconf 73' lang='lat' dir='ltr'><strong>prtevaluit.</strong></span> <span class='ocrx_word' id='word_1_304' title='bbox 2015 3850 2139 3905; x_wconf 69' lang='lat' dir='ltr'><strong>llaec</strong></span> 
     </span>
    </p>
   </div>
   <div class='ocr_carea' id='block_1_40' title="bbox 556 3922 2140 3996">
    <p class='ocr_par' dir='ltr' id='par_1_40' title="bbox 556 3922 2140 3996">
     <span class='ocr_line' id='line_1_40' title="bbox 556 3922 2140 3996; baseline 0.016 -24"><span class='ocrx_word' id='word_1_305' title='bbox 556 3922 713 3987; x_wconf 76' lang='lat' dir='ltr'><strong>igitur</strong></span> <span class='ocrx_word' id='word_1_306' title='bbox 750 3924 1047 3991; x_wconf 90' lang='lat' dir='ltr'><strong>audientes,</strong></span> <span class='ocrx_word' id='word_1_307' title='bbox 1080 3944 1348 3986; x_wconf 87' lang='lat' dir='ltr'><strong>armemus</strong></span> <span class='ocrx_word' id='word_1_308' title='bbox 1376 3948 1473 3987; x_wconf 84' lang='lat' dir='ltr'><strong>nos</strong></span> <span class='ocrx_word' id='word_1_309' title='bbox 1506 3945 1689 3990; x_wconf 88' lang='lat' dir='ltr'><strong>contra</strong></span> <span class='ocrx_word' id='word_1_310' title='bbox 1721 3938 1854 3992; x_wconf 89' lang='lat' dir='ltr'><strong>iram</strong></span> <span class='ocrx_word' id='word_1_311' title='bbox 1898 3949 1951 3995; x_wconf 88' lang='lat' dir='ltr'><strong>ct</strong></span> <span class='ocrx_word' id='word_1_312' title='bbox 1996 3940 2140 3996; x_wconf 82' lang='lat' dir='ltr'><strong>furo-</strong></span> 
     </span>
    </p>
   </div>
   <div class='ocr_carea' id='block_1_41' title="bbox 555 4015 2135 4095">
    <p class='ocr_par' dir='ltr' id='par_1_41' title="bbox 555 4015 2135 4095">
     <span class='ocr_line' id='line_1_41' title="bbox 555 4015 2135 4095; baseline 0.013 -30"><span class='ocrx_word' id='word_1_313' title='bbox 555 4030 687 4067; x_wconf 84' lang='lat' dir='ltr'><strong>rem.</strong></span> <span class='ocrx_word' id='word_1_314' title='bbox 718 4015 771 4069; x_wconf 86' lang='lat' dir='ltr'><strong>Si</strong></span> <span class='ocrx_word' id='word_1_315' title='bbox 820 4025 1024 4073; x_wconf 89' lang='lat' dir='ltr'><strong>tumere</strong></span> <span class='ocrx_word' id='word_1_316' title='bbox 1050 4020 1132 4075; x_wconf 91' lang='lat' dir='ltr'><strong>vel</strong></span> <span class='ocrx_word' id='word_1_317' title='bbox 1160 4020 1474 4076; x_wconf 81' lang='lat' dir='ltr'><strong>inﬂammari</strong></span> <span class='ocrx_word' id='word_1_318' title='bbox 1504 4040 1599 4080; x_wconf 88' lang='lat' dir='ltr'><strong>cor</strong></span> <span class='ocrx_word' id='word_1_319' title='bbox 1634 4034 1780 4080; x_wconf 89' lang='lat' dir='ltr'><strong>tmtm</strong></span> <span class='ocrx_word' id='word_1_320' title='bbox 1811 4028 2027 4095; x_wconf 87' lang='lat' dir='ltr'><strong>videris,</strong></span> <span class='ocrx_word' id='word_1_321' title='bbox 2060 4032 2135 4085; x_wconf 87' lang='lat' dir='ltr'><strong>si-</strong></span> 
     </span>
    </p>
   </div>
   <div class='ocr_carea' id='block_1_42' title="bbox 550 4106 2137 4189">
    <p class='ocr_par' dir='ltr' id='par_1_42' title="bbox 550 4106 2137 4189">
     <span class='ocr_line' id='line_1_42' title="bbox 550 4106 2137 4189; baseline 0.014 -35"><span class='ocrx_word' id='word_1_322' title='bbox 550 4106 775 4173; x_wconf 82' lang='lat' dir='ltr'><strong>gnaculo</strong></span> <span class='ocrx_word' id='word_1_323' title='bbox 794 4108 966 4161; x_wconf 89' lang='lat' dir='ltr'><strong>crucis</strong></span> <span class='ocrx_word' id='word_1_324' title='bbox 991 4109 1176 4177; x_wconf 88' lang='lat' dir='ltr'><strong>pectus</strong></span> <span class='ocrx_word' id='word_1_325' title='bbox 1207 4119 1351 4164; x_wconf 86' lang='lat' dir='ltr'><strong>tuum</strong></span> <span class='ocrx_word' id='word_1_326' title='bbox 1383 4115 1588 4168; x_wconf 90' lang='lat' dir='ltr'><strong>munito</strong></span> <span class='ocrx_word' id='word_1_327' title='bbox 1624 4134 1637 4168; x_wconf 92' lang='lat'><strong>:</strong></span> <span class='ocrx_word' id='word_1_328' title='bbox 1670 4121 1924 4172; x_wconf 86' lang='lat' dir='ltr'><strong>memoria</strong></span> <span class='ocrx_word' id='word_1_329' title='bbox 1952 4132 2137 4189; x_wconf 87' lang='lat' dir='ltr'><strong>repete</strong></span> 
     </span>
    </p>
   </div>
   <div class='ocr_carea' id='block_1_43' title="bbox 544 4194 2132 4275">
    <p class='ocr_par' dir='ltr' id='par_1_43' title="bbox 544 4194 2132 4275">
     <span class='ocr_line' id='line_1_43' title="bbox 544 4194 2132 4275; baseline 0.013 -27"><span class='ocrx_word' id='word_1_330' title='bbox 544 4194 640 4248; x_wconf 86' lang='lat' dir='ltr'><strong>illa</strong></span> <span class='ocrx_word' id='word_1_331' title='bbox 669 4211 787 4265; x_wconf 69' lang='lat' dir='ltr'><strong>qua:</strong></span> <span class='ocrx_word' id='word_1_332' title='bbox 816 4207 937 4251; x_wconf 88' lang='lat' dir='ltr'><strong>tunc</strong></span> <span class='ocrx_word' id='word_1_333' title='bbox 985 4203 1340 4269; x_wconf 86' lang='lat' dir='ltr'><strong>contigerunt,</strong></span> <span class='ocrx_word' id='word_1_334' title='bbox 1387 4215 1439 4258; x_wconf 91' lang='lat' dir='ltr'><strong>et</strong></span> <span class='ocrx_word' id='word_1_335' title='bbox 1487 4206 1673 4261; x_wconf 87' lang='lat' dir='ltr'><strong>horum</strong></span> <span class='ocrx_word' id='word_1_336' title='bbox 1720 4212 1976 4275; x_wconf 79' lang='lat' dir='ltr'><strong>memoria</strong></span> <span class='ocrx_word' id='word_1_337' title='bbox 2003 4215 2132 4268; x_wconf 84' lang='lat' dir='ltr'><strong>iram</strong></span> 
     </span>
    </p>
   </div>
   <div class='ocr_carea' id='block_1_44' title="bbox 550 4288 2129 4373">
    <p class='ocr_par' dir='ltr' id='par_1_44' title="bbox 550 4288 2129 4373">
     <span class='ocr_line' id='line_1_44' title="bbox 550 4288 2129 4373; baseline 0.016 -40"><span class='ocrx_word' id='word_1_338' title='bbox 550 4300 760 4340; x_wconf 87' lang='lat' dir='ltr'><strong>omnem</strong></span> <span class='ocrx_word' id='word_1_339' title='bbox 785 4296 840 4339; x_wconf 91' lang='lat' dir='ltr'><strong>nt</strong></span> <span class='ocrx_word' id='word_1_340' title='bbox 863 4288 1133 4355; x_wconf 90' lang='lat' dir='ltr'><strong>pulverem</strong></span> <span class='ocrx_word' id='word_1_341' title='bbox 1165 4296 1425 4347; x_wconf 77' lang='lat' dir='ltr'><strong>excuties.</strong></span> <span class='ocrx_word' id='word_1_342' title='bbox 1454 4293 1638 4365; x_wconf 85' lang='lat' dir='ltr'><strong>Cogita</strong></span> <span class='ocrx_word' id='word_1_343' title='bbox 1664 4300 1831 4354; x_wconf 80' lang='lat' dir='ltr'><strong>verba</strong></span> <span class='ocrx_word' id='word_1_344' title='bbox 1852 4310 1906 4357; x_wconf 89' lang='lat' dir='ltr'><strong>et</strong></span> <span class='ocrx_word' id='word_1_345' title='bbox 1933 4314 2081 4373; x_wconf 84' lang='lat' dir='ltr'><strong>gesta</strong></span> <span class='ocrx_word' id='word_1_346' title='bbox 2116 4323 2129 4359; x_wconf 89' lang='lat'><strong>:</strong></span> 
     </span>
    </p>
   </div>
   <div class='ocr_carea' id='block_1_45' title="bbox 547 4375 2129 4456">
    <p class='ocr_par' dir='ltr' id='par_1_45' title="bbox 547 4375 2129 4456">
     <span class='ocr_line' id='line_1_45' title="bbox 547 4375 2129 4456; baseline 0.015 -31"><span class='ocrx_word' id='word_1_347' title='bbox 547 4375 718 4443; x_wconf 84' lang='lat' dir='ltr'><strong>cogita</strong></span> <span class='ocrx_word' id='word_1_348' title='bbox 764 4377 907 4429; x_wconf 91' lang='lat' dir='ltr'><strong>illum</strong></span> <span class='ocrx_word' id='word_1_349' title='bbox 964 4392 1083 4432; x_wconf 72' lang='lat' dir='ltr'><strong>esse</strong></span> <span class='ocrx_word' id='word_1_350' title='bbox 1122 4380 1403 4435; x_wconf 88' lang='lat' dir='ltr'><strong>Dominum</strong></span> <span class='ocrx_word' id='word_1_351' title='bbox 1426 4423 1441 4447; x_wconf 92' lang='lat'><strong>,</strong></span> <span class='ocrx_word' id='word_1_352' title='bbox 1500 4396 1656 4456; x_wconf 90' lang='lat' dir='ltr'><strong>teque</strong></span> <span class='ocrx_word' id='word_1_353' title='bbox 1693 4404 1904 4444; x_wconf 86' lang='lat' dir='ltr'><strong>servum</strong></span> <span class='ocrx_word' id='word_1_354' title='bbox 1939 4412 1952 4447; x_wconf 95' lang='lat'>:</span> <span class='ocrx_word' id='word_1_355' title='bbox 1985 4394 2129 4449; x_wconf 89' lang='lat' dir='ltr'><strong>illum</strong></span> 
     </span>
    </p>
   </div>
   <div class='ocr_carea' id='block_1_46' title="bbox 547 4473 2127 4547">
    <p class='ocr_par' dir='ltr' id='par_1_46' title="bbox 547 4473 2127 4547">
     <span class='ocr_line' id='line_1_46' title="bbox 547 4473 2127 4547; baseline 0.014 -31"><span class='ocrx_word' id='word_1_356' title='bbox 547 4473 764 4533; x_wconf 84' lang='lat' dir='ltr'><strong>propter</strong></span> <span class='ocrx_word' id='word_1_357' title='bbox 791 4476 842 4518; x_wconf 90' lang='lat' dir='ltr'><strong>te</strong></span> <span class='ocrx_word' id='word_1_358' title='bbox 864 4482 1078 4535; x_wconf 87' lang='lat' dir='ltr'><strong>passum</strong></span> <span class='ocrx_word' id='word_1_359' title='bbox 1120 4484 1259 4533; x_wconf 84' lang='lat' dir='ltr'><strong>esse,</strong></span> <span class='ocrx_word' id='word_1_360' title='bbox 1310 4482 1362 4527; x_wconf 90' lang='lat' dir='ltr'><strong>te</strong></span> <span class='ocrx_word' id='word_1_361' title='bbox 1389 4485 1607 4543; x_wconf 82' lang='lat' dir='ltr'><strong>propter</strong></span> <span class='ocrx_word' id='word_1_362' title='bbox 1636 4486 1689 4532; x_wconf 92' lang='lat' dir='ltr'><strong>te</strong></span> <span class='ocrx_word' id='word_1_363' title='bbox 1742 4478 1950 4547; x_wconf 88' lang='lat' dir='ltr'><strong>ipsum;</strong></span> <span class='ocrx_word' id='word_1_364' title='bbox 1981 4484 2127 4538; x_wconf 90' lang='lat' dir='ltr'><strong>illtnn</strong></span> 
     </span>
    </p>
   </div>
   <div class='ocr_carea' id='block_1_47' title="bbox 549 4558 2129 4641">
    <p class='ocr_par' dir='ltr' id='par_1_47' title="bbox 549 4558 2129 4641">
     <span class='ocr_line' id='line_1_47' title="bbox 549 4558 2129 4641; baseline 0.016 -36"><span class='ocrx_word' id='word_1_365' title='bbox 549 4572 642 4623; x_wconf 84' lang='lat' dir='ltr'><strong>pro</strong></span> <span class='ocrx_word' id='word_1_366' title='bbox 674 4558 736 4609; x_wconf 88' lang='lat' dir='ltr'><strong>iis</strong></span> <span class='ocrx_word' id='word_1_367' title='bbox 774 4558 864 4626; x_wconf 90' lang='lat' dir='ltr'><strong>qui</strong></span> <span class='ocrx_word' id='word_1_368' title='bbox 908 4558 1177 4615; x_wconf 71' lang='lat' dir='ltr'><strong>beneflciis</strong></span> <span class='ocrx_word' id='word_1_369' title='bbox 1206 4564 1380 4618; x_wconf 88' lang='lat' dir='ltr'><strong>all&#39;ecti</strong></span> <span class='ocrx_word' id='word_1_370' title='bbox 1423 4566 1592 4634; x_wconf 92' lang='lat' dir='ltr'><strong>ipsum</strong></span> <span class='ocrx_word' id='word_1_371' title='bbox 1622 4571 2035 4641; x_wconf 72' lang='lat' dir='ltr'><strong>crucifigebant,</strong></span> <span class='ocrx_word' id='word_1_372' title='bbox 2078 4588 2129 4631; x_wconf 89' lang='lat' dir='ltr'><strong>te</strong></span> 
     </span>
    </p>
   </div>
   <div class='ocr_carea' id='block_1_48' title="bbox 547 4646 2123 4732">
    <p class='ocr_par' dir='ltr' id='par_1_48' title="bbox 547 4646 2123 4732">
     <span class='ocr_line' id='line_1_48' title="bbox 547 4646 2123 4732; baseline 0.018 -39"><span class='ocrx_word' id='word_1_373' title='bbox 547 4662 641 4712; x_wconf 85' lang='lat' dir='ltr'><strong>pro</strong></span> <span class='ocrx_word' id='word_1_374' title='bbox 664 4655 714 4699; x_wconf 91' lang='lat' dir='ltr'><strong>te</strong></span> <span class='ocrx_word' id='word_1_375' title='bbox 742 4646 883 4716; x_wconf 80' lang='lat' dir='ltr'><strong>ipso;</strong></span> <span class='ocrx_word' id='word_1_376' title='bbox 905 4648 1053 4701; x_wconf 90' lang='lat' dir='ltr'><strong>illum</strong></span> <span class='ocrx_word' id='word_1_377' title='bbox 1077 4665 1172 4720; x_wconf 89' lang='lat' dir='ltr'><strong>pro</strong></span> <span class='ocrx_word' id='word_1_378' title='bbox 1189 4652 1251 4706; x_wconf 89' lang='lat' dir='ltr'><strong>iis</strong></span> <span class='ocrx_word' id='word_1_379' title='bbox 1271 4656 1356 4722; x_wconf 88' lang='lat' dir='ltr'><strong>qui</strong></span> <span class='ocrx_word' id='word_1_380' title='bbox 1384 4671 1441 4710; x_wconf 90' lang='lat' dir='ltr'><strong>se</strong></span> <span class='ocrx_word' id='word_1_381' title='bbox 1458 4661 1795 4715; x_wconf 88' lang='lat' dir='ltr'><strong>contumeliis</strong></span> <span class='ocrx_word' id='word_1_382' title='bbox 1816 4663 2123 4732; x_wconf 76' lang='lat' dir='ltr'><strong>aﬂecerant,</strong></span> 
     </span>
    </p>
   </div>
   <div class='ocr_carea' id='block_1_49' title="bbox 545 4738 2123 4825">
    <p class='ocr_par' dir='ltr' id='par_1_49' title="bbox 545 4738 2123 4825">
     <span class='ocr_line' id='line_1_49' title="bbox 545 4738 2123 4825; baseline 0.016 -38"><span class='ocrx_word' id='word_1_383' title='bbox 545 4746 595 4787; x_wconf 83' lang='lat' dir='ltr'><strong>te</strong></span> <span class='ocrx_word' id='word_1_384' title='bbox 623 4751 766 4803; x_wconf 73' lang='lat' dir='ltr'><strong>stupe</strong></span> <span class='ocrx_word' id='word_1_385' title='bbox 798 4752 894 4805; x_wconf 90' lang='lat' dir='ltr'><strong>pro</strong></span> <span class='ocrx_word' id='word_1_386' title='bbox 930 4738 993 4791; x_wconf 86' lang='lat' dir='ltr'><strong>iis</strong></span> <span class='ocrx_word' id='word_1_387' title='bbox 1016 4754 1149 4808; x_wconf 89' lang='lat' dir='ltr'><strong>quos</strong></span> <span class='ocrx_word' id='word_1_388' title='bbox 1200 4741 1412 4810; x_wconf 63' lang='lat' dir='ltr'><strong>laesisti;</strong></span> <span class='ocrx_word' id='word_1_389' title='bbox 1452 4747 1596 4800; x_wconf 88' lang='lat' dir='ltr'><strong>illum</strong></span> <span class='ocrx_word' id='word_1_390' title='bbox 1625 4742 1839 4807; x_wconf 83' lang='lat' dir='ltr'><strong>vidente</strong></span> <span class='ocrx_word' id='word_1_391' title='bbox 1876 4755 2123 4825; x_wconf 84' lang='lat' dir='ltr'><strong>civitate,</strong></span> 
     </span>
    </p>
   </div>
   <div class='ocr_carea' id='block_1_50' title="bbox 545 4828 2124 4918">
    <p class='ocr_par' dir='ltr' id='par_1_50' title="bbox 545 4828 2124 4918">
     <span class='ocr_line' id='line_1_50' title="bbox 545 4828 2124 4918; baseline 0.018 -41"><span class='ocrx_word' id='word_1_392' title='bbox 545 4828 653 4879; x_wconf 89' lang='lat' dir='ltr'><strong>imo</strong></span> <span class='ocrx_word' id='word_1_393' title='bbox 679 4829 874 4896; x_wconf 88' lang='lat' dir='ltr'><strong>populo</strong></span> <span class='ocrx_word' id='word_1_394' title='bbox 904 4840 1013 4884; x_wconf 91' lang='lat' dir='ltr'><strong>toto</strong></span> <span class='ocrx_word' id='word_1_395' title='bbox 1033 4831 1333 4888; x_wconf 74' lang='lat' dir='ltr'><strong>Judtnorum</strong></span> <span class='ocrx_word' id='word_1_396' title='bbox 1354 4878 1368 4901; x_wconf 93' lang='lat'><strong>,</strong></span> <span class='ocrx_word' id='word_1_397' title='bbox 1402 4842 1822 4911; x_wconf 79' lang='lat' dir='ltr'><strong>peregrinorum,</strong></span> <span class='ocrx_word' id='word_1_398' title='bbox 1850 4847 2124 4918; x_wconf 85' lang='lat' dir='ltr'><strong>indigena-</strong></span> 
     </span>
    </p>
   </div>
   <div class='ocr_carea' id='block_1_51' title="bbox 545 4918 2119 5010">
    <p class='ocr_par' dir='ltr' id='par_1_51' title="bbox 545 4918 2119 5010">
     <span class='ocr_line' id='line_1_51' title="bbox 545 4918 2119 5010; baseline 0.018 -42"><span class='ocrx_word' id='word_1_399' title='bbox 545 4932 681 4981; x_wconf 91' lang='lat' dir='ltr'><strong>rum,</strong></span> <span class='ocrx_word' id='word_1_400' title='bbox 710 4919 903 4987; x_wconf 88' lang='lat' dir='ltr'><strong>quibus</strong></span> <span class='ocrx_word' id='word_1_401' title='bbox 924 4918 1245 4991; x_wconf 78' lang='lat' dir='ltr'><strong>benignitate</strong></span> <span class='ocrx_word' id='word_1_402' title='bbox 1274 4925 1431 4995; x_wconf 84' lang='lat' dir='ltr'><strong>plena</strong></span> <span class='ocrx_word' id='word_1_403' title='bbox 1449 4932 1609 4985; x_wconf 86' lang='lat' dir='ltr'><strong>verba</strong></span> <span class='ocrx_word' id='word_1_404' title='bbox 1632 4937 1866 5002; x_wconf 87' lang='lat' dir='ltr'><strong>protulit,</strong></span> <span class='ocrx_word' id='word_1_405' title='bbox 1905 4950 1957 4994; x_wconf 91' lang='lat' dir='ltr'><strong>te</strong></span> <span class='ocrx_word' id='word_1_406' title='bbox 1996 4956 2119 5010; x_wconf 84' lang='lat' dir='ltr'><strong>pau-</strong></span> 
     </span>
    </p>
   </div>
   <div class='ocr_carea' id='block_1_52' title="bbox 542 5011 2119 5093">
    <p class='ocr_par' dir='ltr' id='par_1_52' title="bbox 542 5011 2119 5093">
     <span class='ocr_line' id='line_1_52' title="bbox 542 5011 2119 5093; baseline 0.018 -30"><span class='ocrx_word' id='word_1_407' title='bbox 542 5011 619 5065; x_wconf 86' lang='lat' dir='ltr'><strong>cis</strong></span> <span class='ocrx_word' id='word_1_408' title='bbox 669 5014 1019 5080; x_wconf 70' lang='lat' dir='ltr'><strong>prresentibus</strong></span> <span class='ocrx_word' id='word_1_409' title='bbox 1057 5033 1069 5068; x_wconf 95' lang='lat'>:</span> <span class='ocrx_word' id='word_1_410' title='bbox 1115 5025 1171 5072; x_wconf 89' lang='lat' dir='ltr'><strong>et</strong></span> <span class='ocrx_word' id='word_1_411' title='bbox 1209 5018 1349 5089; x_wconf 89' lang='lat' dir='ltr'><strong>quod</strong></span> <span class='ocrx_word' id='word_1_412' title='bbox 1398 5023 1613 5091; x_wconf 86' lang='lat' dir='ltr'><strong>majoris</strong></span> <span class='ocrx_word' id='word_1_413' title='bbox 1638 5042 1756 5083; x_wconf 89' lang='lat' dir='ltr'><strong>esse</strong></span> <span class='ocrx_word' id='word_1_414' title='bbox 1785 5036 2119 5093; x_wconf 68' lang='lat' dir='ltr'><strong>contumeliae</strong></span> 
     </span>
    </p>
   </div>
   <div class='ocr_carea' id='block_1_53' title="bbox 543 5102 2117 5198">
    <p class='ocr_par' dir='ltr' id='par_1_53' title="bbox 543 5102 2117 5198">
     <span class='ocr_line' id='line_1_53' title="bbox 543 5102 2117 5198; baseline 0.022 -49"><span class='ocrx_word' id='word_1_415' title='bbox 543 5102 770 5165; x_wconf 84' lang='lat' dir='ltr'><strong>videtur,</strong></span> <span class='ocrx_word' id='word_1_416' title='bbox 820 5104 961 5173; x_wconf 89' lang='lat' dir='ltr'><strong>quod</strong></span> <span class='ocrx_word' id='word_1_417' title='bbox 1007 5104 1293 5161; x_wconf 84' lang='lat' dir='ltr'><strong>derelictus</strong></span> <span class='ocrx_word' id='word_1_418' title='bbox 1325 5112 1393 5164; x_wconf 88' lang='lat' dir='ltr'><strong>sit</strong></span> <span class='ocrx_word' id='word_1_419' title='bbox 1434 5129 1463 5166; x_wconf 91' lang='lat' dir='ltr'><strong>a</strong></span> <span class='ocrx_word' id='word_1_420' title='bbox 1511 5115 1801 5188; x_wconf 87' lang='lat' dir='ltr'><strong>discipulis.</strong></span> <span class='ocrx_word' id='word_1_421' title='bbox 1841 5121 1974 5180; x_wconf 81' lang='lat' dir='ltr'><strong>Nam</strong></span> <span class='ocrx_word' id='word_1_422' title='bbox 2028 5129 2117 5198; x_wconf 89' lang='lat' dir='ltr'><strong>qui</strong></span> 
     </span>
    </p>
   </div>
   <div class='ocr_carea' id='block_1_54' title="bbox 541 5192 2119 5275">
    <p class='ocr_par' dir='ltr' id='par_1_54' title="bbox 541 5192 2119 5275">
     <span class='ocr_line' id='line_1_54' title="bbox 541 5192 2119 5275; baseline 0.021 -32"><span class='ocrx_word' id='word_1_423' title='bbox 541 5202 696 5245; x_wconf 79' lang='lat' dir='ltr'><strong>antea</strong></span> <span class='ocrx_word' id='word_1_424' title='bbox 724 5192 892 5261; x_wconf 84' lang='lat' dir='ltr'><strong>ipsum</strong></span> <span class='ocrx_word' id='word_1_425' title='bbox 917 5196 1180 5263; x_wconf 85' lang='lat' dir='ltr'><strong>colebant,</strong></span> <span class='ocrx_word' id='word_1_426' title='bbox 1208 5204 1541 5259; x_wconf 78' lang='lat' dir='ltr'><strong>resilierunt:</strong></span> <span class='ocrx_word' id='word_1_427' title='bbox 1575 5207 1770 5265; x_wconf 90' lang='lat' dir='ltr'><strong>inimici</strong></span> <span class='ocrx_word' id='word_1_428' title='bbox 1794 5228 1923 5269; x_wconf 88' lang='lat' dir='ltr'><strong>vero</strong></span> <span class='ocrx_word' id='word_1_429' title='bbox 1944 5226 1996 5271; x_wconf 89' lang='lat' dir='ltr'><strong>et</strong></span> <span class='ocrx_word' id='word_1_430' title='bbox 2026 5192 2119 5275; x_wconf 76' lang='lat' dir='ltr'><strong>ad-</strong></span> 
     </span>
    </p>
   </div>
   <div class='ocr_carea' id='block_1_55' title="bbox 544 5282 2117 5368">
    <p class='ocr_par' dir='ltr' id='par_1_55' title="bbox 544 5282 2117 5368">
     <span class='ocr_line' id='line_1_55' title="bbox 544 5282 2117 5368; baseline 0.022 -36"><span class='ocrx_word' id='word_1_431' title='bbox 544 5284 760 5335; x_wconf 85' lang='lat' dir='ltr'><strong>versarii</strong></span> <span class='ocrx_word' id='word_1_432' title='bbox 794 5282 845 5337; x_wconf 90' lang='lat' dir='ltr'><strong>in</strong></span> <span class='ocrx_word' id='word_1_433' title='bbox 877 5287 1052 5341; x_wconf 89' lang='lat' dir='ltr'><strong>medio</strong></span> <span class='ocrx_word' id='word_1_434' title='bbox 1083 5292 1335 5359; x_wconf 90' lang='lat' dir='ltr'><strong>positum,</strong></span> <span class='ocrx_word' id='word_1_435' title='bbox 1376 5295 1653 5364; x_wconf 88' lang='lat' dir='ltr'><strong>conviciis,</strong></span> <span class='ocrx_word' id='word_1_436' title='bbox 1689 5301 1822 5368; x_wconf 87' lang='lat' dir='ltr'><strong>risu,</strong></span> <span class='ocrx_word' id='word_1_437' title='bbox 1854 5306 2117 5365; x_wconf 82' lang='lat' dir='ltr'><strong>illusioni-</strong></span> 
     </span>
    </p>
   </div>
   <div class='ocr_carea' id='block_1_56' title="bbox 542 5374 2115 5457">
    <p class='ocr_par' dir='ltr' id='par_1_56' title="bbox 542 5374 2115 5457">
     <span class='ocr_line' id='line_1_56' title="bbox 542 5374 2115 5457; baseline 0.02 -30"><span class='ocrx_word' id='word_1_438' title='bbox 542 5375 639 5428; x_wconf 89' lang='lat' dir='ltr'><strong>bus</strong></span> <span class='ocrx_word' id='word_1_439' title='bbox 681 5374 1099 5433; x_wconf 72' lang='lat' dir='ltr'><strong>dehonesL&#39;trunt</strong></span> <span class='ocrx_word' id='word_1_440' title='bbox 1122 5422 1137 5442; x_wconf 87' lang='lat'><strong>,</strong></span> <span class='ocrx_word' id='word_1_441' title='bbox 1166 5382 1372 5453; x_wconf 73' lang='lat' dir='ltr'><strong>Judaei,</strong></span> <span class='ocrx_word' id='word_1_442' title='bbox 1401 5388 1617 5457; x_wconf 87' lang='lat' dir='ltr'><strong>milites,</strong></span> <span class='ocrx_word' id='word_1_443' title='bbox 1651 5391 1776 5449; x_wconf 90' lang='lat' dir='ltr'><strong>hinc</strong></span> <span class='ocrx_word' id='word_1_444' title='bbox 1804 5407 1859 5452; x_wconf 89' lang='lat' dir='ltr'><strong>et</strong></span> <span class='ocrx_word' id='word_1_445' title='bbox 1886 5398 2007 5456; x_wconf 90' lang='lat' dir='ltr'><strong>inde</strong></span> <span class='ocrx_word' id='word_1_446' title='bbox 2034 5403 2115 5457; x_wconf 91' lang='lat' dir='ltr'><strong>la-</strong></span> 
     </span>
    </p>
   </div>
   <div class='ocr_carea' id='block_1_57' title="bbox 542 5467 2114 5554">
    <p class='ocr_par' dir='ltr' id='par_1_57' title="bbox 542 5467 2114 5554">
     <span class='ocr_line' id='line_1_57' title="bbox 542 5467 2114 5554; baseline 0.02 -38"><span class='ocrx_word' id='word_1_447' title='bbox 542 5474 719 5519; x_wconf 86' lang='lat' dir='ltr'><strong>trones</strong></span> <span class='ocrx_word' id='word_1_448' title='bbox 750 5484 762 5517; x_wconf 87' lang='lat'><strong>:</strong></span> <span class='ocrx_word' id='word_1_449' title='bbox 794 5467 952 5521; x_wconf 90' lang='lat' dir='ltr'><strong>ambo</strong></span> <span class='ocrx_word' id='word_1_450' title='bbox 978 5473 1173 5540; x_wconf 87' lang='lat' dir='ltr'><strong>quippe</strong></span> <span class='ocrx_word' id='word_1_451' title='bbox 1208 5474 1441 5533; x_wconf 88' lang='lat' dir='ltr'><strong>latrones</strong></span> <span class='ocrx_word' id='word_1_452' title='bbox 1469 5478 1641 5549; x_wconf 86' lang='lat' dir='ltr'><strong>ipsum</strong></span> <span class='ocrx_word' id='word_1_453' title='bbox 1670 5485 1879 5554; x_wconf 87' lang='lat' dir='ltr'><strong>probris</strong></span> <span class='ocrx_word' id='word_1_454' title='bbox 1904 5499 1956 5545; x_wconf 91' lang='lat' dir='ltr'><strong>et</strong></span> <span class='ocrx_word' id='word_1_455' title='bbox 1979 5506 2114 5547; x_wconf 85' lang='lat' dir='ltr'><strong>con—</strong></span> 
     </span>
    </p>
   </div>
   <div class='ocr_carea' id='block_1_58' title="bbox 544 5559 2109 5649">
    <p class='ocr_par' dir='ltr' id='par_1_58' title="bbox 544 5559 2109 5649">
     <span class='ocr_line' id='line_1_58' title="bbox 544 5559 2109 5649; baseline 0.02 -38"><span class='ocrx_word' id='word_1_456' title='bbox 544 5559 772 5615; x_wconf 88' lang='lat' dir='ltr'><strong>tumeliis</strong></span> <span class='ocrx_word' id='word_1_457' title='bbox 794 5560 1112 5618; x_wconf 87' lang='lat' dir='ltr'><strong>al&#39;licicbaut.</strong></span> <span class='ocrx_word' id='word_1_458' title='bbox 1147 5565 1423 5633; x_wconf 85' lang='lat' dir='ltr'><strong>Quomodo</strong></span> <span class='ocrx_word' id='word_1_459' title='bbox 1446 5588 1575 5644; x_wconf 87' lang='lat' dir='ltr'><strong>ergo</strong></span> <span class='ocrx_word' id='word_1_460' title='bbox 1593 5575 1765 5633; x_wconf 87' lang='lat' dir='ltr'><strong>Lucas</strong></span> <span class='ocrx_word' id='word_1_461' title='bbox 1780 5579 1922 5649; x_wconf 83' lang='lat' dir='ltr'><strong>dicit,</strong></span> <span class='ocrx_word' id='word_1_462' title='bbox 1948 5600 2109 5641; x_wconf 90' lang='lat' dir='ltr'><strong>unum</strong></span> 
     </span>
    </p>
   </div>
   <div class='ocr_carea' id='block_1_59' title="bbox 613 5741 1978 5840">
    <p class='ocr_par' dir='ltr' id='par_1_59' title="bbox 613 5741 1978 5840">
     <span class='ocr_line' id='line_1_59' title="bbox 613 5741 1978 5840; baseline 0.029 -49"><span class='ocrx_word' id='word_1_463' title='bbox 613 5741 635 5774; x_wconf 71' lang='grc' dir='ltr'>ί</span> <span class='ocrx_word' id='word_1_464' title='bbox 664 5743 981 5813; x_wconf 72' lang='lat' dir='ltr'><strong>Alilhabent,</strong></span> <span class='ocrx_word' id='word_1_465' title='bbox 1009 5754 1055 5806; x_wconf 79' lang='lat' dir='ltr'><strong>si</strong></span> <span class='ocrx_word' id='word_1_466' title='bbox 1091 5755 1246 5811; x_wconf 77' lang='lat' dir='ltr'><strong>Filius</strong></span> <span class='ocrx_word' id='word_1_467' title='bbox 1289 5762 1374 5815; x_wconf 77' lang='lat' dir='ltr'><strong>Dei</strong></span> <span class='ocrx_word' id='word_1_468' title='bbox 1392 5779 1462 5829; x_wconf 73' lang='lat' dir='ltr'><strong>ea,</strong></span> <span class='ocrx_word' id='word_1_469' title='bbox 1494 5768 1632 5821; x_wconf 67' lang='lat' dir='ltr'><strong>sait&#39;a</strong></span> <span class='ocrx_word' id='word_1_470' title='bbox 1663 5774 1978 5840; x_wconf 70' lang='lat' dir='ltr'><strong>(anett&#39;psum.</strong></span> 
     </span>
    </p>
   </div>
   <div class='ocr_carea' id='block_1_60' title="bbox 1301 360 3103 433">
    <p class='ocr_par' dir='ltr' id='par_1_60' title="bbox 1301 360 3103 433">
     <span class='ocr_line' id='line_1_60' title="bbox 1301 360 3103 433; baseline 0.006 -15"><span class='ocrx_word' id='word_1_471' title='bbox 1301 362 1358 418; x_wconf 89' lang='lat' dir='ltr'><strong>S.</strong></span> <span class='ocrx_word' id='word_1_472' title='bbox 1398 360 1672 418; x_wconf 77' lang='lat' dir='ltr'><strong>JOANNIS</strong></span> <span class='ocrx_word' id='word_1_473' title='bbox 1708 360 2174 417; x_wconf 74' lang='lat' dir='ltr'><strong>CHRYSOSTOMI</strong></span> <span class='ocrx_word' id='word_1_474' title='bbox 2217 362 2530 421; x_wconf 68' lang='lat' dir='ltr'><strong>ARCIIIEP.</strong></span> <span class='ocrx_word' id='word_1_475' title='bbox 2571 368 3103 433; x_wconf 71' lang='lat' dir='ltr'><strong>(IONSTANTINUP.</strong></span> 
     </span>
    </p>
   </div>
   <div class='ocr_carea' id='block_1_61' title="bbox 3750 368 3855 430">
    <p class='ocr_par' dir='ltr' id='par_1_61' title="bbox 3750 368 3855 430">
     <span class='ocr_line' id='line_1_61' title="bbox 3750 368 3855 430; baseline 0.029 -3"><span class='ocrx_word' id='word_1_476' title='bbox 3750 368 3855 430; x_wconf 71' lang='grc' dir='ltr'><strong>ΤΒ</strong></span> 
     </span>
    </p>
   </div>
   <div class='ocr_carea' id='block_1_62' title="bbox 2264 485 3848 574">
    <p class='ocr_par' dir='ltr' id='par_1_62' title="bbox 2264 485 3848 574">
     <span class='ocr_line' id='line_1_62' title="bbox 2264 485 3848 574; baseline 0.018 -38"><span class='ocrx_word' id='word_1_477' title='bbox 2264 496 2346 539; x_wconf 75' lang='grc' dir='ltr'><strong>-ει</strong></span> <span class='ocrx_word' id='word_1_478' title='bbox 2401 485 2694 545; x_wconf 89' lang='lat' dir='ltr'><strong>latronibus</strong></span> <span class='ocrx_word' id='word_1_479' title='bbox 2746 492 2976 549; x_wconf 89' lang='lat' dir='ltr'><strong>alterum</strong></span> <span class='ocrx_word' id='word_1_480' title='bbox 3027 496 3331 567; x_wconf 85' lang='lat' dir='ltr'><strong>increpasse</strong></span> <span class='ocrx_word' id='word_1_481' title='bbox 3372 497 3535 573; x_wconf 78' lang='lat' dir='ltr'><strong>(Luc.</strong></span> <span class='ocrx_word' id='word_1_482' title='bbox 3582 501 3673 557; x_wconf 66' lang='lat'><strong>22.</strong></span> <span class='ocrx_word' id='word_1_483' title='bbox 3719 503 3848 574; x_wconf 79' lang='grc' dir='ltr'><strong>ω).</strong></span> 
     </span>
    </p>
   </div>
   <div class='ocr_carea' id='block_1_63' title="bbox 2280 575 3849 665">
    <p class='ocr_par' dir='ltr' id='par_1_63' title="bbox 2280 575 3849 665">
     <span class='ocr_line' id='line_1_63' title="bbox 2280 575 3849 665; baseline 0.013 -34"><span class='ocrx_word' id='word_1_484' title='bbox 2280 575 2571 650; x_wconf 87' lang='lat' dir='ltr'><strong>Utrumque</strong></span> <span class='ocrx_word' id='word_1_485' title='bbox 2591 581 2789 637; x_wconf 79' lang='lat' dir='ltr'><strong>factum</strong></span> <span class='ocrx_word' id='word_1_486' title='bbox 2812 596 2895 639; x_wconf 88' lang='lat' dir='ltr'><strong>est</strong></span> <span class='ocrx_word' id='word_1_487' title='bbox 2921 605 2933 639; x_wconf 96' lang='lat'>:</span> <span class='ocrx_word' id='word_1_488' title='bbox 2956 589 3188 658; x_wconf 89' lang='lat' dir='ltr'><strong>primum</strong></span> <span class='ocrx_word' id='word_1_489' title='bbox 3214 592 3356 646; x_wconf 92' lang='lat' dir='ltr'><strong>enim</strong></span> <span class='ocrx_word' id='word_1_490' title='bbox 3379 593 3541 649; x_wconf 87' lang='lat' dir='ltr'><strong>ambo</strong></span> <span class='ocrx_word' id='word_1_491' title='bbox 3569 596 3849 665; x_wconf 79' lang='lat' dir='ltr'><strong>exprobra-</strong></span> 
     </span>
    </p>
   </div>
   <div class='ocr_carea' id='block_1_64' title="bbox 2277 667 3860 754">
    <p class='ocr_par' dir='ltr' id='par_1_64' title="bbox 2277 667 3860 754">
     <span class='ocr_line' id='line_1_64' title="bbox 2277 667 3860 754; baseline 0.013 -33"><span class='ocrx_word' id='word_1_492' title='bbox 2277 667 2435 732; x_wconf 88' lang='lat' dir='ltr'><strong>bant,</strong></span> <span class='ocrx_word' id='word_1_493' title='bbox 2480 682 2661 740; x_wconf 88' lang='lat' dir='ltr'><strong>postea</strong></span> <span class='ocrx_word' id='word_1_494' title='bbox 2701 690 2809 729; x_wconf 91' lang='lat' dir='ltr'><strong>non</strong></span> <span class='ocrx_word' id='word_1_495' title='bbox 2858 677 3009 733; x_wconf 89' lang='lat' dir='ltr'><strong>item.</strong></span> <span class='ocrx_word' id='word_1_496' title='bbox 3041 679 3117 735; x_wconf 83' lang='lat' dir='ltr'><strong>Ne</strong></span> <span class='ocrx_word' id='word_1_497' title='bbox 3157 691 3311 751; x_wconf 87' lang='lat' dir='ltr'><strong>putes</strong></span> <span class='ocrx_word' id='word_1_498' title='bbox 3359 686 3502 738; x_wconf 92' lang='lat' dir='ltr'><strong>enim</strong></span> <span class='ocrx_word' id='word_1_499' title='bbox 3541 700 3610 740; x_wconf 77' lang='lat' dir='ltr'><strong>ex</strong></span> <span class='ocrx_word' id='word_1_500' title='bbox 3630 686 3860 754; x_wconf 77' lang='lat' dir='ltr'><strong>quodam</strong></span> 
     </span>
    </p>
   </div>
   <div class='ocr_carea' id='block_1_65' title="bbox 2276 768 3862 834">
    <p class='ocr_par' dir='ltr' id='par_1_65' title="bbox 2276 768 3862 834">
     <span class='ocr_line' id='line_1_65' title="bbox 2276 768 3862 834; baseline 0.013 -20"><span class='ocrx_word' id='word_1_501' title='bbox 2276 773 2430 830; x_wconf 89' lang='lat' dir='ltr'><strong>pacto</strong></span> <span class='ocrx_word' id='word_1_502' title='bbox 2456 779 2569 819; x_wconf 89' lang='lat' dir='ltr'><strong>rem</strong></span> <span class='ocrx_word' id='word_1_503' title='bbox 2597 775 2798 834; x_wconf 84' lang='lat' dir='ltr'><strong>gestam</strong></span> <span class='ocrx_word' id='word_1_504' title='bbox 2835 768 3022 833; x_wconf 75' lang='lat' dir='ltr'><strong>fuisse,</strong></span> <span class='ocrx_word' id='word_1_505' title='bbox 3048 782 3139 826; x_wconf 89' lang='lat' dir='ltr'><strong>aut</strong></span> <span class='ocrx_word' id='word_1_506' title='bbox 3169 772 3431 830; x_wconf 78' lang='lat' dir='ltr'><strong>latronem</strong></span> <span class='ocrx_word' id='word_1_507' title='bbox 3462 790 3568 830; x_wconf 88' lang='lat' dir='ltr'><strong>non</strong></span> <span class='ocrx_word' id='word_1_508' title='bbox 3599 777 3770 833; x_wconf 77' lang='lat' dir='ltr'><strong>fuisse</strong></span> <span class='ocrx_word' id='word_1_509' title='bbox 3792 780 3862 834; x_wconf 41' lang='lat' dir='ltr'><strong>la.</strong></span> 
     </span>
    </p>
   </div>
   <div class='ocr_carea' id='block_1_66' title="bbox 2276 859 3861 937">
    <p class='ocr_par' dir='ltr' id='par_1_66' title="bbox 2276 859 3861 937">
     <span class='ocr_line' id='line_1_66' title="bbox 2276 859 3861 937; baseline 0.013 -35"><span class='ocrx_word' id='word_1_510' title='bbox 2276 861 2505 917; x_wconf 89' lang='lat' dir='ltr'><strong>tronem,</strong></span> <span class='ocrx_word' id='word_1_511' title='bbox 2537 868 2567 907; x_wconf 92' lang='lat' dir='ltr'><strong>a</strong></span> <span class='ocrx_word' id='word_1_512' title='bbox 2593 859 2913 913; x_wconf 88' lang='lat' dir='ltr'><strong>contumelia</strong></span> <span class='ocrx_word' id='word_1_513' title='bbox 2945 860 3075 916; x_wconf 92' lang='lat' dir='ltr'><strong>illud</strong></span> <span class='ocrx_word' id='word_1_514' title='bbox 3102 861 3199 931; x_wconf 76' lang='lat' dir='ltr'><strong>tibi</strong></span> <span class='ocrx_word' id='word_1_515' title='bbox 3222 863 3461 921; x_wconf 84' lang='lat' dir='ltr'><strong>declarat</strong></span> <span class='ocrx_word' id='word_1_516' title='bbox 3487 882 3502 920; x_wconf 92' lang='lat'><strong>:</strong></span> <span class='ocrx_word' id='word_1_517' title='bbox 3548 882 3787 937; x_wconf 83' lang='lat' dir='ltr'><strong>superne</strong></span> <span class='ocrx_word' id='word_1_518' title='bbox 3813 870 3861 922; x_wconf 89' lang='lat' dir='ltr'><strong>in</strong></span> 
     </span>
    </p>
   </div>
   <div class='ocr_carea' id='block_1_67' title="bbox 2271 946 3858 1025">
    <p class='ocr_par' dir='ltr' id='par_1_67' title="bbox 2271 946 3858 1025">
     <span class='ocr_line' id='line_1_67' title="bbox 2271 946 3858 1025; baseline 0.011 -29"><span class='ocrx_word' id='word_1_519' title='bbox 2271 955 2431 999; x_wconf 88' lang='lat' dir='ltr'><strong>cruce</strong></span> <span class='ocrx_word' id='word_1_520' title='bbox 2458 946 2593 1001; x_wconf 80' lang='lat' dir='ltr'><strong>latro</strong></span> <span class='ocrx_word' id='word_1_521' title='bbox 2617 958 2733 1002; x_wconf 90' lang='lat' dir='ltr'><strong>erat</strong></span> <span class='ocrx_word' id='word_1_522' title='bbox 2759 957 2814 1005; x_wconf 90' lang='lat' dir='ltr'><strong>et</strong></span> <span class='ocrx_word' id='word_1_523' title='bbox 2843 950 3117 1019; x_wconf 86' lang='lat' dir='ltr'><strong>inimicus;</strong></span> <span class='ocrx_word' id='word_1_524' title='bbox 3140 954 3233 1009; x_wconf 86' lang='lat' dir='ltr'><strong>sed</strong></span> <span class='ocrx_word' id='word_1_525' title='bbox 3254 965 3480 1025; x_wconf 86' lang='lat' dir='ltr'><strong>repente</strong></span> <span class='ocrx_word' id='word_1_526' title='bbox 3500 967 3741 1014; x_wconf 80' lang='lat' dir='ltr'><strong>mutatas</strong></span> <span class='ocrx_word' id='word_1_527' title='bbox 3758 970 3858 1014; x_wconf 87' lang='lat' dir='ltr'><strong>est.</strong></span> 
     </span>
    </p>
   </div>
   <div class='ocr_carea' id='block_1_68' title="bbox 2277 1033 3859 1121">
    <p class='ocr_par' dir='ltr' id='par_1_68' title="bbox 2277 1033 3859 1121">
     <span class='ocr_line' id='line_1_68' title="bbox 2277 1033 3859 1121; baseline 0.015 -35"><span class='ocrx_word' id='word_1_528' title='bbox 2277 1033 2400 1089; x_wconf 67' lang='lat' dir='ltr'><strong>llaec</strong></span> <span class='ocrx_word' id='word_1_529' title='bbox 2425 1038 2585 1106; x_wconf 88' lang='lat' dir='ltr'><strong>igitur</strong></span> <span class='ocrx_word' id='word_1_530' title='bbox 2602 1042 2778 1095; x_wconf 89' lang='lat' dir='ltr'><strong>omnia</strong></span> <span class='ocrx_word' id='word_1_531' title='bbox 2806 1052 2980 1099; x_wconf 90' lang='lat' dir='ltr'><strong>tecum</strong></span> <span class='ocrx_word' id='word_1_532' title='bbox 3011 1056 3263 1116; x_wconf 86' lang='lat' dir='ltr'><strong>reputans</strong></span> <span class='ocrx_word' id='word_1_533' title='bbox 3295 1050 3698 1121; x_wconf 82' lang='lat' dir='ltr'><strong>philosophare.</strong></span> <span class='ocrx_word' id='word_1_534' title='bbox 3724 1053 3859 1121; x_wconf 77' lang='lat' dir='ltr'><strong>Quid</strong></span> 
     </span>
    </p>
   </div>
   <div class='ocr_carea' id='block_1_69' title="bbox 2256 1129 3861 1217">
    <p class='ocr_par' dir='ltr' id='par_1_69' title="bbox 2256 1129 3861 1217">
     <span class='ocr_line' id='line_1_69' title="bbox 2256 1129 3861 1217; baseline 0.014 -38"><span class='ocrx_word' id='word_1_535' title='bbox 2256 1129 2411 1181; x_wconf 73' lang='lat' dir='ltr'><strong>“cnim</strong></span> <span class='ocrx_word' id='word_1_536' title='bbox 2432 1140 2637 1187; x_wconf 85' lang='lat' dir='ltr'><strong>tantum</strong></span> <span class='ocrx_word' id='word_1_537' title='bbox 2660 1137 2874 1200; x_wconf 86' lang='lat' dir='ltr'><strong>pateris,</strong></span> <span class='ocrx_word' id='word_1_538' title='bbox 2904 1148 3158 1206; x_wconf 86' lang='lat' dir='ltr'><strong>quantum</strong></span> <span class='ocrx_word' id='word_1_539' title='bbox 3190 1140 3449 1197; x_wconf 85' lang='lat' dir='ltr'><strong>Dominus</strong></span> <span class='ocrx_word' id='word_1_540' title='bbox 3477 1144 3641 1200; x_wconf 79' lang='lat' dir='ltr'><strong>tuus?</strong></span> <span class='ocrx_word' id='word_1_541' title='bbox 3666 1160 3737 1201; x_wconf 78' lang='lat' dir='ltr'><strong>an</strong></span> <span class='ocrx_word' id='word_1_542' title='bbox 3768 1163 3861 1217; x_wconf 83' lang='lat' dir='ltr'><strong>pu—</strong></span> 
     </span>
    </p>
   </div>
   <div class='ocr_carea' id='block_1_70' title="bbox 2271 1217 3857 1293">
    <p class='ocr_par' dir='ltr' id='par_1_70' title="bbox 2271 1217 3857 1293">
     <span class='ocr_line' id='line_1_70' title="bbox 2271 1217 3857 1293; baseline 0.014 -21"><span class='ocrx_word' id='word_1_543' title='bbox 2271 1217 2410 1273; x_wconf 87' lang='lat' dir='ltr'><strong>blice</strong></span> <span class='ocrx_word' id='word_1_544' title='bbox 2438 1221 2767 1293; x_wconf 87' lang='lat' dir='ltr'><strong>vituperatus</strong></span> <span class='ocrx_word' id='word_1_545' title='bbox 2792 1230 2894 1282; x_wconf 74' lang='lat' dir='ltr'><strong>es?</strong></span> <span class='ocrx_word' id='word_1_546' title='bbox 2918 1228 3023 1283; x_wconf 87' lang='lat' dir='ltr'><strong>Sed</strong></span> <span class='ocrx_word' id='word_1_547' title='bbox 3055 1246 3159 1284; x_wconf 91' lang='lat' dir='ltr'><strong>non</strong></span> <span class='ocrx_word' id='word_1_548' title='bbox 3198 1247 3319 1287; x_wconf 90' lang='lat' dir='ltr'><strong>cum</strong></span> <span class='ocrx_word' id='word_1_549' title='bbox 3365 1237 3527 1290; x_wconf 88' lang='lat' dir='ltr'><strong>tantis</strong></span> <span class='ocrx_word' id='word_1_550' title='bbox 3569 1248 3857 1293; x_wconf 85' lang='lat' dir='ltr'><strong>contume-</strong></span> 
     </span>
    </p>
   </div>
   <div class='ocr_carea' id='block_1_71' title="bbox 2276 1308 3861 1397">
    <p class='ocr_par' dir='ltr' id='par_1_71' title="bbox 2276 1308 3861 1397">
     <span class='ocr_line' id='line_1_71' title="bbox 2276 1308 3861 1397; baseline 0.014 -35"><span class='ocrx_word' id='word_1_551' title='bbox 2276 1308 2376 1364; x_wconf 91' lang='lat' dir='ltr'><strong>liis.</strong></span> <span class='ocrx_word' id='word_1_552' title='bbox 2402 1309 2726 1370; x_wconf 81' lang='lat' dir='ltr'><strong>Verberibus</strong></span> <span class='ocrx_word' id='word_1_553' title='bbox 2753 1332 2927 1373; x_wconf 66' lang='lat' dir='ltr'><strong>eresus</strong></span> <span class='ocrx_word' id='word_1_554' title='bbox 2949 1321 3044 1373; x_wconf 78' lang='lat' dir='ltr'><strong>es?</strong></span> <span class='ocrx_word' id='word_1_555' title='bbox 3067 1321 3171 1376; x_wconf 87' lang='lat' dir='ltr'><strong>Sed</strong></span> <span class='ocrx_word' id='word_1_556' title='bbox 3202 1339 3306 1378; x_wconf 89' lang='lat' dir='ltr'><strong>non</strong></span> <span class='ocrx_word' id='word_1_557' title='bbox 3332 1334 3445 1380; x_wconf 90' lang='lat' dir='ltr'><strong>toto</strong></span> <span class='ocrx_word' id='word_1_558' title='bbox 3471 1342 3704 1397; x_wconf 89' lang='lat' dir='ltr'><strong>corpore</strong></span> <span class='ocrx_word' id='word_1_559' title='bbox 3721 1370 3736 1387; x_wconf 97' lang='lat'><strong>.</strong></span> <span class='ocrx_word' id='word_1_560' title='bbox 3761 1344 3861 1384; x_wconf 57' lang='lat' dir='ltr'><strong>ne.</strong></span> 
     </span>
    </p>
   </div>
   <div class='ocr_carea' id='block_1_72' title="bbox 2236 1402 3860 1488">
    <p class='ocr_par' dir='ltr' id='par_1_72' title="bbox 2236 1402 3860 1488">
     <span class='ocr_line' id='line_1_72' title="bbox 2236 1402 3860 1488; baseline 0.016 -37"><span class='ocrx_word' id='word_1_561' title='bbox 2236 1425 2243 1431; x_wconf 94' lang='lat'><strong><em>-</em></strong></span> <span class='ocrx_word' id='word_1_562' title='bbox 2268 1415 2372 1468; x_wconf 86' lang='lat' dir='ltr'><strong>que</strong></span> <span class='ocrx_word' id='word_1_563' title='bbox 2392 1402 2460 1456; x_wconf 87' lang='lat' dir='ltr'><strong>ita</strong></span> <span class='ocrx_word' id='word_1_564' title='bbox 2479 1403 2707 1459; x_wconf 80' lang='lat' dir='ltr'><strong>nudatus</strong></span> <span class='ocrx_word' id='word_1_565' title='bbox 2728 1416 2785 1463; x_wconf 87' lang='lat' dir='ltr'><strong>et</strong></span> <span class='ocrx_word' id='word_1_566' title='bbox 2808 1407 3122 1479; x_wconf 85' lang='lat' dir='ltr'><strong>ﬂagellatus.</strong></span> <span class='ocrx_word' id='word_1_567' title='bbox 3147 1413 3203 1468; x_wconf 92' lang='lat' dir='ltr'><strong>Si</strong></span> <span class='ocrx_word' id='word_1_568' title='bbox 3226 1426 3404 1471; x_wconf 89' lang='lat' dir='ltr'><strong>autem</strong></span> <span class='ocrx_word' id='word_1_569' title='bbox 3424 1417 3668 1488; x_wconf 81' lang='lat' dir='ltr'><strong>colaphis</strong></span> <span class='ocrx_word' id='word_1_570' title='bbox 3685 1433 3860 1476; x_wconf 59' lang='lat' dir='ltr'><strong>casus</strong></span> 
     </span>
    </p>
   </div>
   <div class='ocr_carea' id='block_1_73' title="bbox 2268 1498 2901 1557">
    <p class='ocr_par' dir='ltr' id='par_1_73' title="bbox 2268 1498 2901 1557">
     <span class='ocr_line' id='line_1_73' title="bbox 2268 1498 2901 1557; baseline 0.019 -12"><span class='ocrx_word' id='word_1_571' title='bbox 2268 1506 2346 1553; x_wconf 87' lang='lat' dir='ltr'><strong>cs,</strong></span> <span class='ocrx_word' id='word_1_572' title='bbox 2380 1503 2435 1548; x_wconf 86' lang='lat' dir='ltr'><strong>at</strong></span> <span class='ocrx_word' id='word_1_573' title='bbox 2464 1512 2568 1549; x_wconf 86' lang='lat' dir='ltr'><strong>non</strong></span> <span class='ocrx_word' id='word_1_574' title='bbox 2597 1498 2690 1553; x_wconf 92' lang='lat' dir='ltr'><strong>illo</strong></span> <span class='ocrx_word' id='word_1_575' title='bbox 2725 1502 2901 1557; x_wconf 89' lang='lat' dir='ltr'><strong>modo.</strong></span> 
     </span>
    </p>
   </div>
   <div class='ocr_carea' id='block_1_74' title="bbox 2338 1583 3857 1674">
    <p class='ocr_par' dir='ltr' id='par_1_74' title="bbox 2338 1583 3857 1674">
     <span class='ocr_line' id='line_1_74' title="bbox 2338 1583 3857 1674; baseline 0.015 -37"><span class='ocrx_word' id='word_1_576' title='bbox 2338 1583 2392 1637; x_wconf 77' lang='lat'><strong>3.</strong></span> <span class='ocrx_word' id='word_1_577' title='bbox 2416 1584 2520 1638; x_wconf 82' lang='lat' dir='ltr'><strong>=His</strong></span> <span class='ocrx_word' id='word_1_578' title='bbox 2557 1587 2696 1644; x_wconf 88' lang='lat' dir='ltr'><strong>adde</strong></span> <span class='ocrx_word' id='word_1_579' title='bbox 2738 1606 2766 1644; x_wconf 93' lang='lat' dir='ltr'><strong>a</strong></span> <span class='ocrx_word' id='word_1_580' title='bbox 2810 1592 3038 1661; x_wconf 88' lang='lat' dir='ltr'><strong>quibus,</strong></span> <span class='ocrx_word' id='word_1_581' title='bbox 3086 1610 3290 1665; x_wconf 90' lang='lat' dir='ltr'><strong>quare,</strong></span> <span class='ocrx_word' id='word_1_582' title='bbox 3319 1600 3549 1667; x_wconf 68' lang='lat' dir='ltr'><strong>quando</strong></span> <span class='ocrx_word' id='word_1_583' title='bbox 3579 1619 3593 1655; x_wconf 88' lang='lat'><strong>:</strong></span> <span class='ocrx_word' id='word_1_584' title='bbox 3631 1610 3689 1656; x_wconf 90' lang='lat' dir='ltr'><strong>et</strong></span> <span class='ocrx_word' id='word_1_585' title='bbox 3712 1605 3857 1674; x_wconf 87' lang='lat' dir='ltr'><strong>quod</strong></span> 
     </span>
    </p>
   </div>
   <div class='ocr_carea' id='block_1_75' title="bbox 2264 1674 3856 1760">
    <p class='ocr_par' dir='ltr' id='par_1_75' title="bbox 2264 1674 3856 1760">
     <span class='ocr_line' id='line_1_75' title="bbox 2264 1674 3856 1760; baseline 0.018 -38"><span class='ocrx_word' id='word_1_586' title='bbox 2264 1674 2633 1740; x_wconf 81' lang='lat' dir='ltr'><strong>gravissimum</strong></span> <span class='ocrx_word' id='word_1_587' title='bbox 2666 1688 2765 1744; x_wconf 88' lang='lat' dir='ltr'><strong>est,</strong></span> <span class='ocrx_word' id='word_1_588' title='bbox 2796 1681 2921 1736; x_wconf 91' lang='lat' dir='ltr'><strong>dum</strong></span> <span class='ocrx_word' id='word_1_589' title='bbox 2950 1683 3062 1740; x_wconf 79' lang='lat' dir='ltr'><strong>inec</strong></span> <span class='ocrx_word' id='word_1_590' title='bbox 3108 1686 3318 1754; x_wconf 81' lang='lat' dir='ltr'><strong>ﬂerent,</strong></span> <span class='ocrx_word' id='word_1_591' title='bbox 3353 1705 3514 1747; x_wconf 86' lang='lat' dir='ltr'><strong>nemo</strong></span> <span class='ocrx_word' id='word_1_592' title='bbox 3544 1694 3856 1760; x_wconf 80' lang='lat' dir='ltr'><strong>petulantes</strong></span> 
     </span>
    </p>
   </div>
   <div class='ocr_carea' id='block_1_76' title="bbox 2265 1764 3855 1853">
    <p class='ocr_par' dir='ltr' id='par_1_76' title="bbox 2265 1764 3855 1853">
     <span class='ocr_line' id='line_1_76' title="bbox 2265 1764 3855 1853; baseline 0.017 -39"><span class='ocrx_word' id='word_1_593' title='bbox 2265 1764 2520 1831; x_wconf 86' lang='lat' dir='ltr'><strong>arguebat</strong></span> <span class='ocrx_word' id='word_1_594' title='bbox 2544 1768 2631 1822; x_wconf 90' lang='lat' dir='ltr'><strong>vel</strong></span> <span class='ocrx_word' id='word_1_595' title='bbox 2658 1769 3000 1841; x_wconf 88' lang='lat' dir='ltr'><strong>increpabat;</strong></span> <span class='ocrx_word' id='word_1_596' title='bbox 3031 1788 3214 1831; x_wconf 85' lang='lat' dir='ltr'><strong>contra</strong></span> <span class='ocrx_word' id='word_1_597' title='bbox 3241 1794 3402 1845; x_wconf 88' lang='lat' dir='ltr'><strong>vero,</strong></span> <span class='ocrx_word' id='word_1_598' title='bbox 3434 1781 3756 1853; x_wconf 81' lang='lat' dir='ltr'><strong>laudabant,</strong></span> <span class='ocrx_word' id='word_1_599' title='bbox 3782 1788 3855 1841; x_wconf 81' lang='lat' dir='ltr'><strong>si-</strong></span> 
     </span>
    </p>
   </div>
   <div class='ocr_carea' id='block_1_77' title="bbox 2265 1855 3856 1944">
    <p class='ocr_par' dir='ltr' id='par_1_77' title="bbox 2265 1855 3856 1944">
     <span class='ocr_line' id='line_1_77' title="bbox 2265 1855 3856 1944; baseline 0.016 -38"><span class='ocrx_word' id='word_1_600' title='bbox 2265 1855 2377 1909; x_wconf 91' lang='lat' dir='ltr'><strong>mul</strong></span> <span class='ocrx_word' id='word_1_601' title='bbox 2424 1856 2705 1925; x_wconf 85' lang='lat' dir='ltr'><strong>ridebant,</strong></span> <span class='ocrx_word' id='word_1_602' title='bbox 2735 1862 2894 1918; x_wconf 90' lang='lat' dir='ltr'><strong>simul</strong></span> <span class='ocrx_word' id='word_1_603' title='bbox 2939 1864 3234 1923; x_wconf 87' lang='lat' dir='ltr'><strong>illudebant</strong></span> <span class='ocrx_word' id='word_1_604' title='bbox 3259 1880 3315 1925; x_wconf 90' lang='lat' dir='ltr'><strong>et</strong></span> <span class='ocrx_word' id='word_1_605' title='bbox 3342 1880 3398 1925; x_wconf 89' lang='lat' dir='ltr'><strong>ut</strong></span> <span class='ocrx_word' id='word_1_606' title='bbox 3422 1884 3766 1944; x_wconf 83' lang='lat' dir='ltr'><strong>arrogantem</strong></span> <span class='ocrx_word' id='word_1_607' title='bbox 3792 1892 3856 1931; x_wconf 87' lang='lat' dir='ltr'><strong>ac</strong></span> 
     </span>
    </p>
   </div>
   <div class='ocr_carea' id='block_1_78' title="bbox 2264 1946 3852 2036">
    <p class='ocr_par' dir='ltr' id='par_1_78' title="bbox 2264 1946 3852 2036">
     <span class='ocr_line' id='line_1_78' title="bbox 2264 1946 3852 2036; baseline 0.018 -36"><span class='ocrx_word' id='word_1_608' title='bbox 2264 1946 2599 2004; x_wconf 85' lang='lat' dir='ltr'><strong>seductorem</strong></span> <span class='ocrx_word' id='word_1_609' title='bbox 2620 1992 2634 2015; x_wconf 90' lang='lat'><strong>,</strong></span> <span class='ocrx_word' id='word_1_610' title='bbox 2657 1953 2747 2021; x_wconf 92' lang='lat' dir='ltr'><strong>qui</strong></span> <span class='ocrx_word' id='word_1_611' title='bbox 2780 1970 2883 2009; x_wconf 91' lang='lat' dir='ltr'><strong>non</strong></span> <span class='ocrx_word' id='word_1_612' title='bbox 2913 1968 3094 2025; x_wconf 84' lang='lat' dir='ltr'><strong>posset</strong></span> <span class='ocrx_word' id='word_1_613' title='bbox 3120 1961 3262 2017; x_wconf 81' lang='lat' dir='ltr'><strong>dicta</strong></span> <span class='ocrx_word' id='word_1_614' title='bbox 3292 1977 3389 2019; x_wconf 84' lang='lat' dir='ltr'><strong>sua</strong></span> <span class='ocrx_word' id='word_1_615' title='bbox 3418 1967 3674 2036; x_wconf 83' lang='lat' dir='ltr'><strong>operibus</strong></span> <span class='ocrx_word' id='word_1_616' title='bbox 3700 1985 3852 2027; x_wconf 88' lang='lat' dir='ltr'><strong>com-</strong></span> 
     </span>
    </p>
   </div>
   <div class='ocr_carea' id='block_1_79' title="bbox 2263 2036 3851 2119">
    <p class='ocr_par' dir='ltr' id='par_1_79' title="bbox 2263 2036 3851 2119">
     <span class='ocr_line' id='line_1_79' title="bbox 2263 2036 3851 2119; baseline 0.017 -30"><span class='ocrx_word' id='word_1_617' title='bbox 2263 2036 2512 2104; x_wconf 83' lang='lat' dir='ltr'><strong>probare,</strong></span> <span class='ocrx_word' id='word_1_618' title='bbox 2540 2041 2618 2096; x_wconf 91' lang='lat' dir='ltr'><strong>sic</strong></span> <span class='ocrx_word' id='word_1_619' title='bbox 2644 2044 2902 2101; x_wconf 88' lang='lat' dir='ltr'><strong>conviciis</strong></span> <span class='ocrx_word' id='word_1_620' title='bbox 2930 2048 3277 2119; x_wconf 86' lang='lat' dir='ltr'><strong>impetebant.</strong></span> <span class='ocrx_word' id='word_1_621' title='bbox 3300 2052 3395 2109; x_wconf 84' lang='lat' dir='ltr'><strong>ille</strong></span> <span class='ocrx_word' id='word_1_622' title='bbox 3418 2071 3545 2110; x_wconf 89' lang='lat' dir='ltr'><strong>vero</strong></span> <span class='ocrx_word' id='word_1_623' title='bbox 3572 2058 3642 2114; x_wconf 89' lang='lat' dir='ltr'><strong>ad</strong></span> <span class='ocrx_word' id='word_1_624' title='bbox 3671 2062 3851 2116; x_wconf 85' lang='lat' dir='ltr'><strong>omnia</strong></span> 
     </span>
    </p>
   </div>
   <div class='ocr_carea' id='block_1_80' title="bbox 2264 2130 3851 2219">
    <p class='ocr_par' dir='ltr' id='par_1_80' title="bbox 2264 2130 3851 2219">
     <span class='ocr_line' id='line_1_80' title="bbox 2264 2130 3851 2219; baseline 0.02 -40"><span class='ocrx_word' id='word_1_625' title='bbox 2264 2130 2503 2198; x_wconf 87' lang='lat' dir='ltr'><strong>tacebat,</strong></span> <span class='ocrx_word' id='word_1_626' title='bbox 2538 2149 2728 2205; x_wconf 89' lang='lat' dir='ltr'><strong>magna</strong></span> <span class='ocrx_word' id='word_1_627' title='bbox 2760 2139 2913 2194; x_wconf 88' lang='lat' dir='ltr'><strong>nobis</strong></span> <span class='ocrx_word' id='word_1_628' title='bbox 2942 2144 3178 2197; x_wconf 89' lang='lat' dir='ltr'><strong>remedia</strong></span> <span class='ocrx_word' id='word_1_629' title='bbox 3208 2160 3399 2215; x_wconf 74' lang='lat' dir='ltr'><strong>parans</strong></span> <span class='ocrx_word' id='word_1_630' title='bbox 3427 2149 3494 2203; x_wconf 89' lang='lat' dir='ltr'><strong>ad</strong></span> <span class='ocrx_word' id='word_1_631' title='bbox 3537 2152 3851 2219; x_wconf 81' lang='lat' dir='ltr'><strong>patientiam</strong></span> 
     </span>
    </p>
   </div>
   <div class='ocr_carea' id='block_1_81' title="bbox 2260 2224 3852 2315">
    <p class='ocr_par' dir='ltr' id='par_1_81' title="bbox 2260 2224 3852 2315">
     <span class='ocr_line' id='line_1_81' title="bbox 2260 2224 3852 2315; baseline 0.019 -45"><span class='ocrx_word' id='word_1_632' title='bbox 2260 2224 2638 2278; x_wconf 79' lang='lat' dir='ltr'><strong>exercendam.</strong></span> <span class='ocrx_word' id='word_1_633' title='bbox 2669 2226 2771 2282; x_wconf 89' lang='lat' dir='ltr'><strong>Sed</strong></span> <span class='ocrx_word' id='word_1_634' title='bbox 2803 2246 2901 2284; x_wconf 89' lang='lat' dir='ltr'><strong>nos</strong></span> <span class='ocrx_word' id='word_1_635' title='bbox 2932 2231 3046 2288; x_wconf 61' lang='lat' dir='ltr'><strong>haec</strong></span> <span class='ocrx_word' id='word_1_636' title='bbox 3073 2235 3383 2303; x_wconf 81' lang='lat' dir='ltr'><strong>audientes,</strong></span> <span class='ocrx_word' id='word_1_637' title='bbox 3411 2256 3478 2294; x_wconf 90' lang='lat' dir='ltr'><strong>ne</strong></span> <span class='ocrx_word' id='word_1_638' title='bbox 3504 2256 3700 2299; x_wconf 84' lang='lat' dir='ltr'><strong>servos</strong></span> <span class='ocrx_word' id='word_1_639' title='bbox 3730 2247 3852 2315; x_wconf 81' lang='lat' dir='ltr'><strong>qui-</strong></span> 
     </span>
    </p>
   </div>
   <div class='ocr_carea' id='block_1_82' title="bbox 2260 2306 3850 2406">
    <p class='ocr_par' dir='ltr' id='par_1_82' title="bbox 2260 2306 3850 2406">
     <span class='ocr_line' id='line_1_82' title="bbox 2260 2306 3850 2406; baseline 0.019 -46"><span class='ocrx_word' id='word_1_640' title='bbox 2260 2306 2380 2362; x_wconf 89' lang='lat' dir='ltr'><strong>dem</strong></span> <span class='ocrx_word' id='word_1_641' title='bbox 2427 2321 2640 2370; x_wconf 86' lang='lat' dir='ltr'><strong>nostros</strong></span> <span class='ocrx_word' id='word_1_642' title='bbox 2671 2314 2810 2375; x_wconf 79' lang='lat' dir='ltr'><strong>ferre</strong></span> <span class='ocrx_word' id='word_1_643' title='bbox 2843 2319 3123 2390; x_wconf 73' lang='lat' dir='ltr'><strong>possumus</strong></span> <span class='ocrx_word' id='word_1_644' title='bbox 3146 2367 3163 2390; x_wconf 88' lang='lat'><strong>,</strong></span> <span class='ocrx_word' id='word_1_645' title='bbox 3194 2332 3288 2383; x_wconf 88' lang='lat' dir='ltr'><strong>sed</strong></span> <span class='ocrx_word' id='word_1_646' title='bbox 3335 2331 3619 2401; x_wconf 84' lang='lat' dir='ltr'><strong>plusquam</strong></span> <span class='ocrx_word' id='word_1_647' title='bbox 3660 2306 3850 2406; x_wconf 73' lang='lat' dir='ltr'><strong>onagri</strong></span> 
     </span>
    </p>
   </div>
   <div class='ocr_carea' id='block_1_83' title="bbox 2262 2397 3851 2495">
    <p class='ocr_par' dir='ltr' id='par_1_83' title="bbox 2262 2397 3851 2495">
     <span class='ocr_line' id='line_1_83' title="bbox 2262 2397 3851 2495; baseline 0.021 -46"><span class='ocrx_word' id='word_1_648' title='bbox 2262 2397 2581 2457; x_wconf 85' lang='lat' dir='ltr'><strong>insultamus</strong></span> <span class='ocrx_word' id='word_1_649' title='bbox 2604 2445 2620 2467; x_wconf 87' lang='lat'><strong>,</strong></span> <span class='ocrx_word' id='word_1_650' title='bbox 2648 2409 2987 2467; x_wconf 87' lang='lat' dir='ltr'><strong>calcitramns</strong></span> <span class='ocrx_word' id='word_1_651' title='bbox 3008 2452 3024 2479; x_wconf 92' lang='lat'><strong>,</strong></span> <span class='ocrx_word' id='word_1_652' title='bbox 3055 2414 3195 2471; x_wconf 85' lang='lat' dir='ltr'><strong>circa</strong></span> <span class='ocrx_word' id='word_1_653' title='bbox 3225 2414 3296 2472; x_wconf 74' lang='lat' dir='ltr'><strong>‘ea</strong></span> <span class='ocrx_word' id='word_1_654' title='bbox 3470 2397 3575 2477; x_wconf 81' lang='lat' dir='ltr'><strong>nos</strong></span> <span class='ocrx_word' id='word_1_655' title='bbox 3604 2397 3851 2495; x_wconf 59' lang='lat' dir='ltr'><strong>spectant</strong></span> 
     </span>
    </p>
   </div>
   <div class='ocr_carea' id='block_1_84' title="bbox 2258 2492 3851 2585">
    <p class='ocr_par' dir='ltr' id='par_1_84' title="bbox 2258 2492 3851 2585">
     <span class='ocr_line' id='line_1_84' title="bbox 2258 2492 3851 2585; baseline 0.021 -45"><span class='ocrx_word' id='word_1_656' title='bbox 2258 2492 2505 2549; x_wconf 83' lang='lat' dir='ltr'><strong>crudeles</strong></span> <span class='ocrx_word' id='word_1_657' title='bbox 2532 2504 2585 2550; x_wconf 89' lang='lat' dir='ltr'><strong>et</strong></span> <span class='ocrx_word' id='word_1_658' title='bbox 2624 2497 2897 2556; x_wconf 87' lang='lat' dir='ltr'><strong>inhumani</strong></span> <span class='ocrx_word' id='word_1_659' title='bbox 2921 2544 2937 2566; x_wconf 88' lang='lat'><strong>,</strong></span> <span class='ocrx_word' id='word_1_660' title='bbox 2970 2519 3032 2559; x_wconf 83' lang='lat' dir='ltr'><strong>ea</strong></span> <span class='ocrx_word' id='word_1_661' title='bbox 3070 2522 3199 2562; x_wconf 87' lang='lat' dir='ltr'><strong>vero</strong></span> <span class='ocrx_word' id='word_1_662' title='bbox 3227 2525 3347 2578; x_wconf 65' lang='lat' dir='ltr'><strong>quae</strong></span> <span class='ocrx_word' id='word_1_663' title='bbox 3374 2512 3441 2565; x_wconf 87' lang='lat' dir='ltr'><strong>ad</strong></span> <span class='ocrx_word' id='word_1_664' title='bbox 3484 2492 3654 2570; x_wconf 78' lang='lat' dir='ltr'><strong>Deum</strong></span> <span class='ocrx_word' id='word_1_665' title='bbox 3685 2520 3851 2585; x_wconf 79' lang='lat' dir='ltr'><strong>perti-</strong></span> 
     </span>
    </p>
   </div>
   <div class='ocr_carea' id='block_1_85' title="bbox 2260 2590 3850 2665">
    <p class='ocr_par' dir='ltr' id='par_1_85' title="bbox 2260 2590 3850 2665">
     <span class='ocr_line' id='line_1_85' title="bbox 2260 2590 3850 2665; baseline 0.019 -31"><span class='ocrx_word' id='word_1_666' title='bbox 2260 2592 2388 2636; x_wconf 88' lang='lat' dir='ltr'><strong>nent</strong></span> <span class='ocrx_word' id='word_1_667' title='bbox 2413 2600 2517 2640; x_wconf 91' lang='lat' dir='ltr'><strong>non</strong></span> <span class='ocrx_word' id='word_1_668' title='bbox 2547 2590 2676 2644; x_wconf 89' lang='lat' dir='ltr'><strong>tanti</strong></span> <span class='ocrx_word' id='word_1_669' title='bbox 2700 2592 2971 2649; x_wconf 76' lang='lat' dir='ltr'><strong>iacientes.</strong></span> <span class='ocrx_word' id='word_1_670' title='bbox 2999 2595 3150 2651; x_wconf 87' lang='lat' dir='ltr'><strong>Circa</strong></span> <span class='ocrx_word' id='word_1_671' title='bbox 3180 2601 3382 2656; x_wconf 89' lang='lat' dir='ltr'><strong>amicos</strong></span> <span class='ocrx_word' id='word_1_672' title='bbox 3410 2605 3572 2660; x_wconf 92' lang='lat' dir='ltr'><strong>etiam</strong></span> <span class='ocrx_word' id='word_1_673' title='bbox 3600 2608 3850 2665; x_wconf 83' lang='lat' dir='ltr'><strong>similiter</strong></span> 
     </span>
    </p>
   </div>
   <div class='ocr_carea' id='block_1_86' title="bbox 2257 2672 3847 2769">
    <p class='ocr_par' dir='ltr' id='par_1_86' title="bbox 2257 2672 3847 2769">
     <span class='ocr_line' id='line_1_86' title="bbox 2257 2672 3847 2769; baseline 0.022 -47"><span class='ocrx_word' id='word_1_674' title='bbox 2257 2672 2430 2729; x_wconf 73' lang='lat' dir='ltr'><strong>aﬂ‘eeti</strong></span> <span class='ocrx_word' id='word_1_675' title='bbox 2460 2691 2682 2735; x_wconf 89' lang='lat' dir='ltr'><strong>sumus:</strong></span> <span class='ocrx_word' id='word_1_676' title='bbox 2717 2684 2759 2736; x_wconf 89' lang='lat' dir='ltr'><strong>si</strong></span> <span class='ocrx_word' id='word_1_677' title='bbox 2793 2686 2913 2753; x_wconf 89' lang='lat' dir='ltr'><strong>quis</strong></span> <span class='ocrx_word' id='word_1_678' title='bbox 2942 2702 3043 2744; x_wconf 91' lang='lat' dir='ltr'><strong>nos</strong></span> <span class='ocrx_word' id='word_1_679' title='bbox 3073 2690 3341 2760; x_wconf 79' lang='lat' dir='ltr'><strong>oﬂ’endat,</strong></span> <span class='ocrx_word' id='word_1_680' title='bbox 3373 2712 3477 2751; x_wconf 90' lang='lat' dir='ltr'><strong>non</strong></span> <span class='ocrx_word' id='word_1_681' title='bbox 3512 2697 3774 2769; x_wconf 81' lang='lat' dir='ltr'><strong>ferimus;</strong></span> <span class='ocrx_word' id='word_1_682' title='bbox 3802 2704 3847 2757; x_wconf 79' lang='lat' dir='ltr'><strong>si</strong></span> 
     </span>
    </p>
   </div>
   <div class='ocr_carea' id='block_1_87' title="bbox 2255 2768 3846 2859">
    <p class='ocr_par' dir='ltr' id='par_1_87' title="bbox 2255 2768 3846 2859">
     <span class='ocr_line' id='line_1_87' title="bbox 2255 2768 3846 2859; baseline 0.023 -45"><span class='ocrx_word' id='word_1_683' title='bbox 2255 2768 2577 2823; x_wconf 81' lang='lat' dir='ltr'><strong>contumelia</strong></span> <span class='ocrx_word' id='word_1_684' title='bbox 2605 2771 2832 2837; x_wconf 70' lang='lat' dir='ltr'><strong>abiciat,</strong></span> <span class='ocrx_word' id='word_1_685' title='bbox 2867 2777 2986 2846; x_wconf 88' lang='lat' dir='ltr'><strong>plus</strong></span> <span class='ocrx_word' id='word_1_686' title='bbox 3014 2796 3176 2851; x_wconf 90' lang='lat' dir='ltr'><strong>quam</strong></span> <span class='ocrx_word' id='word_1_687' title='bbox 3204 2783 3375 2840; x_wconf 89' lang='lat' dir='ltr'><strong>bellua</strong></span> <span class='ocrx_word' id='word_1_688' title='bbox 3404 2768 3846 2859; x_wconf 9' lang='lat' dir='ltr'><strong>qumvisrrerori-</strong></span> 
     </span>
    </p>
   </div>
   <div class='ocr_carea' id='block_1_88' title="bbox 2256 2860 3849 2956">
    <p class='ocr_par' dir='ltr' id='par_1_88' title="bbox 2256 2860 3849 2956">
     <span class='ocr_line' id='line_1_88' title="bbox 2256 2860 3849 2956; baseline 0.024 -49"><span class='ocrx_word' id='word_1_689' title='bbox 2256 2870 2407 2923; x_wconf 88' lang='lat' dir='ltr'><strong>mus,</strong></span> <span class='ocrx_word' id='word_1_690' title='bbox 2450 2860 2539 2929; x_wconf 87' lang='lat' dir='ltr'><strong>qui</strong></span> <span class='ocrx_word' id='word_1_691' title='bbox 2589 2870 2766 2921; x_wconf 90' lang='lat' dir='ltr'><strong>tamen</strong></span> <span class='ocrx_word' id='word_1_692' title='bbox 2815 2867 2943 2924; x_wconf 65' lang='lat' dir='ltr'><strong>haec</strong></span> <span class='ocrx_word' id='word_1_693' title='bbox 2974 2874 3212 2941; x_wconf 88' lang='lat' dir='ltr'><strong>quotidie</strong></span> <span class='ocrx_word' id='word_1_694' title='bbox 3252 2876 3493 2948; x_wconf 79' lang='lat' dir='ltr'><strong>legimus.</strong></span> <span class='ocrx_word' id='word_1_695' title='bbox 3540 2882 3849 2956; x_wconf 84' lang='lat' dir='ltr'><strong>Discipulos</strong></span> 
     </span>
    </p>
   </div>
   <div class='ocr_carea' id='block_1_89' title="bbox 2256 2950 3846 3038">
    <p class='ocr_par' dir='ltr' id='par_1_89' title="bbox 2256 2950 3846 3038">
     <span class='ocr_line' id='line_1_89' title="bbox 2256 2950 3846 3038; baseline 0.022 -39"><span class='ocrx_word' id='word_1_696' title='bbox 2256 2950 2522 3019; x_wconf 87' lang='lat' dir='ltr'><strong>prodidit,</strong></span> <span class='ocrx_word' id='word_1_697' title='bbox 2551 2956 2740 3027; x_wconf 86' lang='lat' dir='ltr'><strong>reliqui</strong></span> <span class='ocrx_word' id='word_1_698' title='bbox 2771 2960 2859 3015; x_wconf 93' lang='lat' dir='ltr'><strong>illo</strong></span> <span class='ocrx_word' id='word_1_699' title='bbox 2889 2964 3080 3020; x_wconf 90' lang='lat' dir='ltr'><strong>relicto</strong></span> <span class='ocrx_word' id='word_1_700' title='bbox 3110 2967 3359 3038; x_wconf 74' lang='lat' dir='ltr'><strong>fugerunt</strong></span> <span class='ocrx_word' id='word_1_701' title='bbox 3385 2990 3398 3026; x_wconf 90' lang='lat'><strong>:</strong></span> <span class='ocrx_word' id='word_1_702' title='bbox 3445 2973 3535 3029; x_wconf 89' lang='lat' dir='ltr'><strong>alii</strong></span> <span class='ocrx_word' id='word_1_703' title='bbox 3566 2950 3846 3036; x_wconf 71' lang='lat' dir='ltr'><strong>beneﬁciis</strong></span> 
     </span>
    </p>
   </div>
   <div class='ocr_carea' id='block_1_90' title="bbox 2254 3040 3843 3140">
    <p class='ocr_par' dir='ltr' id='par_1_90' title="bbox 2254 3040 3843 3140">
     <span class='ocr_line' id='line_1_90' title="bbox 2254 3040 3843 3140; baseline 0.024 -49"><span class='ocrx_word' id='word_1_704' title='bbox 2254 3040 2428 3097; x_wconf 86' lang='lat' dir='ltr'><strong>all&#39;ecti</strong></span> <span class='ocrx_word' id='word_1_705' title='bbox 2456 3061 2854 3120; x_wconf 77' lang='lat' dir='ltr'><strong>conSpuerunt;</strong></span> <span class='ocrx_word' id='word_1_706' title='bbox 2896 3069 3086 3113; x_wconf 87' lang='lat' dir='ltr'><strong>servus</strong></span> <span class='ocrx_word' id='word_1_707' title='bbox 3114 3064 3315 3117; x_wconf 83' lang='lat' dir='ltr'><strong>summi</strong></span> <span class='ocrx_word' id='word_1_708' title='bbox 3341 3067 3605 3133; x_wconf 74' lang='lat' dir='ltr'><strong>pontiﬁcis</strong></span> <span class='ocrx_word' id='word_1_709' title='bbox 3630 3071 3843 3140; x_wconf 77' lang='lat' dir='ltr'><strong>alapam</strong></span> 
     </span>
    </p>
   </div>
   <div class='ocr_carea' id='block_1_91' title="bbox 2253 3132 3839 3229">
    <p class='ocr_par' dir='ltr' id='par_1_91' title="bbox 2253 3132 3839 3229">
     <span class='ocr_line' id='line_1_91' title="bbox 2253 3132 3839 3229; baseline 0.023 -45"><span class='ocrx_word' id='word_1_710' title='bbox 2253 3132 2402 3189; x_wconf 90' lang='lat' dir='ltr'><strong>dedit</strong></span> <span class='ocrx_word' id='word_1_711' title='bbox 2426 3154 2439 3201; x_wconf 91' lang='lat'><strong>;</strong></span> <span class='ocrx_word' id='word_1_712' title='bbox 2469 3140 2669 3196; x_wconf 77' lang='lat' dir='ltr'><strong>milites</strong></span> <span class='ocrx_word' id='word_1_713' title='bbox 2693 3144 2934 3215; x_wconf 89' lang='lat' dir='ltr'><strong>colaphis</strong></span> <span class='ocrx_word' id='word_1_714' title='bbox 2962 3151 3306 3221; x_wconf 83' lang='lat' dir='ltr'><strong>ceciderunt;</strong></span> <span class='ocrx_word' id='word_1_715' title='bbox 3336 3157 3427 3229; x_wconf 90' lang='lat' dir='ltr'><strong>qui</strong></span> <span class='ocrx_word' id='word_1_716' title='bbox 3458 3132 3839 3228; x_wconf 66' lang='lat' dir='ltr'><strong>praeteribant.</strong></span> 
     </span>
    </p>
   </div>
   <div class='ocr_carea' id='block_1_92' title="bbox 2253 3222 3840 3313">
    <p class='ocr_par' dir='ltr' id='par_1_92' title="bbox 2253 3222 3840 3313">
     <span class='ocr_line' id='line_1_92' title="bbox 2253 3222 3840 3313; baseline 0.023 -36"><span class='ocrx_word' id='word_1_717' title='bbox 2253 3222 2547 3284; x_wconf 85' lang='lat' dir='ltr'><strong>illudebant</strong></span> <span class='ocrx_word' id='word_1_718' title='bbox 2572 3242 2626 3287; x_wconf 90' lang='lat' dir='ltr'><strong>et</strong></span> <span class='ocrx_word' id='word_1_719' title='bbox 2650 3236 3086 3297; x_wconf 85' lang='lat' dir='ltr'><strong>conviciahantnr</strong></span> <span class='ocrx_word' id='word_1_720' title='bbox 3113 3244 3201 3309; x_wconf 85' lang='lat' dir='ltr'><strong>ei;</strong></span> <span class='ocrx_word' id='word_1_721' title='bbox 3231 3222 3470 3305; x_wconf 72' lang='lat' dir='ltr'><strong>latrones</strong></span> <span class='ocrx_word' id='word_1_722' title='bbox 3484 3251 3840 3313; x_wconf 84' lang='lat' dir='ltr'><strong>incusabant:</strong></span> 
     </span>
    </p>
   </div>
   <div class='ocr_carea' id='block_1_93' title="bbox 2252 3317 3837 3423">
    <p class='ocr_par' dir='ltr' id='par_1_93' title="bbox 2252 3317 3837 3423">
     <span class='ocr_line' id='line_1_93' title="bbox 2252 3317 3837 3423; baseline 0.022 -54"><span class='ocrx_word' id='word_1_723' title='bbox 2252 3324 2307 3418; x_wconf 77' lang='lat' dir='ltr'><strong>et</strong></span> <span class='ocrx_word' id='word_1_724' title='bbox 2330 3317 2586 3376; x_wconf 82' lang='lat' dir='ltr'><strong>adversus</strong></span> <span class='ocrx_word' id='word_1_725' title='bbox 2612 3322 2727 3381; x_wconf 63' lang='lat' dir='ltr'><strong>hare</strong></span> <span class='ocrx_word' id='word_1_726' title='bbox 2751 3344 2819 3383; x_wconf 91' lang='lat' dir='ltr'><strong>ne</strong></span> <span class='ocrx_word' id='word_1_727' title='bbox 2845 3333 3063 3388; x_wconf 88' lang='lat' dir='ltr'><strong>verbum</strong></span> <span class='ocrx_word' id='word_1_728' title='bbox 3094 3337 3309 3405; x_wconf 87' lang='lat' dir='ltr'><strong>quidem</strong></span> <span class='ocrx_word' id='word_1_729' title='bbox 3340 3340 3429 3397; x_wconf 89' lang='lat' dir='ltr'><strong>ille</strong></span> <span class='ocrx_word' id='word_1_730' title='bbox 3455 3346 3682 3423; x_wconf 80' lang='lat' dir='ltr'><strong>protulit</strong></span> <span class='ocrx_word' id='word_1_731' title='bbox 3699 3390 3714 3411; x_wconf 92' lang='lat'><strong>,</strong></span> <span class='ocrx_word' id='word_1_732' title='bbox 3741 3351 3837 3404; x_wconf 83' lang='lat' dir='ltr'><strong>sed</strong></span> 
     </span>
    </p>
   </div>
   <div class='ocr_carea' id='block_1_94' title="bbox 2251 3406 3840 3507">
    <p class='ocr_par' dir='ltr' id='par_1_94' title="bbox 2251 3406 3840 3507">
     <span class='ocr_line' id='line_1_94' title="bbox 2251 3406 3840 3507; baseline 0.02 -48"><span class='ocrx_word' id='word_1_733' title='bbox 2251 3406 2463 3463; x_wconf 86' lang='lat' dir='ltr'><strong>silentio</strong></span> <span class='ocrx_word' id='word_1_734' title='bbox 2501 3426 2691 3472; x_wconf 86' lang='lat' dir='ltr'><strong>omnes</strong></span> <span class='ocrx_word' id='word_1_735' title='bbox 2734 3420 2891 3487; x_wconf 89' lang='lat' dir='ltr'><strong>vicit,</strong></span> <span class='ocrx_word' id='word_1_736' title='bbox 2942 3432 2999 3478; x_wconf 90' lang='lat' dir='ltr'><strong>ut</strong></span> <span class='ocrx_word' id='word_1_737' title='bbox 3028 3434 3080 3481; x_wconf 86' lang='lat' dir='ltr'><strong>te</strong></span> <span class='ocrx_word' id='word_1_738' title='bbox 3126 3429 3376 3497; x_wconf 76' lang='lat' dir='ltr'><strong>operibus</strong></span> <span class='ocrx_word' id='word_1_739' title='bbox 3407 3406 3755 3507; x_wconf 71' lang='lat' dir='ltr'><strong>institueret,</strong></span> <span class='ocrx_word' id='word_1_740' title='bbox 3789 3454 3840 3496; x_wconf 70' lang='lat' dir='ltr'><strong>to.</strong></span> 
     </span>
    </p>
   </div>
   <div class='ocr_carea' id='block_1_95' title="bbox 2250 3503 3838 3585">
    <p class='ocr_par' dir='ltr' id='par_1_95' title="bbox 2250 3503 3838 3585">
     <span class='ocr_line' id='line_1_95' title="bbox 2250 3503 3838 3585; baseline 0.026 -44"><span class='ocrx_word' id='word_1_741' title='bbox 2250 3503 2448 3558; x_wconf 88' lang='lat' dir='ltr'><strong>quanto</strong></span> <span class='ocrx_word' id='word_1_742' title='bbox 2478 3503 2807 3556; x_wconf 81' lang='lat' dir='ltr'><strong>mansuetius</strong></span> <span class='ocrx_word' id='word_1_743' title='bbox 2835 3505 2973 3562; x_wconf 83' lang='lat' dir='ltr'><strong>feres</strong></span> <span class='ocrx_word' id='word_1_744' title='bbox 2991 3551 3006 3574; x_wconf 90' lang='lat'><strong>,</strong></span> <span class='ocrx_word' id='word_1_745' title='bbox 3039 3519 3185 3565; x_wconf 90' lang='lat' dir='ltr'><strong>tanto</strong></span> <span class='ocrx_word' id='word_1_746' title='bbox 3212 3516 3380 3585; x_wconf 88' lang='lat' dir='ltr'><strong>magis</strong></span> <span class='ocrx_word' id='word_1_747' title='bbox 3408 3520 3546 3573; x_wconf 83' lang='lat' dir='ltr'><strong>male</strong></span> <span class='ocrx_word' id='word_1_748' title='bbox 3574 3503 3838 3582; x_wconf 77' lang='lat' dir='ltr'><strong>facientes</strong></span> 
     </span>
    </p>
   </div>
   <div class='ocr_carea' id='block_1_96' title="bbox 2250 3594 3841 3687">
    <p class='ocr_par' dir='ltr' id='par_1_96' title="bbox 2250 3594 3841 3687">
     <span class='ocr_line' id='line_1_96' title="bbox 2250 3594 3841 3687; baseline 0.023 -54"><span class='ocrx_word' id='word_1_749' title='bbox 2250 3594 2647 3651; x_wconf 85' lang='lat' dir='ltr'><strong>superaturum,</strong></span> <span class='ocrx_word' id='word_1_750' title='bbox 2677 3596 3030 3668; x_wconf 85' lang='lat' dir='ltr'><strong>omnibusque</strong></span> <span class='ocrx_word' id='word_1_751' title='bbox 3056 3600 3392 3666; x_wconf 84' lang='lat' dir='ltr'><strong>admirationi</strong></span> <span class='ocrx_word' id='word_1_752' title='bbox 3422 3607 3683 3687; x_wconf 76' lang='lat' dir='ltr'><strong>futurum.</strong></span> <span class='ocrx_word' id='word_1_753' title='bbox 3708 3616 3841 3685; x_wconf 80' lang='lat' dir='ltr'><strong>Quis</strong></span> 
     </span>
    </p>
   </div>
   <div class='ocr_carea' id='block_1_97' title="bbox 2248 3673 3839 3771">
    <p class='ocr_par' dir='ltr' id='par_1_97' title="bbox 2248 3673 3839 3771">
     <span class='ocr_line' id='line_1_97' title="bbox 2248 3673 3839 3771; baseline 0.026 -49"><span class='ocrx_word' id='word_1_754' title='bbox 2248 3673 2389 3726; x_wconf 91' lang='lat' dir='ltr'><strong>enim</strong></span> <span class='ocrx_word' id='word_1_755' title='bbox 2417 3691 2520 3729; x_wconf 89' lang='lat' dir='ltr'><strong>non</strong></span> <span class='ocrx_word' id='word_1_756' title='bbox 2544 3682 2768 3747; x_wconf 87' lang='lat' dir='ltr'><strong>miretur</strong></span> <span class='ocrx_word' id='word_1_757' title='bbox 2782 3700 2903 3741; x_wconf 90' lang='lat' dir='ltr'><strong>eum</strong></span> <span class='ocrx_word' id='word_1_758' title='bbox 2922 3691 3013 3757; x_wconf 73' lang='lat' dir='ltr'><strong>qui</strong></span> <span class='ocrx_word' id='word_1_759' title='bbox 3031 3695 3379 3752; x_wconf 83' lang='lat' dir='ltr'><strong>contumelias</strong></span> <span class='ocrx_word' id='word_1_760' title='bbox 3405 3674 3508 3755; x_wconf 75' lang='lat' dir='ltr'><strong>fert</strong></span> <span class='ocrx_word' id='word_1_761' title='bbox 3526 3673 3801 3771; x_wconf 38' lang='lat' dir='ltr'><strong>patienter</strong></span> <span class='ocrx_word' id='word_1_762' title='bbox 3814 3710 3839 3762; x_wconf 72' lang='grc' dir='ltr'><strong><em>τ</em></strong></span> 
     </span>
    </p>
   </div>
   <div class='ocr_carea' id='block_1_98' title="bbox 2246 3760 3842 3862">
    <p class='ocr_par' dir='ltr' id='par_1_98' title="bbox 2246 3760 3842 3862">
     <span class='ocr_line' id='line_1_98' title="bbox 2246 3760 3842 3862; baseline 0.026 -49"><span class='ocrx_word' id='word_1_763' title='bbox 2246 3760 2710 3828; x_wconf 87' lang='lat' dir='ltr'><strong>Quemadmodum</strong></span> <span class='ocrx_word' id='word_1_764' title='bbox 2737 3776 2878 3830; x_wconf 86' lang='lat' dir='ltr'><strong>enim</strong></span> <span class='ocrx_word' id='word_1_765' title='bbox 2906 3778 3103 3850; x_wconf 84' lang='lat' dir='ltr'><strong>siqnis</strong></span> <span class='ocrx_word' id='word_1_766' title='bbox 3129 3786 3293 3840; x_wconf 86' lang='lat' dir='ltr'><strong>etiam</strong></span> <span class='ocrx_word' id='word_1_767' title='bbox 3314 3788 3458 3857; x_wconf 84' lang='lat' dir='ltr'><strong>juste</strong></span> <span class='ocrx_word' id='word_1_768' title='bbox 3483 3760 3763 3862; x_wconf 65' lang='lat' dir='ltr'><strong>patiatur,</strong></span> <span class='ocrx_word' id='word_1_769' title='bbox 3775 3760 3842 3855; x_wconf 66' lang='lat' dir='ltr'><strong>et</strong></span> 
     </span>
    </p>
   </div>
   <div class='ocr_carea' id='block_1_99' title="bbox 2248 3855 3837 3958">
    <p class='ocr_par' dir='ltr' id='par_1_99' title="bbox 2248 3855 3837 3958">
     <span class='ocr_line' id='line_1_99' title="bbox 2248 3855 3837 3958; baseline 0.025 -53"><span class='ocrx_word' id='word_1_770' title='bbox 2248 3855 2444 3911; x_wconf 89' lang='lat' dir='ltr'><strong>malum</strong></span> <span class='ocrx_word' id='word_1_771' title='bbox 2469 3873 2748 3920; x_wconf 88' lang='lat' dir='ltr'><strong>mansuete</strong></span> <span class='ocrx_word' id='word_1_772' title='bbox 2774 3866 2930 3937; x_wconf 77' lang='lat' dir='ltr'><strong>ferat,</strong></span> <span class='ocrx_word' id='word_1_773' title='bbox 2954 3886 2983 3924; x_wconf 89' lang='lat' dir='ltr'><strong>a</strong></span> <span class='ocrx_word' id='word_1_774' title='bbox 3005 3875 3189 3930; x_wconf 88' lang='lat' dir='ltr'><strong>multis</strong></span> <span class='ocrx_word' id='word_1_775' title='bbox 3215 3855 3435 3946; x_wconf 73' lang='lat' dir='ltr'><strong>putatur</strong></span> <span class='ocrx_word' id='word_1_776' title='bbox 3461 3855 3660 3952; x_wconf 79' lang='lat' dir='ltr'><strong>injuste</strong></span> <span class='ocrx_word' id='word_1_777' title='bbox 3686 3855 3796 3958; x_wconf 75' lang='lat' dir='ltr'><strong>pati</strong></span> <span class='ocrx_word' id='word_1_778' title='bbox 3820 3909 3837 3944; x_wconf 92' lang='lat'><strong>:</strong></span> 
     </span>
    </p>
   </div>
   <div class='ocr_carea' id='block_1_100' title="bbox 2246 3944 3839 4045">
    <p class='ocr_par' dir='ltr' id='par_1_100' title="bbox 2246 3944 3839 4045">
     <span class='ocr_line' id='line_1_100' title="bbox 2246 3944 3839 4045; baseline 0.025 -48"><span class='ocrx_word' id='word_1_779' title='bbox 2246 3944 2317 3998; x_wconf 92' lang='lat' dir='ltr'><strong>ita</strong></span> <span class='ocrx_word' id='word_1_780' title='bbox 2346 3948 2391 4001; x_wconf 91' lang='lat' dir='ltr'><strong>si</strong></span> <span class='ocrx_word' id='word_1_781' title='bbox 2420 3949 2617 4020; x_wconf 79' lang='lat' dir='ltr'><strong>injuste</strong></span> <span class='ocrx_word' id='word_1_782' title='bbox 2643 3957 2872 4023; x_wconf 86' lang='lat' dir='ltr'><strong>patiatur</strong></span> <span class='ocrx_word' id='word_1_783' title='bbox 2895 3969 2949 4016; x_wconf 89' lang='lat' dir='ltr'><strong>et</strong></span> <span class='ocrx_word' id='word_1_784' title='bbox 2977 3944 3235 4031; x_wconf 66' lang='lat' dir='ltr'><strong>ferociat,</strong></span> <span class='ocrx_word' id='word_1_785' title='bbox 3262 3982 3322 4025; x_wconf 87' lang='lat' dir='ltr'><strong>se</strong></span> <span class='ocrx_word' id='word_1_786' title='bbox 3345 3970 3487 4039; x_wconf 72' lang='lat' dir='ltr'><strong>justo</strong></span> <span class='ocrx_word' id='word_1_787' title='bbox 3511 3944 3623 4045; x_wconf 73' lang='lat' dir='ltr'><strong>pati</strong></span> <span class='ocrx_word' id='word_1_788' title='bbox 3652 3944 3707 4033; x_wconf 74' lang='lat' dir='ltr'><strong>in</strong></span> <span class='ocrx_word' id='word_1_789' title='bbox 3745 3997 3839 4036; x_wconf 86' lang='lat' dir='ltr'><strong>su-</strong></span> 
     </span>
    </p>
   </div>
   <div class='ocr_carea' id='block_1_101' title="bbox 2243 4036 3836 4132">
    <p class='ocr_par' dir='ltr' id='par_1_101' title="bbox 2243 4036 3836 4132">
     <span class='ocr_line' id='line_1_101' title="bbox 2243 4036 3836 4132; baseline 0.026 -45"><span class='ocrx_word' id='word_1_790' title='bbox 2243 4036 2535 4102; x_wconf 78' lang='lat' dir='ltr'><strong>Spicionem</strong></span> <span class='ocrx_word' id='word_1_791' title='bbox 2567 4044 2764 4112; x_wconf 89' lang='lat' dir='ltr'><strong>veniet,</strong></span> <span class='ocrx_word' id='word_1_792' title='bbox 2792 4058 2845 4102; x_wconf 88' lang='lat' dir='ltr'><strong>ct</strong></span> <span class='ocrx_word' id='word_1_793' title='bbox 2875 4050 3127 4108; x_wconf 86' lang='lat' dir='ltr'><strong>ridiculus</strong></span> <span class='ocrx_word' id='word_1_794' title='bbox 3153 4058 3277 4122; x_wconf 87' lang='lat' dir='ltr'><strong>erit,</strong></span> <span class='ocrx_word' id='word_1_795' title='bbox 3297 4036 3360 4114; x_wconf 79' lang='lat' dir='ltr'><strong>ut</strong></span> <span class='ocrx_word' id='word_1_796' title='bbox 3381 4036 3627 4132; x_wconf 47' lang='lat' dir='ltr'><strong>capti-vus</strong></span> <span class='ocrx_word' id='word_1_797' title='bbox 3653 4071 3726 4126; x_wconf 81' lang='lat' dir='ltr'><strong>ab</strong></span> <span class='ocrx_word' id='word_1_798' title='bbox 3755 4074 3836 4129; x_wconf 77' lang='lat' dir='ltr'><strong>ira</strong></span> 
     </span>
    </p>
   </div>
   <div class='ocr_carea' id='block_1_102' title="bbox 2246 4133 3839 4233">
    <p class='ocr_par' dir='ltr' id='par_1_102' title="bbox 2246 4133 3839 4233">
     <span class='ocr_line' id='line_1_102' title="bbox 2246 4133 3839 4233; baseline 0.026 -57"><span class='ocrx_word' id='word_1_799' title='bbox 2246 4133 2567 4193; x_wconf 87' lang='lat' dir='ltr'><strong>pertractus.</strong></span> <span class='ocrx_word' id='word_1_800' title='bbox 2596 4134 2684 4202; x_wconf 90' lang='lat' dir='ltr'><strong>qui</strong></span> <span class='ocrx_word' id='word_1_801' title='bbox 2709 4137 3040 4196; x_wconf 82' lang='lat' dir='ltr'><strong>nobilitatem</strong></span> <span class='ocrx_word' id='word_1_802' title='bbox 3063 4156 3215 4199; x_wconf 86' lang='lat' dir='ltr'><strong>suam</strong></span> <span class='ocrx_word' id='word_1_803' title='bbox 3239 4150 3489 4217; x_wconf 87' lang='lat' dir='ltr'><strong>perdidit.</strong></span> <span class='ocrx_word' id='word_1_804' title='bbox 3512 4154 3659 4211; x_wconf 78' lang='lat' dir='ltr'><strong>Talis</strong></span> <span class='ocrx_word' id='word_1_805' title='bbox 3677 4163 3839 4233; x_wconf 85' lang='lat' dir='ltr'><strong>quip-</strong></span> 
     </span>
    </p>
   </div>
   <div class='ocr_carea' id='block_1_103' title="bbox 2244 4216 3837 4311">
    <p class='ocr_par' dir='ltr' id='par_1_103' title="bbox 2244 4216 3837 4311">
     <span class='ocr_line' id='line_1_103' title="bbox 2244 4216 3837 4311; baseline 0.025 -43"><span class='ocrx_word' id='word_1_806' title='bbox 2244 4229 2308 4281; x_wconf 85' lang='lat' dir='ltr'><strong>pe</strong></span> <span class='ocrx_word' id='word_1_807' title='bbox 2330 4216 2493 4311; x_wconf 77' lang='lat' dir='ltr'><strong>homo</strong></span> <span class='ocrx_word' id='word_1_808' title='bbox 2518 4237 2615 4278; x_wconf 89' lang='lat' dir='ltr'><strong>nec</strong></span> <span class='ocrx_word' id='word_1_809' title='bbox 2642 4225 2779 4282; x_wconf 91' lang='lat' dir='ltr'><strong>liber</strong></span> <span class='ocrx_word' id='word_1_810' title='bbox 2796 4231 3013 4300; x_wconf 89' lang='lat' dir='ltr'><strong>quidem</strong></span> <span class='ocrx_word' id='word_1_811' title='bbox 3032 4216 3301 4293; x_wconf 85' lang='lat' dir='ltr'><strong>vocandus</strong></span> <span class='ocrx_word' id='word_1_812' title='bbox 3320 4252 3422 4309; x_wconf 83' lang='lat' dir='ltr'><strong>est,</strong></span> <span class='ocrx_word' id='word_1_813' title='bbox 3448 4246 3658 4303; x_wconf 86' lang='lat' dir='ltr'><strong>etiamsi</strong></span> <span class='ocrx_word' id='word_1_814' title='bbox 3683 4216 3837 4311; x_wconf 68' lang='lat' dir='ltr'><strong>milia</strong></span> 
     </span>
    </p>
   </div>
   <div class='ocr_carea' id='block_1_104' title="bbox 2240 4307 3836 4399">
    <p class='ocr_par' dir='ltr' id='par_1_104' title="bbox 2240 4307 3836 4399">
     <span class='ocr_line' id='line_1_104' title="bbox 2240 4307 3836 4399; baseline 0.028 -43"><span class='ocrx_word' id='word_1_815' title='bbox 2240 4307 2409 4361; x_wconf 86' lang='lat' dir='ltr'><strong>servis</strong></span> <span class='ocrx_word' id='word_1_816' title='bbox 2454 4309 2780 4371; x_wconf 77' lang='lat' dir='ltr'><strong>dominetur.</strong></span> <span class='ocrx_word' id='word_1_817' title='bbox 2834 4323 2902 4375; x_wconf 77' lang='lat' dir='ltr'><strong>At</strong></span> <span class='ocrx_word' id='word_1_818' title='bbox 2947 4332 2999 4377; x_wconf 81' lang='lat' dir='ltr'><strong>te</strong></span> <span class='ocrx_word' id='word_1_819' title='bbox 3028 4325 3313 4383; x_wconf 87' lang='lat' dir='ltr'><strong>admodum</strong></span> <span class='ocrx_word' id='word_1_820' title='bbox 3346 4307 3436 4388; x_wconf 69' lang='lat' dir='ltr'><strong>me</strong></span> <span class='ocrx_word' id='word_1_821' title='bbox 3465 4336 3731 4397; x_wconf 71' lang='lat' dir='ltr'><strong>irritavit?</strong></span> <span class='ocrx_word' id='word_1_822' title='bbox 3760 4307 3836 4399; x_wconf 69' lang='lat' dir='ltr'><strong>Ei</strong></span> 
     </span>
    </p>
   </div>
   <div class='ocr_carea' id='block_1_105' title="bbox 2240 4397 3829 4500">
    <p class='ocr_par' dir='ltr' id='par_1_105' title="bbox 2240 4397 3829 4500">
     <span class='ocr_line' id='line_1_105' title="bbox 2240 4397 3829 4500; baseline 0.029 -54"><span class='ocrx_word' id='word_1_823' title='bbox 2240 4397 2361 4463; x_wconf 88' lang='lat' dir='ltr'><strong>quid</strong></span> <span class='ocrx_word' id='word_1_824' title='bbox 2390 4398 2530 4455; x_wconf 75' lang='lat' dir='ltr'><strong>hoc?</strong></span> <span class='ocrx_word' id='word_1_825' title='bbox 2555 4403 2704 4461; x_wconf 86' lang='lat' dir='ltr'><strong>Tunc</strong></span> <span class='ocrx_word' id='word_1_826' title='bbox 2724 4409 2865 4465; x_wconf 90' lang='lat' dir='ltr'><strong>enim</strong></span> <span class='ocrx_word' id='word_1_827' title='bbox 2895 4413 3284 4486; x_wconf 80' lang='lat' dir='ltr'><strong>philosophiam</strong></span> <span class='ocrx_word' id='word_1_828' title='bbox 3309 4425 3564 4484; x_wconf 78' lang='lat' dir='ltr'><strong>exhibere</strong></span> <span class='ocrx_word' id='word_1_829' title='bbox 3586 4446 3689 4500; x_wconf 86' lang='lat' dir='ltr'><strong>par</strong></span> <span class='ocrx_word' id='word_1_830' title='bbox 3705 4397 3829 4491; x_wconf 59' lang='lat' dir='ltr'><strong>est</strong></span> 
     </span>
    </p>
   </div>
   <div class='ocr_carea' id='block_1_106' title="bbox 2239 4496 3829 4587">
    <p class='ocr_par' dir='ltr' id='par_1_106' title="bbox 2239 4496 3829 4587">
     <span class='ocr_line' id='line_1_106' title="bbox 2239 4496 3829 4587; baseline 0.029 -45"><span class='ocrx_word' id='word_1_831' title='bbox 2239 4503 2357 4545; x_wconf 90' lang='lat' dir='ltr'><strong>cum</strong></span> <span class='ocrx_word' id='word_1_832' title='bbox 2386 4496 2529 4549; x_wconf 87' lang='lat' dir='ltr'><strong>enim</strong></span> <span class='ocrx_word' id='word_1_833' title='bbox 2557 4506 2792 4558; x_wconf 85' lang='lat' dir='ltr'><strong>concitat</strong></span> <span class='ocrx_word' id='word_1_834' title='bbox 2822 4522 2981 4562; x_wconf 89' lang='lat' dir='ltr'><strong>nemo</strong></span> <span class='ocrx_word' id='word_1_835' title='bbox 3004 4552 3019 4577; x_wconf 93' lang='lat'><strong>,</strong></span> <span class='ocrx_word' id='word_1_836' title='bbox 3053 4511 3195 4581; x_wconf 88' lang='lat' dir='ltr'><strong>ipsas</strong></span> <span class='ocrx_word' id='word_1_837' title='bbox 3226 4516 3364 4573; x_wconf 80' lang='lat' dir='ltr'><strong>feras</strong></span> <span class='ocrx_word' id='word_1_838' title='bbox 3405 4496 3716 4584; x_wconf 74' lang='lat' dir='ltr'><strong>mansuetas</strong></span> <span class='ocrx_word' id='word_1_839' title='bbox 3740 4532 3829 4587; x_wconf 77' lang='lat' dir='ltr'><strong>vi-</strong></span> 
     </span>
    </p>
   </div>
   <div class='ocr_carea' id='block_1_107' title="bbox 2234 4578 3829 4690">
    <p class='ocr_par' dir='ltr' id='par_1_107' title="bbox 2234 4578 3829 4690">
     <span class='ocr_line' id='line_1_107' title="bbox 2234 4578 3829 4690; baseline 0.029 -59"><span class='ocrx_word' id='word_1_840' title='bbox 2234 4578 2424 4690; x_wconf 72' lang='lat' dir='ltr'><strong>demus</strong></span> <span class='ocrx_word' id='word_1_841' title='bbox 2446 4601 2467 4639; x_wconf 87' lang='lat'><strong><em>:</em></strong></span> <span class='ocrx_word' id='word_1_842' title='bbox 2499 4602 2604 4643; x_wconf 91' lang='lat' dir='ltr'><strong>non</strong></span> <span class='ocrx_word' id='word_1_843' title='bbox 2636 4605 2850 4663; x_wconf 83' lang='lat' dir='ltr'><strong>semper</strong></span> <span class='ocrx_word' id='word_1_844' title='bbox 2884 4599 3029 4655; x_wconf 87' lang='lat' dir='ltr'><strong>enim</strong></span> <span class='ocrx_word' id='word_1_845' title='bbox 3075 4578 3340 4663; x_wconf 66' lang='lat' dir='ltr'><strong>ierociuut</strong></span> <span class='ocrx_word' id='word_1_846' title='bbox 3361 4651 3377 4672; x_wconf 86' lang='lat'><strong>,</strong></span> <span class='ocrx_word' id='word_1_847' title='bbox 3409 4611 3505 4668; x_wconf 83' lang='lat' dir='ltr'><strong>sed</strong></span> <span class='ocrx_word' id='word_1_848' title='bbox 3532 4628 3657 4672; x_wconf 88' lang='lat' dir='ltr'><strong>cum</strong></span> <span class='ocrx_word' id='word_1_849' title='bbox 3702 4623 3829 4690; x_wconf 84' lang='lat' dir='ltr'><strong>quis</strong></span> 
     </span>
    </p>
   </div>
   <div class='ocr_carea' id='block_1_108' title="bbox 2237 4669 3827 4781">
    <p class='ocr_par' dir='ltr' id='par_1_108' title="bbox 2237 4669 3827 4781">
     <span class='ocr_line' id='line_1_108' title="bbox 2237 4669 3827 4781; baseline 0.03 -60"><span class='ocrx_word' id='word_1_850' title='bbox 2237 4669 2354 4726; x_wconf 86' lang='lat' dir='ltr'><strong>illas</strong></span> <span class='ocrx_word' id='word_1_851' title='bbox 2381 4677 2750 4736; x_wconf 78' lang='lat' dir='ltr'><strong>concitaverit.</strong></span> <span class='ocrx_word' id='word_1_852' title='bbox 2783 4684 2892 4740; x_wconf 82' lang='lat' dir='ltr'><strong>Nos</strong></span> <span class='ocrx_word' id='word_1_853' title='bbox 2930 4704 3145 4761; x_wconf 87' lang='lat' dir='ltr'><strong>quoque</strong></span> <span class='ocrx_word' id='word_1_854' title='bbox 3169 4696 3212 4750; x_wconf 87' lang='lat' dir='ltr'><strong>si</strong></span> <span class='ocrx_word' id='word_1_855' title='bbox 3246 4669 3372 4755; x_wconf 84' lang='lat' dir='ltr'><strong>tunc</strong></span> <span class='ocrx_word' id='word_1_856' title='bbox 3405 4711 3609 4779; x_wconf 80' lang='lat' dir='ltr'><strong>tantum</strong></span> <span class='ocrx_word' id='word_1_857' title='bbox 3652 4669 3827 4781; x_wconf 55' lang='lat' dir='ltr'><strong>qtiieti</strong></span> 
     </span>
    </p>
   </div>
   <div class='ocr_carea' id='block_1_109' title="bbox 2232 4775 3818 4872">
    <p class='ocr_par' dir='ltr' id='par_1_109' title="bbox 2232 4775 3818 4872">
     <span class='ocr_line' id='line_1_109' title="bbox 2232 4775 3818 4872; baseline 0.032 -61"><span class='ocrx_word' id='word_1_858' title='bbox 2232 4775 2417 4818; x_wconf 83' lang='lat' dir='ltr'><strong>sumus</strong></span> <span class='ocrx_word' id='word_1_859' title='bbox 2435 4806 2451 4829; x_wconf 93' lang='lat'><strong>,</strong></span> <span class='ocrx_word' id='word_1_860' title='bbox 2481 4783 2603 4823; x_wconf 88' lang='lat' dir='ltr'><strong>cum</strong></span> <span class='ocrx_word' id='word_1_861' title='bbox 2636 4788 2795 4831; x_wconf 89' lang='lat' dir='ltr'><strong>nemo</strong></span> <span class='ocrx_word' id='word_1_862' title='bbox 2824 4793 2922 4833; x_wconf 90' lang='lat' dir='ltr'><strong>nos</strong></span> <span class='ocrx_word' id='word_1_863' title='bbox 2947 4787 3180 4839; x_wconf 88' lang='lat' dir='ltr'><strong>concitat</strong></span> <span class='ocrx_word' id='word_1_864' title='bbox 3203 4828 3219 4851; x_wconf 92' lang='lat'><strong>,</strong></span> <span class='ocrx_word' id='word_1_865' title='bbox 3252 4792 3376 4859; x_wconf 90' lang='lat' dir='ltr'><strong>quid</strong></span> <span class='ocrx_word' id='word_1_866' title='bbox 3410 4775 3642 4865; x_wconf 83' lang='lat' dir='ltr'><strong>amplius</strong></span> 
     </span>
    </p>
   </div>
   <div class='ocr_carea' id='block_1_110' title="bbox 2230 4858 3823 4955">
    <p class='ocr_par' dir='ltr' id='par_1_110' title="bbox 2230 4858 3823 4955">
     <span class='ocr_line' id='line_1_110' title="bbox 2230 4858 3823 4955; baseline 0.029 -49"><span class='ocrx_word' id='word_1_867' title='bbox 2230 4858 2474 4912; x_wconf 82' lang='lat' dir='ltr'><strong>Stamus?</strong></span> <span class='ocrx_word' id='word_1_868' title='bbox 2508 4860 2613 4915; x_wconf 66' lang='lat' dir='ltr'><strong>Illae</strong></span> <span class='ocrx_word' id='word_1_869' title='bbox 2641 4867 2782 4920; x_wconf 88' lang='lat' dir='ltr'><strong>enim</strong></span> <span class='ocrx_word' id='word_1_870' title='bbox 2823 4868 3132 4944; x_wconf 64' lang='lat' dir='ltr'><strong>stupe-justo</strong></span> <span class='ocrx_word' id='word_1_871' title='bbox 3161 4880 3502 4951; x_wconf 86' lang='lat' dir='ltr'><strong>indignantur</strong></span> <span class='ocrx_word' id='word_1_872' title='bbox 3521 4930 3537 4955; x_wconf 93' lang='lat'><strong>,</strong></span> <span class='ocrx_word' id='word_1_873' title='bbox 3568 4907 3625 4946; x_wconf 78' lang='lat' dir='ltr'><strong>et.</strong></span> <span class='ocrx_word' id='word_1_874' title='bbox 3653 4858 3823 4952; x_wconf 57' lang='lat' dir='ltr'><strong>excu-</strong></span> 
     </span>
    </p>
   </div>
   <div class='ocr_carea' id='block_1_111' title="bbox 2228 5045 3819 5132">
    <p class='ocr_par' dir='ltr' id='par_1_111' title="bbox 2228 5045 3819 5132">
     <span class='ocr_line' id='line_1_111' title="bbox 2228 5045 3819 5132; baseline 0.028 -43"><span class='ocrx_word' id='word_1_875' title='bbox 2228 5046 2487 5104; x_wconf 68' lang='lat' dir='ltr'><strong>prteterea</strong></span> <span class='ocrx_word' id='word_1_876' title='bbox 2514 5045 2736 5101; x_wconf 82' lang='lat' dir='ltr'><strong>rationis</strong></span> <span class='ocrx_word' id='word_1_877' title='bbox 2763 5060 2891 5104; x_wconf 82' lang='lat' dir='ltr'><strong>sunt</strong></span> <span class='ocrx_word' id='word_1_878' title='bbox 2913 5067 3198 5125; x_wconf 77' lang='lat' dir='ltr'><strong>expertes,</strong></span> <span class='ocrx_word' id='word_1_879' title='bbox 3230 5070 3283 5116; x_wconf 88' lang='lat' dir='ltr'><strong>et</strong></span> <span class='ocrx_word' id='word_1_880' title='bbox 3308 5080 3378 5121; x_wconf 74' lang='lat' dir='ltr'><strong>ex</strong></span> <span class='ocrx_word' id='word_1_881' title='bbox 3410 5079 3596 5127; x_wconf 79' lang='lat' dir='ltr'><strong>natura</strong></span> <span class='ocrx_word' id='word_1_882' title='bbox 3627 5045 3819 5132; x_wconf 52' lang='lat' dir='ltr'><strong>ferita;</strong></span> 
     </span>
    </p>
   </div>
   <div class='ocr_carea' id='block_1_112' title="bbox 2227 5130 3812 5238">
    <p class='ocr_par' dir='ltr' id='par_1_112' title="bbox 2227 5130 3812 5238">
     <span class='ocr_line' id='line_1_112' title="bbox 2227 5130 3812 5238; baseline 0.025 -56"><span class='ocrx_word' id='word_1_883' title='bbox 2227 5137 2335 5184; x_wconf 91' lang='lat' dir='ltr'><strong>tem</strong></span> <span class='ocrx_word' id='word_1_884' title='bbox 2364 5130 2582 5189; x_wconf 88' lang='lat' dir='ltr'><strong>habent.</strong></span> <span class='ocrx_word' id='word_1_885' title='bbox 2629 5137 2708 5193; x_wconf 80' lang='lat' dir='ltr'><strong>Tu</strong></span> <span class='ocrx_word' id='word_1_886' title='bbox 2738 5157 2864 5196; x_wconf 80' lang='lat' dir='ltr'><strong>vero</strong></span> <span class='ocrx_word' id='word_1_887' title='bbox 2890 5145 2941 5198; x_wconf 55' lang='lat' dir='ltr'><strong>si:</strong></span> <span class='ocrx_word' id='word_1_888' title='bbox 2965 5146 3188 5205; x_wconf 74' lang='lat' dir='ltr'><strong>ferocius</strong></span> <span class='ocrx_word' id='word_1_889' title='bbox 3208 5193 3225 5217; x_wconf 95' lang='lat'><strong>,</strong></span> <span class='ocrx_word' id='word_1_890' title='bbox 3256 5156 3427 5222; x_wconf 87' lang='lat' dir='ltr'><strong>unde.</strong></span> <span class='ocrx_word' id='word_1_891' title='bbox 3459 5177 3646 5229; x_wconf 67' lang='lat' dir='ltr'><strong>mansa</strong></span> <span class='ocrx_word' id='word_1_892' title='bbox 3668 5208 3683 5229; x_wconf 88' lang='lat'><strong>,</strong></span> <span class='ocrx_word' id='word_1_893' title='bbox 3716 5130 3812 5238; x_wconf 73' lang='lat' dir='ltr'><strong>po-</strong></span> 
     </span>
    </p>
   </div>
   <div class='ocr_carea' id='block_1_113' title="bbox 2228 5222 3820 5324">
    <p class='ocr_par' dir='ltr' id='par_1_113' title="bbox 2228 5222 3820 5324">
     <span class='ocr_line' id='line_1_113' title="bbox 2228 5222 3820 5324; baseline 0.026 -51"><span class='ocrx_word' id='word_1_894' title='bbox 2228 5222 2355 5275; x_wconf 81' lang='lat' dir='ltr'><strong>leris</strong></span> <span class='ocrx_word' id='word_1_895' title='bbox 2380 5226 2585 5280; x_wconf 79' lang='lat' dir='ltr'><strong>veniam</strong></span> <span class='ocrx_word' id='word_1_896' title='bbox 2607 5236 2897 5301; x_wconf 85' lang='lat' dir='ltr'><strong>consequi?</strong></span> <span class='ocrx_word' id='word_1_897' title='bbox 2917 5237 3043 5306; x_wconf 85' lang='lat' dir='ltr'><strong>quid</strong></span> <span class='ocrx_word' id='word_1_898' title='bbox 3066 5242 3189 5295; x_wconf 89' lang='lat' dir='ltr'><strong>mali</strong></span> <span class='ocrx_word' id='word_1_899' title='bbox 3219 5260 3406 5313; x_wconf 60' lang='lat' dir='ltr'><strong>passus</strong></span> <span class='ocrx_word' id='word_1_900' title='bbox 3426 5222 3503 5313; x_wconf 76' lang='lat' dir='ltr'><strong>es.</strong></span> <span class='ocrx_word' id='word_1_901' title='bbox 3533 5222 3820 5324; x_wconf 68' lang='lat' dir='ltr'><strong>rapinain?</strong></span> 
     </span>
    </p>
   </div>
   <div class='ocr_carea' id='block_1_114' title="bbox 2224 5312 3815 5406">
    <p class='ocr_par' dir='ltr' id='par_1_114' title="bbox 2224 5312 3815 5406">
     <span class='ocr_line' id='line_1_114' title="bbox 2224 5312 3815 5406; baseline 0.025 -40"><span class='ocrx_word' id='word_1_902' title='bbox 2224 5312 2351 5368; x_wconf 84' lang='lat' dir='ltr'><strong>ideo</strong></span> <span class='ocrx_word' id='word_1_903' title='bbox 2380 5316 2523 5374; x_wconf 75' lang='lat' dir='ltr'><strong>ferre</strong></span> <span class='ocrx_word' id='word_1_904' title='bbox 2548 5332 2792 5391; x_wconf 85' lang='lat' dir='ltr'><strong>oportet,</strong></span> <span class='ocrx_word' id='word_1_905' title='bbox 2825 5328 2953 5397; x_wconf 86' lang='lat' dir='ltr'><strong>quia</strong></span> <span class='ocrx_word' id='word_1_906' title='bbox 2980 5335 3149 5401; x_wconf 79' lang='lat' dir='ltr'><strong>magis</strong></span> <span class='ocrx_word' id='word_1_907' title='bbox 3180 5312 3489 5397; x_wconf 81' lang='lat' dir='ltr'><strong>lucraberis.</strong></span> <span class='ocrx_word' id='word_1_908' title='bbox 3654 5312 3815 5406; x_wconf 90' lang='lat' dir='ltr'><strong>in</strong></span> 
     </span>
    </p>
   </div>
   <div class='ocr_carea' id='block_1_115' title="bbox 2224 5408 3809 5509">
    <p class='ocr_par' dir='ltr' id='par_1_115' title="bbox 2224 5408 3809 5509">
     <span class='ocr_line' id='line_1_115' title="bbox 2224 5408 3809 5509; baseline 0.026 -52"><span class='ocrx_word' id='word_1_909' title='bbox 2224 5422 2310 5459; x_wconf 79' lang='lat' dir='ltr'><strong>ma</strong></span> <span class='ocrx_word' id='word_1_910' title='bbox 2338 5408 2498 5465; x_wconf 67' lang='lat' dir='ltr'><strong>ltesus</strong></span> <span class='ocrx_word' id='word_1_911' title='bbox 2524 5414 2623 5467; x_wconf 82' lang='lat' dir='ltr'><strong>es?</strong></span> <span class='ocrx_word' id='word_1_912' title='bbox 2649 5414 2722 5470; x_wconf 84' lang='lat' dir='ltr'><strong>Et</strong></span> <span class='ocrx_word' id='word_1_913' title='bbox 2739 5418 2863 5485; x_wconf 88' lang='lat' dir='ltr'><strong>quid</strong></span> <span class='ocrx_word' id='word_1_914' title='bbox 2894 5420 2999 5477; x_wconf 88' lang='lat' dir='ltr'><strong>hoc</strong></span> <span class='ocrx_word' id='word_1_915' title='bbox 3016 5423 3039 5475; x_wconf 80' lang='lat'><strong>?</strong></span> <span class='ocrx_word' id='word_1_916' title='bbox 3059 5424 3175 5481; x_wconf 87' lang='lat' dir='ltr'><strong>Non</strong></span> <span class='ocrx_word' id='word_1_917' title='bbox 3200 5430 3343 5484; x_wconf 89' lang='lat' dir='ltr'><strong>enim</strong></span> <span class='ocrx_word' id='word_1_918' title='bbox 3377 5435 3553 5491; x_wconf 86' lang='lat' dir='ltr'><strong>minor</strong></span> <span class='ocrx_word' id='word_1_919' title='bbox 3582 5438 3706 5495; x_wconf 84' lang='lat' dir='ltr'><strong>ideo</strong></span> <span class='ocrx_word' id='word_1_920' title='bbox 3728 5459 3809 5509; x_wconf 84' lang='lat' dir='ltr'><strong>es,</strong></span> 
     </span>
    </p>
   </div>
   <div class='ocr_carea' id='block_1_116' title="bbox 2221 5497 3813 5594">
    <p class='ocr_par' dir='ltr' id='par_1_116' title="bbox 2221 5497 3813 5594">
     <span class='ocr_line' id='line_1_116' title="bbox 2221 5497 3813 5594; baseline 0.026 -46"><span class='ocrx_word' id='word_1_921' title='bbox 2221 5497 2264 5549; x_wconf 83' lang='lat' dir='ltr'><strong>si</strong></span> <span class='ocrx_word' id='word_1_922' title='bbox 2296 5498 2706 5570; x_wconf 76' lang='lat' dir='ltr'><strong>philosopheris.</strong></span> <span class='ocrx_word' id='word_1_923' title='bbox 2732 5508 2789 5564; x_wconf 86' lang='lat' dir='ltr'><strong>Si</strong></span> <span class='ocrx_word' id='word_1_924' title='bbox 2817 5526 2944 5567; x_wconf 79' lang='lat' dir='ltr'><strong>vero</strong></span> <span class='ocrx_word' id='word_1_925' title='bbox 2960 5515 3101 5583; x_wconf 72' lang='lat' dir='ltr'><strong>,uiltil</strong></span> <span class='ocrx_word' id='word_1_926' title='bbox 3127 5518 3308 5575; x_wconf 75' lang='lat' dir='ltr'><strong>damni</strong></span> <span class='ocrx_word' id='word_1_927' title='bbox 3333 5526 3552 5594; x_wconf 82' lang='lat' dir='ltr'><strong>paten&#39;s,</strong></span> <span class='ocrx_word' id='word_1_928' title='bbox 3584 5497 3813 5587; x_wconf 84' lang='lat' dir='ltr'><strong>cur</strong></span> 
     </span>
    </p>
   </div>
   <div class='ocr_carea' id='block_1_117' title="bbox 2219 5594 3809 5694">
    <p class='ocr_par' dir='ltr' id='par_1_117' title="bbox 2219 5594 3809 5694">
     <span class='ocr_line' id='line_1_117' title="bbox 2219 5594 3809 5694; baseline 0.023 -49"><span class='ocrx_word' id='word_1_929' title='bbox 2219 5594 2384 5671; x_wconf 79' lang='lat' dir='ltr'><strong>sceris</strong></span> <span class='ocrx_word' id='word_1_930' title='bbox 2405 5595 2803 5656; x_wconf 69' lang='lat' dir='ltr'><strong>adversuscum</strong></span> <span class='ocrx_word' id='word_1_931' title='bbox 2832 5607 2921 5674; x_wconf 91' lang='lat' dir='ltr'><strong>qui</strong></span> <span class='ocrx_word' id='word_1_932' title='bbox 2951 5608 3081 5664; x_wconf 88' lang='lat' dir='ltr'><strong>nihil</strong></span> <span class='ocrx_word' id='word_1_933' title='bbox 3111 5612 3204 5665; x_wconf 89' lang='lat' dir='ltr'><strong>tibi</strong></span> <span class='ocrx_word' id='word_1_934' title='bbox 3233 5612 3392 5670; x_wconf 80' lang='lat' dir='ltr'><strong>infert</strong></span> <span class='ocrx_word' id='word_1_935' title='bbox 3414 5620 3567 5683; x_wconf 90' lang='lat' dir='ltr'><strong>mali,</strong></span> <span class='ocrx_word' id='word_1_936' title='bbox 3597 5624 3693 5689; x_wconf 80' lang='lat' dir='ltr'><strong>sed</strong></span> <span class='ocrx_word' id='word_1_937' title='bbox 3715 5624 3809 5694; x_wconf 79' lang='lat' dir='ltr'><strong>qui</strong></span> 
     </span>
    </p>
   </div>
   <div class='ocr_carea' id='block_1_118' title="bbox 2217 5684 3807 5773">
    <p class='ocr_par' dir='ltr' id='par_1_118' title="bbox 2217 5684 3807 5773">
     <span class='ocr_line' id='line_1_118' title="bbox 2217 5684 3807 5773; baseline 0.018 -35"><span class='ocrx_word' id='word_1_938' title='bbox 2217 5684 2375 5739; x_wconf 89' lang='lat' dir='ltr'><strong>etiam</strong></span> <span class='ocrx_word' id='word_1_939' title='bbox 2423 5690 2641 5757; x_wconf 87' lang='lat' dir='ltr'><strong>prodest</strong></span> <span class='ocrx_word' id='word_1_940' title='bbox 2668 5692 2807 5747; x_wconf 76' lang='lat' dir='ltr'><strong>tibi?</strong></span> <span class='ocrx_word' id='word_1_941' title='bbox 2846 5696 2946 5764; x_wconf 85' lang='lat' dir='ltr'><strong>Qui</strong></span> <span class='ocrx_word' id='word_1_942' title='bbox 2992 5700 3135 5755; x_wconf 85' lang='lat' dir='ltr'><strong>enim</strong></span> <span class='ocrx_word' id='word_1_943' title='bbox 3183 5704 3481 5773; x_wconf 86' lang='lat' dir='ltr'><strong>honorant,</strong></span> <span class='ocrx_word' id='word_1_944' title='bbox 3527 5684 3807 5771; x_wconf 62' lang='lat' dir='ltr'><strong>molitores</strong></span> 
     </span>
    </p>
   </div>
   <div class='ocr_carea' id='block_1_119' title="bbox 2219 5779 3799 5895">
    <p class='ocr_par' dir='ltr' id='par_1_119' title="bbox 2219 5779 3799 5895">
     <span class='ocr_line' id='line_1_119' title="bbox 2219 5779 3799 5895; baseline 0.018 -64"><span class='ocrx_word' id='word_1_945' title='bbox 2219 5792 2319 5833; x_wconf 86' lang='lat' dir='ltr'><strong>nos</strong></span> <span class='ocrx_word' id='word_1_946' title='bbox 2343 5779 2592 5851; x_wconf 82' lang='lat' dir='ltr'><strong>reddunt,</strong></span> <span class='ocrx_word' id='word_1_947' title='bbox 2623 5783 2667 5842; x_wconf 71' lang='lat' dir='ltr'><strong>si</strong></span> <span class='ocrx_word' id='word_1_948' title='bbox 2701 5803 2806 5842; x_wconf 90' lang='lat' dir='ltr'><strong>non</strong></span> <span class='ocrx_word' id='word_1_949' title='bbox 2844 5791 3124 5860; x_wconf 84' lang='lat' dir='ltr'><strong>vigilemus</strong></span> <span class='ocrx_word' id='word_1_950' title='bbox 3150 5813 3167 5863; x_wconf 88' lang='lat'><strong>;</strong></span> <span class='ocrx_word' id='word_1_951' title='bbox 3201 5798 3290 5867; x_wconf 87' lang='lat' dir='ltr'><strong>qui</strong></span> <span class='ocrx_word' id='word_1_952' title='bbox 3321 5814 3444 5854; x_wconf 84' lang='lat' dir='ltr'><strong>vero</strong></span> <span class='ocrx_word' id='word_1_953' title='bbox 3474 5808 3799 5895; x_wconf 61' lang='lat' dir='ltr'><strong>contumelia</strong></span> 
     </span>
    </p>
   </div>
  </div>
