4050 6430
269 387 372 442 773

268 502 515 555 alliciunt
540 508 594 552 et
642 504 1013 554 contemnunt,
1043 506 1137 546 eos
1157 532 1172 555 ,
1201 493 1287 559 qui
1320 491 1418 542 sibi
1449 489 1745 546 attendunt.
1770 490 1862 538 lir-

270 600 472 648 iniores
509 591 756 644 reddunt.
792 588 925 641 Nam
953 585 1166 638 desides
1189 585 1358 652 magis
1385 581 1655 635 l:rduntur
1684 579 1864 633 latala-

271 691 333 746 ti,
358 701 514 752 quam
546 679 868 734 contntneiia
893 677 1083 731 allecti.
1111 675 1212 741 Qui
1237 675 1452 737 landuat,
1485 675 1526 727 si
1553 672 1858 740 vigilemus,

272 775 427 828 nobis
457 770 807 840 phil050pbizn
829 782 988 820 causa
1017 777 1174 828 sunt;
1197 767 1286 834 qui
1323 778 1451 817 vero
1474 763 1718 824 laudant,
1746 761 1862 814 ela-

270 874 354 915 tos
381 861 608 915 reddunt
632 901 647 925 ,
677 866 989 925 arrogantes
1007 897 1020 919 ,
1051 869 1200 908 vana:
1225 855 1406 923 gloria:
1432 852 1654 921 cupidos
1672 891 1685 915 ,
1719 851 1861 904 desi-

269 955 403 1015 des,
433 953 612 1006 animo
657 949 954 1004 molliores.
1005 946 1170 1015 Cujus
1213 946 1290 999 rei
1320 953 1486 998 testes
1519 951 1644 996 sunt
1685 951 1864 1011 patres

271 1048 366 1116 qui
402 1047 537 1099 lilios
582 1057 708 1098 suos
738 1057 842 1096 non
876 1052 980 1094 tam
1013 1039 1297 1094 adulantur
1327 1053 1486 1107 quam
1517 1038 1820 1104 vituperant
1848 1075 1862 1100 ,

273 1138 431 1191 veriti
462 1151 529 1188 ne
557 1134 696 1203 quod
727 1133 850 1187 inde
877 1131 1128 1186 dauiuum
1152 1130 1451 1198 poliantur;
1476 1128 1710 1196 magistri
1734 1141 1867 1195 quo-

269 1245 377 1297 que
406 1228 507 1281 hoc
539 1235 758 1280 utuntur
803 1224 1061 1279 remedio.
1095 1221 1272 1291 Quare
1298 1222 1341 1275 si
1370 1221 1676 1290 quempiam
1704 1233 1865 1271 aver-

270 1319 380 1371 sari
415 1333 510 1386 par
536 1317 606 1371 sit
630 1357 645 1380 ,
674 1316 1002 1368 adulatorem
1033 1315 1210 1383 potius
1240 1326 1517 1374 aversare,
1551 1325 1708 1380 quam
1736 1323 1864 1363 con-

274 1407 614 1460 tumeliosum
638 1424 650 1458 ;
683 1405 938 1470 majorem
967 1404 1163 1472 quippe
1193 1417 1298 1456 non
1326 1401 1549 1455 attentis
1569 1399 1721 1454 affert
1745 1415 1863 1468 per-

279 1500 473 1552 niciem
503 1497 822 1550 adulationis
849 1495 1096 1548 illecebra
1119 1533 1133 1558 ,
1164 1509 1321 1562 quam
1349 1493 1692 1553 contumelia,
1718 1489 1861 1544 diffi-

269 1588 536 1656 ciliusque
574 1596 656 1640 est
701 1585 874 1652 banc,
916 1600 1073 1655 quan:
1117 1585 1258 1637 illam
1303 1598 1556 1652 superare
1604 1583 1643 1634 ¹.
1700 1581 1860 1636 Multo

275 1680 450 1746 major
497 1677 616 1732 inde
646 1691 854 1732 merces
874 1719 888 1743 ,
938 1677 1104 1730 multo
1135 1677 1304 1745 major
1352 1676 1466 1729 laus
1493 1684 1548 1730 et
1579 1673 1862 1728 admiratio

275 1770 544 1837 sequitur.
576 1769 703 1822 Nam
732 1768 1027 1822 mirabilius
1051 1779 1132 1821 est
1163 1767 1433 1821 hominem
1465 1765 1646 1820 videre
1673 1775 1862 1818 contu-

276 1859 451 1913 meliis
479 1859 750 1921 affectum,
778 1874 874 1913 nec
893 1867 1238 1920 cmntnotum,
1263 1873 1418 1926 quam
1445 1857 1713 1911 hominem
1736 1871 1860 1924 per-

273 1967 490 2006 cussum
511 1993 529 2017 ,
562 1966 659 2005 nec
685 1951 985 2006 cadentem.
1025 1949 1090 2003 Et
1133 1951 1401 2018 quomodo
1421 1990 1435 2012 ,
1467 1949 1673 2016 inquies
1694 1989 1708 2011 ,
1741 1961 1861 2015 pos-

271 2058 457 2097 sumus
488 2059 592 2097 non
639 2044 1002 2098 commoveri?
1028 2042 1101 2096 Te
1143 2040 1462 2096 contumelia
1492 2041 1610 2109 quis
1636 2039 1846 2093 affecit?

271 2135 467 2190 Pectus
513 2151 675 2190 cruce
705 2137 913 2205 signato
934 2177 948 2198 ,
981 2135 1267 2188 recordare
1311 2133 1548 2186 omnium
1584 2147 1702 2200 qua-
1733 2141 1858 2185 tunc

268 2235 417 2292 gesta
445 2236 569 2278 sunt
595 2267 608 2291 ,
640 2235 695 2279 et
736 2228 912 2278 omnia
943 2226 1372 2294 exstinguuntur.
1405 2222 1481 2277 Ne
1505 2222 1858 2276 contumelias

267 2323 474 2368 tantum
524 2318 726 2384 eogites
752 2358 767 2382 ,
797 2316 890 2370 sed
918 2326 973 2369 et
999 2316 1042 2369 si
1070 2315 1194 2385 quid
1226 2315 1318 2369 tibi
1363 2313 1487 2368 boni
1512 2329 1542 2367 a
1575 2323 1855 2366 contume-

271 2408 410 2462 lioso
440 2408 530 2461 illo
576 2409 876 2473 advenerit,
927 2409 978 2461 in
1026 2417 1259 2462 mentem
1296 2415 1565 2472 revocato,
1593 2418 1648 2460 et
1678 2406 1855 2459 statim

269 2500 600 2553 mansuetior
631 2498 746 2554 ﬁes.
785 2500 893 2554 lino
925 2501 1100 2570 potius
1128 2510 1250 2554 ante
1277 2500 1453 2555 omnia
1484 2498 1574 2555 Dei
1607 2499 1855 2554 timorem

266 2588 316 2641 in
348 2599 526 2645 mente
573 2590 804 2655 habeas,
851 2603 905 2646 et
955 2594 1134 2646 statim
1182 2591 1508 2646 moderatior
1549 2589 1856 2661 :cquiorque

265 2683 398 2736 cris.

337 2774 391 2827 ι.
423 2773 502 2828 Ad
545 2774 659 2829 haec
683 2818 697 2840 ,
730 2791 758 2828 a
802 2776 972 2829 servis
1000 2777 1104 2828 tuis
1148 2775 1526 2829 documentum
1573 2774 1851 2844 suscipias.

275 2863 343 2918 Et
372 2880 494 2918 cum
519 2865 718 2921 videris
739 2876 788 2920 te
810 2867 1216 2930 eonviciantem,
1247 2865 1392 2919 illum
1416 2881 1542 2919 vero
1566 2874 1849 2930 tacentem,

264 2957 442 3026 cogita
473 2967 526 3011 te
553 2957 921 3027 pliilostvphari
954 2972 1110 3027 posse
1131 3000 1144 3020 ,
1180 2967 1333 3025 teque
1357 2965 1730 3026 exasperatum
1759 2955 1854 3009 da-

262 3065 408 3101 mna.
435 3053 607 3117 Atque
631 3049 681 3102 in
708 3049 824 3119 ipso
845 3048 1293 3103 contumeliarum
1318 3056 1557 3116 tempore
1577 3045 1722 3100 disce
1746 3062 1852 3098 non

257 3141 636 3193 contumeliam
676 3141 872 3194 inferre
891 3181 904 3203 ,
929 3148 983 3194 et
1009 3141 1085 3192 sic
1115 3153 1210 3192 nec
1239 3140 1350 3208 ipse
1377 3138 1712 3192 contumeliis
1732 3137 1853 3192 alie-

256 3243 377 3286 ctus
422 3233 648 3287 dolebis.
699 3233 882 3302 Cogita
928 3247 1050 3286 eum
1095 3232 1190 3301 qui
1234 3232 1573 3285 contumeliis
1601 3228 1770 3284 af.icit
1797 3237 1851 3284 et

259 3325 391 3379 furit
422 3341 527 3378 non
559 3324 639 3379 sui
685 3334 986 3393 compotem
1034 3339 1152 3378 esse
1174 3365 1190 3389 ,
1219 3332 1271 3376 et
1299 3324 1376 3378 sic
1421 3321 1486 3378 de
1525 3323 1848 3376 contumelia

260 3433 369 3471 non
399 3417 795 3486 indignaberis:
829 3433 948 3471 nam
978 3431 1028 3471 et
1059 3416 1375 3471 dzrmoniaci
1406 3431 1502 3470 nos
1532 3415 1845 3481 verberant.

259 3524 362 3564 nec
392 3510 552 3563 modo
579 3524 687 3563 non
722 3523 1019 3575 movemur,
1048 3508 1144 3563 sed
1174 3509 1332 3562 etiam
1364 3507 1483 3562 illos
1509 3508 1846 3562 miserantur.

259 3597 372 3652 Hoc
397 3608 453 3652 et
484 3608 537 3652 tu
566 3598 756 3663 facito;
787 3598 1039 3653 miserare
1071 3599 1545 3665 contumeliosum;
1577 3600 1652 3653 ira
1679 3599 1845 3665 enim,

261 3693 408 3756 gravi
445 3691 553 3745 fera
581 3733 596 3754 ,
628 3691 918 3757 detinetur,
953 3691 1198 3748 dremone
1227 3693 1550 3762 pernicioso.
1581 3691 1743 3746 Solve
1771 3692 1851 3760 ipe

259 3797 378 3836 sum
422 3783 509 3850 qui
539 3782 604 3835 ει)
659 3782 962 3850 huiusmodi
1011 3784 1255 3838 daemone
1299 3793 1552 3847 vexatur,
1601 3791 1655 3836 et
1699 3783 1844 3836 brevi

262 3881 503 3940 tempore
529 3875 910 3941 corrumpitur.
943 3873 1088 3929 Talis
1119 3876 1314 3944 quippe
1359 3875 1445 3929 hic
1475 3876 1694 3930 morbus
1723 3886 1803 3929 est
1827 3917 1843 3942 ,

259 3961 350 4032 qui
375 3961 440 4015 ad
470 3963 756 4029 perniciem
779 3965 906 4034 ανετί
935 3979 1038 4018 non
1069 3966 1236 4020 multo
1255 3974 1408 4035 egeat
1436 3975 1692 4034 tempore.
1722 3963 1845 4019 Ideo

258 4051 469 4105 dicebat
509 4054 813 4122 quiSpiam:
867 4053 1179 4108 Momentum
1222 4057 1412 4126 furoris
1450 4057 1559 4126 ejus
1588 4073 1735 4111 casus
1773 4066 1846 4111 est

257 4145 359 4212 ipsi
406 4144 610 4216 (Eccli.
659 4149 707 4203 l.
737 4148 842 4218 98)
871 4167 882 4201 :
917 4165 1023 4219 quo
1065 4151 1294 4205 maxime
1325 4151 1658 4222 tyrannidem
1690 4167 1842 4206 suam

254 4237 525 4301 ostendit,
554 4239 692 4307 quod
725 4241 867 4294 brevi
921 4250 1160 4311 tempore
1205 4249 1348 4294 tanta
1380 4237 1633 4311 o‘peretur
1662 4243 1800 4296 mala
1825 4282 1841 4307 ,

257 4344 356 4382 nec
387 4345 532 4382 mora
562 4345 696 4398 opus
726 4331 916 4386 habeat
943 4350 954 4385 :
986 4342 1040 4386 et
1065 4333 1109 4386 si
1139 4334 1189 4386 in
1217 4334 1266 4386 vi
1298 4326 1392 4387 sua
1441 4345 1840 4402 perseveraret,

255 4420 342 4472 vix
392 4421 708 4490 superabilis
751 4432 911 4478 esset.
943 4423 1146 4477 Vellem
1180 4426 1464 4480 ostendere
1490 4468 1504 4490 ,
1550 4429 1669 4496 quis
1700 4428 1767 4480 sit
1799 4429 1842 4482 is

254 4510 344 4578 qui
366 4512 713 4574 conviciator,
738 4516 856 4582 quis
884 4515 970 4568 ille
999 4517 1086 4585 qui
1115 4515 1538 4587 philosophatur,
1563 4528 1618 4574 et
1647 4521 1840 4574 nudam

255 4603 533 4671 utriusque
580 4605 810 4660 animam
843 4608 893 4661 in
927 4609 1158 4662 medium
1203 4609 1411 4666 afferre.
1447 4611 1666 4668 Videres
1698 4613 1841 4670 illam

251 4694 484 4748 similem
511 4712 631 4751 esse
662 4698 845 4768 pelago
867 4698 1114 4754 fluetibus
1143 4703 1360 4771 agitato,
1393 4704 1529 4758 hanc
1555 4708 1840 4776 tranquillo

254 4789 451 4854 portui.
485 4788 668 4859 Neque
717 4792 859 4846 enim
896 4794 1138 4848 turbatur
1165 4810 1192 4848 a
1225 4797 1468 4866 malignis
1496 4801 1700 4865 ventis,
1747 4800 1840 4854 sed

253 4879 378 4933 illos
409 4879 562 4937 facile
608 4883 777 4936 sedat.
807 4883 937 4938 Nam
965 4887 1050 4955 qui
1085 4889 1436 4942 contumelias
1466 4889 1720 4951 inferunt.
1755 4893 1838 4945 ni-

257 4967 329 5020 hil
362 4985 467 5024 non
493 4981 655 5039 agunt
681 4984 733 5026 ut
763 4975 1075 5041 mordeaut;
1107 4992 1228 5031 cum
1253 4987 1428 5032 autem
1459 4979 1557 5034 hac
1583 4994 1678 5049 spe
1710 4983 1840 5051 lapsi

258 5071 401 5126 sunt,
425 5062 523 5131 ipsi
545 5064 758 5119 demum
787 5066 1058 5132 sedantur,
1085 5080 1132 5122 et
1161 5072 1427 5126 emendati
1453 5072 1667 5127 abeunt.
1701 5073 1838 5131 Fieri

275 5269 285 5286 ρ
317 5209 335 5240 ι
364 5211 618 5286 'Hie‘locus
638 5215 710 5264 sic
751 5217 962 5284 habetur
984 5220 1109 5286 apud
1126 5222 1392 5277 .htontf.....
1435 5239 1580 5286 quam
1603 5234 1841 5280 contume-

247 5271 316 5348 lia
329 5311 338 5321 .
397 5275 782 5348 {l‘dtflnfio‘quasi
805 5292 933 5348 esca
951 5271 1174 5341 quoniam
1194 5271 1270 5348 est
1286 5271 1395 5348 φίέῑὲ
1420 5271 1840 5342 ﬁéﬁniiiiiéiiiis

247 5333 806 5412 ropionjdifﬁcihusgue
823 5347 893 5389 est
1057 5356 1199 5412 quam
1224 5333 1360 5395 nisini
1375 5333 1838 5411 iniam}:ibiibi;

249 5395 415 5444 clausa
446 5395 547 5445 ηοιῖ
567 5395 880 5460 reperiuntur
911 5405 954 5451 in
983 5395 1120 5453 texin
1146 5406 1331 5458 tiara).

1088 377 1148 433 ΙΝ
1191 375 1594 432 ΜΑΤΤΙΙᾹῚΙῘΜ
1641 374 1865 430 IIOMIL.
1910 373 2213 428 LXXXVII.
2254 373 2320 426 al.
2367 371 2697 427 LXXXVI“.

3465 378 3569 437 ΤΗ

1969 487 2109 537 enim
2136 484 2317 553 nequit
2345 493 2401 538 ut
2429 485 2510 539 vir
2534 486 2703 538 iratus
2732 498 2836 537 non
2870 498 2927 536 se
2959 481 3244 538 :ulinodum
3270 484 3558 554 improbet,

1963 586 2106 637 sicut
2133 583 2247 634 lieri
2295 582 2484 651 nequit
2519 592 2578 634 ut
2605 579 2698 648 qui
2727 594 2834 634 non
2866 576 3126 631 irascitur
3154 576 3393 648 seipsum
3424 592 3560 631 con-

1959 676 2197 729 demnet.
2220 672 2354 727 Nam
2374 675 2420 727 si
2441 675 2492 726 in
2509 673 2750 741 aliquem
2769 671 3059 741 insurgere
3079 678 3348 739 oporteat.
3368 669 3421 724 id
3438 669 3561 724 sine

1960 765 2038 818 ira
2067 776 2243 833 νοω-ι
2264 765 2402 829 ﬁeri,
2431 774 2484 819 et
2506 765 2724 832 quidem
2754 760 2973 816 facilius
2993 759 3426 829 prudentiusque
3449 769 3555 826 est,

1958 874 2122 928 qnam
2146 851 2344 910 iratum
2366 857 2416 909 id
2442 857 2653 910 lacere;
2682 855 2929 923 nihilque
2960 854 3234 922 ingratutn
3258 853 3556 921 patientur.

1959 949 2013 1004 Si
2038 963 2274 1018 namque
2294 948 2552 1012 velimus,
2573 947 2717 1018 apud
2739 962 2838 1002 nos
2866 948 3014 1016 ipsos
3033 946 3174 1000 bona
3198 952 3382 1011 erunt,
3401 943 3559 1014 etju-

1954 1050 2111 1093 vante
2139 1039 2231 1094 Dei
2256 1041 2425 1108 gratia
2453 1040 2604 1093 nobis
2631 1041 2760 1107 ipsis
2785 1040 2914 1092 satis
2938 1039 3139 1092 erimus
3163 1037 3230 1091 ad
3257 1037 3474 1091 tutelam
3500 1049 3555 1092 et

1955 1131 2236 1184 honorem.
2271 1130 2381 1183 Cur
2411 1130 2555 1183 enim
2605 1130 2829 1198 gloriam
2879 1127 2948 1181 ab
2994 1131 3163 1182 altero
3207 1128 3445 1199 qmeris?
3477 1128 3554 1183 'I'u

1954 1222 2182 1289 teipsum
2229 1222 2431 1276 honora
2457 1262 2472 1287 ,
2504 1232 2556 1274 et
2587 1235 2748 1275 nemo
2779 1221 2871 1275 tibi
2925 1221 3122 1288 poterit
3167 1220 3551 1274 contumeliam

1953 1313 2184 1376 inferre;
2217 1314 2259 1367 si
2308 1327 2439 1368 vero
2487 1321 2541 1366 tu
2587 1313 2815 1381 teipsum
2869 1312 3230 1375 dehonestes,
3263 1313 3471 1366 etiamsi
3507 1324 3556 1365 te

1952 1417 2144 1459 omnes
2176 1403 2464 1466 honorent.
2492 1417 2596 1456 non
2622 1401 2674 1456 in
2701 1402 2906 1456 honore
2930 1403 3057 1457 eris.
3087 1402 3551 1470 Quemadmodqu

1952 1495 2095 1550 enim
2127 1494 2230 1548 nisi
2263 1507 2362 1546 nos
2392 1493 2533 1546 malo
2561 1492 2864 1546 imbuamns
2893 1492 3085 1546 alTeCtu
3111 1534 3126 1559 ,
3163 1508 3320 1547 nemo
3352 1508 3450 1547 nos
3479 1493 3558 1546 sic

1955 1585 2196 1640 imbuet:
2231 1584 2310 1637 sic
2341 1583 2442 1636 nisi
2465 1597 2564 1636 nos
2586 1584 2910 1636 contumelia
2935 1581 3252 1647 afficiamus,
3280 1599 3436 1638 nemo
3465 1582 3560 1637 de-

1953 1675 2249 1729 decorabit.
2277 1675 2359 1728 Sit
2385 1674 2527 1728 enim
2573 1673 2656 1727 vir
2683 1674 2946 1744 quiSpiam
2977 1673 3324 1730 admirandus
3351 1684 3406 1729 et
3438 1689 3554 1727 ma-

1951 1780 2090 1834 gnus
2114 1807 2127 1829 ,
2158 1778 2458 1833 omnesque
2490 1763 2638 1817 illum
2667 1764 2942 1819 intechum
2973 1775 3200 1830 vocent,
3231 1765 3400 1820 furem
3425 1807 3440 1832 ,
3472 1781 3557 1820 se-

1955 1857 2268 1926 pulcrorum
2317 1855 2630 1910 cmissorem
2657 1897 2672 1918 ,
2725 1855 3084 1920 homicidam,
3136 1857 3396 1911 latronem
3425 1877 3436 1911 :
3468 1859 3556 1913 ille

1953 1963 2083 2002 vero
2125 1964 2224 2003 nec
2257 1959 2538 2002 moveatur
2561 1991 2575 2014 ,
2610 1962 2710 2002 nec
2741 1946 3088 2018 indignetur,
3121 1949 3320 2004 nullius
3366 1965 3551 2005 eorum

1951 2041 2050 2095 sibi
2077 2043 2328 2096 conscius
2365 2060 2376 2094 :
2407 2055 2568 2110 quam
2598 2041 2687 2094 ille
2718 2040 3099 2096 contumeliam
3134 2042 3403 2110 patietur?
3427 2042 3555 2097 Nul-

1952 2131 2056 2184 lam
2106 2132 2285 2202 plane.
2321 2132 2459 2199 Quid
2506 2147 2669 2202 ergo,
2705 2132 2913 2201 inquies
2935 2173 2950 2198 ,
2986 2132 3031 2186 si
3063 2131 3215 2187 multi
3248 2133 3554 2208 lutjusmodi

1949 2222 2016 2275 de
2067 2222 2183 2292 ipso
2228 2224 2541 2292 Opinionem
2588 2222 2861 2277 habeant?
2891 2223 3075 2293 Neque
3105 2225 3184 2279 sic
3227 2228 3552 2280 contumelia

1949 2313 2175 2368 aﬂ‘ectns
2203 2324 2322 2380 est,
2353 2314 2445 2368 sed
2475 2314 2550 2368 illi
2582 2315 2792 2384 seipsos
2820 2313 3219 2370 dedecorarunt
3240 2357 3254 2382 ,
3300 2318 3442 2387 quod
3475 2327 3554 2372 ta-

1949 2406 2052 2460 lem
2076 2407 2222 2460 illum
2249 2406 2384 2462 falso
2405 2408 2854 2462 existimaverint.
2890 2407 2984 2461 Dic
3005 2409 3148 2463 enim
3175 2411 3302 2464 mihi
3327 2451 3341 2475 ,
3366 2412 3408 2464 si
3435 2413 3553 2480 quis

1949 2501 2116 2556 Solem
2145 2501 2434 2555 obscurum
2459 2514 2580 2554 esse
2606 2509 2780 2570 putet,
2807 2515 2874 2554 an
2903 2500 3003 2554 soli
3033 2500 3285 2564 detraxit,
3314 2517 3380 2557 an
3409 2504 3552 2556 sibi?

1950 2593 2062 2646 Sibi
2112 2596 2293 2663 utique
2314 2635 2328 2657 ,
2380 2592 2507 2646 dum
2557 2592 2656 2645 sibi
2688 2602 2780 2645 aut
2821 2591 2950 2646 ca‘ci
2978 2601 3072 2645 aut
3102 2593 3327 2647 furentis
3355 2592 3551 2649 famam

1948 2685 2218 2739 conciliat.
2259 2684 2349 2738 Sic
2375 2692 2431 2738 et
2459 2683 2491 2737 ii
2540 2683 2630 2752 qui
2677 2683 2852 2736 bonos
2900 2697 3021 2737 esse
3066 2683 3238 2737 malos
3269 2692 3488 2752 putant,
3520 2703 3551 2739 e

1947 2776 2220 2829 contrario
2247 2774 2458 2844 seipsos
2482 2772 2752 2828 dedecore
2772 2771 3014 2828 afficiunt
3042 2791 3054 2826 :
3088 2773 3208 2827 ideo
3236 2775 3425 2845 majori
3460 2790 3540 2829 cu.

1949 2867 2171 2921 randum
2203 2867 2382 2921 studio
2411 2873 2532 2933 est,
2568 2877 2622 2920 ut
2653 2866 3041 2922 conscientiam
3072 2876 3313 2922 nostram
3344 2883 3547 2937 expur-

1945 2976 2132 3029 gemus
2152 2999 2168 3025 ,
2199 2975 2373 3029 neque
2399 2973 2586 3012 ansam
2614 2958 2777 3012 ullam
2808 2960 3096 3029 suiSpicioni
3129 2959 3354 3025 demus;
3380 2963 3424 3014 si
3459 2976 3548 3013 ve-

1945 3069 2007 3106 ro
2034 3053 2123 3106 alii
2152 3051 2334 3107 furere
2360 3051 2652 3118 voluerint,
2685 3052 2842 3106 nobis
2870 3052 2971 3106 hoc
2999 3052 3161 3106 modo
3186 3053 3413 3118 allectis,
3439 3071 3546 3108 non

1946 3146 1996 3200 id
2024 3160 2215 3200 curare
2238 3187 2254 3211 ,
2287 3144 2373 3199 vel
2402 3144 2589 3199 dolere
2620 3159 2761 3213 opus
2805 3153 2908 3201 est.
2941 3145 3072 3200 Nam
3101 3147 3190 3212 qui
3222 3147 3397 3202 bonus
3426 3163 3547 3201 cum

1945 3238 2050 3301 sit,
2100 3236 2381 3306 improbus
2407 3251 2435 3289 a
2467 3235 2787 3307 quibusdam
2835 3245 3052 3306 putatur
3080 3252 3203 3293 esse
3227 3280 3243 3304 ,
3272 3236 3360 3291 hie
3401 3251 3549 3294 certe

1944 3328 2074 3382 nihil
2105 3329 2230 3382 hinc
2256 3327 2498 3394 laeditur;
2526 3329 2616 3399 qui
2650 3344 2777 3384 vero
2807 3327 2858 3383 id
2893 3330 3030 3384 male
3059 3337 3112 3383 et
3143 3339 3345 3384 temere
3368 3332 3547 3401 suspi-

1941 3431 2093 3476 catus
2120 3429 2222 3486 est,
2249 3420 2294 3474 is
2317 3428 2618 3474 extremam
2646 3419 2945 3490 perniciem
2975 3419 3170 3484 subiit;
3196 3419 3548 3485 quemadmo-

1941 3512 2066 3566 dum
2096 3523 2149 3568 et
2181 3512 2478 3582 improbus,
2511 3511 2558 3566 si
2589 3526 2622 3566 e
2645 3511 2920 3565 contrario
2944 3509 3116 3565 bonus
3137 3523 3260 3565 esse
3289 3518 3540 3582 putetur,

1941 3606 2073 3660 nihil
2105 3607 2230 3660 hinc
2260 3605 2598 3670 lucrabitur;
2626 3604 2721 3658 sed
2752 3603 2944 3673 majori
2972 3605 3237 3659 obnoxius
3265 3605 3367 3658 erit
3391 3603 3546 3659 dan:-

1941 3696 2146 3750 natiuni
2174 3738 2189 3763 ,
2241 3696 2403 3765 inque
2435 3696 2693 3764 majorem
2727 3695 2927 3748 incidet
2955 3709 3264 3749 maerorem.
3293 3694 3424 3750 Nam
3454 3698 3542 3766 qui

1945 3790 2119 3842 malus
2146 3803 2267 3841 cum
2299 3789 2406 3850 sit,
2454 3786 2624 3840 malus
2652 3787 2992 3839 existimatur
3017 3801 3136 3839 esse
3156 3827 3171 3852 ,
3206 3788 3340 3841 forte
3373 3787 3550 3839 humi-

1944 3879 2102 3932 liatus
2125 3919 2138 3944 ,
2169 3888 2388 3947 peccata
2421 3892 2516 3930 sua
2548 3879 2789 3942 noverit;
2820 3879 2863 3930 si
2894 3892 3024 3931 vero
3065 3878 3259 3944 lateat,
3289 3879 3340 3933 in
3386 3879 3544 3932 indo-

1943 3970 2158 4025 lentiam
2183 3970 2418 4024 decidet.
2446 3970 2580 4024 Nam
2603 3971 2646 4024 si
2674 3970 3048 4024 accusantibus
3072 3971 3323 4026 omnibus
3351 3988 3542 4042 pecca-

1942 4073 2086 4120 tores
2117 4065 2202 4119 vix
2257 4066 2561 4119 excitantur
2611 4063 2678 4119 ad
2719 4075 3237 4134 compnncnonem:
3280 4081 3402 4120 cum
3437 4083 3545 4123 non

1941 4158 2100 4216 modo
2130 4173 2234 4212 non
2255 4165 2542 4222 accusent,
2568 4157 2663 4212 sed
2688 4158 2848 4211 etiam
2875 4156 3096 4211 laudent
3119 4159 3382 4225 nonnulli,
3411 4176 3547 4230 quo-

1941 4250 2101 4304 modo
2142 4250 2330 4304 oculos
2374 4251 2583 4319 aperire
2627 4250 2834 4320 possint
2877 4250 2929 4304 in
2980 4252 3214 4321 nequitia’
3257 4252 3544 4308 viventes?

1938 4341 2053 4397 Non
2075 4341 2229 4396 audis
2259 4341 2480 4396 Paulum
2501 4351 2844 4395 accusantem
2867 4342 3010 4410 quod
3035 4341 3410 4398 fornicatorem
3436 4360 3543 4399 non

1942 4436 2100 4489 modo
2127 4437 2484 4489 non-siverint
2509 4431 2772 4488 Corinthii
2807 4444 3081 4504 peCeatum
3105 4451 3259 4490 suum
3282 4452 3542 4507 agnosce-

1942 4543 1998 4581 re
2022 4569 2036 4589 ,
2071 4528 2196 4580 dum
2230 4528 2558 4581 honor-arent
2590 4525 2738 4579 illttm
2766 4567 2781 4592 ,
2817 4527 3024 4596 ipsique
3053 4527 3414 4596 plauderent,
3445 4531 3541 4585 sed

1940 4619 2100 4671 etiam
2130 4625 2183 4671 in
2212 4617 2447 4687 nequitia
2489 4617 2822 4672 detinuerint
2862 4619 2954 4686 (1.
2982 4618 3099 4672 Cor.
3127 4620 3178 4674 5.
3214 4619 3316 4689 l)?
3338 4625 3537 4689 Quam-

1939 4711 2148 4778 obrem,
2181 4712 2442 4778 obsecro,
2478 4711 2766 4765 multarunt
2800 4713 3102 4781 opiniones,
3136 4718 3493 4773 contumelias
3519 4761 3534 4784 ,

1941 4803 2172 4858 hoaores
2200 4804 2531 4875 negligentes
2554 4846 2568 4869 ,
2604 4805 2704 4858 hoc
2737 4820 2900 4859 unum
2942 4805 3253 4862 studeamus
3276 4850 3292 4875 ,
3327 4819 3383 4864 ιιι
3415 4814 3542 4864 nul-

1940 4898 2040 4951 lius
2073 4897 2197 4951 mali
2231 4897 2384 4952 nobis
2415 4899 2616 4952 conscii
2647 4899 2836 4962 simus,
2867 4915 3038 4970 neque
3068 4915 3164 4955 nos
3198 4901 3343 4971 ipsos
3373 4903 3544 4959 dede-

1937 5003 2064 5044 core
2093 4988 2428 5054 afficiamus;
2477 4991 2553 5045 sic
2599 4993 2743 5046 enim
2772 5001 2826 5046 et
2854 4991 2938 5045 hic
2969 5002 3024 5047 et
3053 4993 3104 5046 in
3136 4993 3315 5048 futuro
3343 5000 3544 5051 szcculo

1939 5080 2104 5133 multa
2152 5081 2321 5150 gloria
2358 5079 2638 5145 fruemur;
2688 5097 2846 5151 quam
2899 5083 3102 5137 utinam
3147 5099 3545 5155 consequamur

1939 5184 2149 5234 omnes,
2175 5171 2344 5240 gratia
2374 5182 2427 5225 et
2454 5172 2782 5243 benignitate
2808 5173 3016 5228 Domini
3046 5176 3214 5230 nostri
3239 5176 3364 5232 Jesu
3389 5179 3544 5233 Chri-

1939 5261 2005 5314 sti
2031 5301 2045 5327 ,
2076 5262 2293 5331 quicum
2338 5261 2483 5317 Patri
2525 5263 2793 5334 simulque
2822 5263 3042 5334 Spiritui
3073 5277 3262 5322 saneto
3291 5269 3459 5337 gloria
3489 5282 3542 5324 et

1939 5355 2218 5423 imperium
2245 5396 2259 5420 ,
2285 5371 2426 5410 nunc
2454 5366 2509 5410 et
2540 5371 2777 5427 semper,
2807 5359 2934 5413 etin
2963 5361 3158 5414 szccula
3187 5364 3536 5416 smrulorum.

1941 5451 2130 5502 Amen.

1655 5630 2143 5711 Μ

574 5894 841 5955 Parnm.
885 5894 999 5953 Gn.
1055 5895 1268 5955 LVlll.
