4050 6426
561 730 687 782 tiae.
724 725 812 780 27.
856 740 906 781 v.
954 722 1044 778 43.
1097 721 1140 775 Α
1181 727 1321 775 sexta
1354 726 1519 771 autem
1571 719 1697 767 liora
1747 708 1956 764 tenebras
1995 707 2144 774 facta:

635 825 752 869 sunt
771 831 924 882 super
950 813 1231 866 universam
1261 820 1444 863 terram
1466 820 1623 875 usque
1645 802 1713 856 ad
1738 802 1914 854 lteram
1933 810 2136 849 nonum.

631 905 719 961 46.
765 902 914 960 Circa
957 912 1122 955 autem
1165 900 1343 954 horam
1369 911 1552 952 nonani
1581 892 1813 947 clamavit
1848 888 2000 942 Iesus
2028 901 2143 939 race

632 1012 838 1068 magna,
868 994 1039 1048 dicens
1062 1007 1082 1045 :
1114 989 1216 1054 Eli,
1251 988 1357 1053 Eli,
1399 988 1534 1042 tanta
1573 980 1913 1039 sabactliani.’
1951 978 2005 1030 id
2046 986 2136 1036 est,

636 1087 774 1142 Deus
801 1101 960 1152 metu,
991 1083 1130 1138 Deus
1153 1097 1310 1144 meus,
1343 1088 1398 1132 ut
1421 1077 1542 1148 quid
1568 1071 1876 1143 doretiquisti
1903 1086 1979 1122 me
1997 1068 2023 1120 1’
2047 1068 2114 1121 Η

637 1178 856 1244 Quidam
879 1191 994 1231 vero
1023 1189 1087 1230 ea:
1111 1169 1448 1236 adstantibus,
1473 1183 1587 1222 eum
1614 1165 1719 1218 haec
1745 1161 2002 1221 audirem,
2035 1172 2136 1211 οιιι.

635 1339 686 1391 t.
715 1334 828 1389 Hoc
856 1341 938 1388 est
980 1332 1190 1400 signum
1225 1324 1376 1388 illud,
1402 1319 1541 1392 quod
1571 1319 1714 1390 prius
1748 1311 2051 1386 petentibus
2080 1323 2140 1362 se

562 1428 808 1481 daturum
857 1421 1220 1489 pollicebatur,
1278 1416 1463 1470 dicens
1509 1429 1524 1466 :
1575 1407 1842 1482 Generatio
1889 1419 2044 1473 praua
2090 1410 2139 1456 et

562 1517 793 1573 adultera
818 1515 1014 1583 signant
1043 1512 1240 1582 qumit,
1273 1517 1320 1562 ct
1351 1508 1550 1576 signum
1588 1518 1687 1555 non
1722 1498 1923 1552 dabitur
1949 1495 2015 1560 ei,
2042 1492 2139 1547 nisi

564 1619 762 1682 signum
795 1608 944 1662 Jonas
981 1604 1236 1674 prophetat
1260 1598 1472 1672 (Matth.
1507 1594 1590 1650 t2.
1618 1593 1708 1664 59)
1745 1608 1757 1644 :
1791 1589 2133 1682 abierit-cem,

568 1679 815 1764 mortem,
867 1695 1165 1767 sepulcrum
1196 1693 1212 1723 ¹
1244 1701 1298 1747 et
1349 1685 1794 1745 resurrectionem
1855 1679 2134 1750 significat.

567 1795 633 1848 Et
659 1807 844 1846 rursus
870 1790 974 1844 alio
1017 1786 1174 1841 modo
1204 1785 1448 1838 virtutem
1475 1779 1651 1835 crucis
1683 1771 2027 1845 significando
2053 1769 2136 1820 di-

562 1884 714 1938 cebat
745 1901 758 1934 :
787 1879 912 1937 Cum
941 1874 1278 1933 exaltuveritis
1310 1871 1503 1925 Filium
1543 1867 1780 1923 hominis.
1807 1873 1923 1916 tunc
1950 1875 2136 1929 cogno-

563 1976 706 2031 scetis
735 1957 853 2039 quia
882 1988 969 2041 ego
997 1985 1109 2024 sum
1153 1965 1333 2036 (Joan.
1378 1961 1431 2018 8.
1480 1959 1614 2030 28);
1667 1957 1717 2010 id
1747 1965 1847 2018 est,
1887 1952 2018 2007 Cum
2052 1964 2136 2004 me

563 2061 953 2125 rrttciﬁ-eritis,
986 2069 1036 2114 et
1064 2073 1149 2112 me
1176 2057 1368 2109 victum
1405 2067 1433 2106 a
1477 2049 1628 2105 vobis
1655 2061 1774 2101 esse
1805 2041 2131 2114 putaveritis,

564 2163 688 2212 tunc
719 2156 945 2210 maxime
976 2148 1336 2205 fortitudinem
1377 2157 1547 2198 meam
1593 2140 1790 2194 scietis.
1829 2134 1957 2190 Nam
1987 2140 2133 2201 post-

564 2267 720 2321 quam
758 2247 1041 2303 crucifixus
1070 2251 1170 2306 est,
1219 2241 1430 2294 illorum
1480 2235 1666 2288 civitas
1705 2229 1879 2301 periit,
1919 2225 2133 2281 Iudaica

562 2315 760 2398 cessar-
785 2350 858 2404 nt,
889 2348 942 2393 et
971 2335 1148 2405 politia
1170 2344 1383 2401 quoque
1410 2336 1464 2380 et
1490 2325 1705 2380 libertas
1746 2320 1955 2374 illorum
1990 2315 2134 2370 ceci-

560 2437 659 2498 dit,
683 2432 987 2504 prrcdicatio
1012 2425 1210 2486 ﬂoruit,
1240 2433 1293 2476 et
1325 2419 1391 2474 ad
1418 2429 1715 2473 extremum
1760 2411 1942 2465 orbem
1972 2423 2133 2504 eran-

560 2498 760 2595 gelieus
787 2537 963 2578 sermo
985 2516 1258 2590 pervenit;
1283 2523 1444 2576 terra,
1475 2523 1642 2570 mare,
1673 2503 1900 2558 habitata
1924 2498 2134 2595 intra-bi-

564 2587 778 2688 bulaque
819 2624 956 2668 terra
987 2587 1242 2664 virtutem
1280 2605 1393 2674 ejus
1436 2600 1631 2669 ubique
1664 2593 1969 2688 pnedicant.
2011 2587 2135 2642 Hrec

561 2681 854 2778 ergo'dicit,
879 2713 931 2758 et
956 2716 1016 2755 ea
1038 2713 1155 2769 qua:
1178 2698 1294 2766 ipso
1325 2693 1500 2749 crucis
1529 2700 1768 2756 tempore
1801 2681 2130 2778 acciderunt.

560 2770 725 2853 Multo
752 2796 947 2864 quippe
987 2787 1279 2843 mirabilius
1320 2782 1418 2837 fuit
1451 2780 1566 2835 haec
1594 2776 1851 2832 accidisse
1880 2787 1998 2827 cum
2020 2770 2134 2837 ipse

559 2889 701 2944 cruci
734 2889 920 2940 aftixns
945 2889 1103 2945 esset,
1133 2893 1288 2949 quam
1313 2875 1354 2930 si
1379 2876 1430 2930 in
1463 2882 1602 2928 terra
1634 2879 1759 2923 tunc
1785 2864 2130 2920 ambulasset.

559 2981 738 3050 Neque
780 2979 829 3032 in
866 2975 968 3030 hoc
996 2972 1169 3028 solum
1199 2984 1286 3024 res
1328 2963 1584 3036 stupenda
1614 2968 1748 3025 erat,
1792 2957 1886 3013 sed
1926 2955 2132 3025 signum

561 3047 710 3135 illud,
750 3067 889 3138 quod
932 3061 1280 3136 qumrebant,
1327 3057 1392 3113 de
1437 3055 1570 3110 czelo
1601 3051 1793 3106 factum
1845 3059 1949 3112 est,
1997 3055 2051 3102 et
2081 3047 2131 3099 in

565 3166 807 3219 universa
839 3171 1012 3223 terra;
1041 3157 1092 3212 id
1118 3151 1259 3226 quod
1290 3165 1575 3220 numquam
1604 3146 1922 3214 contigerat,
1953 3141 2050 3194 nisi
2082 3140 2133 3192 in

564 3256 795 3326 Egypto
836 3262 1060 3312 tantum,
1107 3244 1319 3319 quando
1352 3236 1558 3314 pascha
1605 3235 1922 3292 celebraturi
1962 3239 2132 3284 erant.

566 3347 772 3402 Etenim
796 3345 880 3396 illa
912 3343 1099 3396 borum
1131 3349 1287 3409 typus
1304 3344 1474 3390 erant.
1503 3332 1569 3387 Et
1592 3327 1956 3412 animadverte
1972 3339 2139 3392 quan-

563 3443 754 3495 donam
801 3438 912 3492 haec
957 3437 1101 3489 fiant.
1149 3431 1204 3485 ιιι
1242 3426 1484 3491 meridie,
1517 3433 1572 3477 ut
1601 3435 1790 3477 omnes
1824 3433 1918 3488 per
1954 3415 2138 3471 orbem

565 3533 847 3589 discerent,
875 3542 994 3580 nam
1027 3524 1218 3592 ubique
1249 3531 1507 3574 terrarum
1534 3514 1649 3569 dies
1673 3519 1788 3565 erat
1817 3526 1831 3561 :
1864 3506 2003 3579 quod
2035 3507 2141 3559 uti-

565 3639 668 3690 que
697 3621 759 3677 ad
798 3621 913 3674 illus
943 3612 1331 3674 convertendos
1373 3606 1690 3668 sufficiebat,
1732 3617 1836 3656 non
1877 3599 2138 3690 magnitu-

568 3718 690 3770 dine
717 3715 884 3768 solum
914 3707 1173 3769 miraculi,
1201 3703 1292 3759 sed
1338 3699 1476 3772 quod
1525 3697 1641 3751 haec
1670 3700 1970 3763 Opportune
1999 3687 2138 3742 acci-

568 3808 772 3861 derent.
825 3802 951 3858 Nam
997 3807 1117 3869 post
1154 3797 1244 3850 illa
1283 3782 1459 3848 ointiia
1498 3804 1616 3859 qua:
1665 3788 1848 3840 insane
1881 3781 2134 3843 fecerant,

571 3905 689 3967 post
715 3892 1006 3950 derisiones
1031 3889 1149 3944 illas
1176 3887 1400 3956 iniquas,
1431 3882 1480 3936 id
1511 3877 1722 3940 accidit,
1755 3871 1965 3944 quando
1993 3870 2138 3967 furor

568 3961 864 4047 remiserat,
897 3981 1104 4051 quando
1152 3976 1357 4033 ridendi
1409 3974 1566 4028 finem
1618 3970 1874 4029 fecerant,
1928 3961 2141 4032 quando

565 4079 719 4146 juctis
747 4075 981 4129 dieteriis
1024 4069 1265 4125 exsatiati
1314 4074 1485 4128 erant,
1535 4071 1589 4117 et
1630 4059 1804 4114 omnia
1838 4070 1934 4125 pro
1979 4053 2142 4106 Iubito

572 4171 841 4227 dixerunt;
873 4173 996 4217 tunc
1043 4159 1288 4214 tenebras
1312 4152 1569 4216 exhibuit,
1601 4159 1659 4204 ut
1704 4148 1784 4202 vel
1835 4148 1912 4201 sic
1943 4146 2015 4197 ira
2058 4157 2142 4198 se-

571 4264 713 4321 data,
741 4277 802 4314 ex
833 4255 1088 4311 miraculo
1111 4249 1303 4322 aliquid
1341 4248 1692 4302 lucrarentur.
1721 4242 1825 4296 Res
1860 4237 1999 4291 enim
2030 4245 2144 4288 tan-

571 4366 652 4408 tas
679 4353 729 4406 in
754 4366 910 4406 cruce
953 4361 1110 4412 agere
1149 4341 1438 4398 mirabilius
1464 4346 1599 4404 erat,
1625 4350 1780 4405 quam
1820 4334 1864 4410 si
1891 4332 1953 4386 de
1984 4344 2142 4386 cruce

572 4444 946 4501 desce:nli.~5ct.
985 4438 1112 4493 Nam
1159 4435 1272 4490 sive
1302 4434 1446 4487 illum
1489 4431 1604 4483 tunc
1653 4427 1844 4482 fecisse
1873 4430 2138 4495 putarent,

573 4538 791 4590 (διηρώτα
835 4531 1113 4601 οριντιυιιίιι
1155 4538 1208 4579 et
1252 4528 1471 4588 timere;
1518 4524 1631 4576 sive
1671 4536 1774 4574 non
1827 4519 1995 4580 illum,
2048 4513 2141 4568 sed

575 4628 804 4686 Patrem,
840 4621 961 4675 hinc
992 4619 1148 4672 etiam
1189 4616 1466 4685 compnngi
1501 4628 1594 4682 par
1631 4620 1746 4665 erat
1775 4627 1787 4661 :
1823 4625 1943 4663 nam
1991 4616 2141 4660 tene-

573 4717 684 4770 br:e
722 4714 822 4767 illa:
865 4727 930 4765 ex
975 4710 1048 4763 ira
1079 4707 1144 4762 de
1189 4705 1507 4760 facinoribus
1539 4703 1642 4757 illis
1683 4711 1934 4771 concepta
1983 4699 2144 4768 profi-

574 4807 925 4862 ciscirbautur.
951 4801 1100 4870 Quod
1127 4800 1266 4855 enim
1301 4814 1403 4852 non
1431 4807 1572 4851 esset
1595 4797 1820 4864 eclipsis,
1847 4794 1940 4849 sed
1978 4795 2051 4846 ira
2090 4801 2145 4846 et

574 4899 886 4969 indignatio,
925 4911 1029 4950 non
1077 4894 1200 4948 hinc
1253 4893 1422 4946 solum
1456 4889 1792 4944 manifestum
1845 4896 1990 4949 erat,
2050 4885 2141 4941 sed

574 4993 734 5048 etiam
773 5003 802 5043 a
862 4996 1097 5054 tempore
1143 5000 1155 5036 :
1209 4981 1375 5035 tribus
1424 4980 1565 5034 enim
1621 4979 1764 5033 boris
1812 4975 2139 5047 permansit;

578 5084 788 5152 eclipsis
835 5095 962 5132 vero
1009 5078 1059 5129 in
1108 5084 1375 5128 momento
1427 5072 1678 5142 temporis
1718 5072 1774 5125 iit
1815 5113 1828 5126 .
1870 5070 2008 5140 quod
2039 5083 2142 5123 non

581 5161 816 5245 ignorant
841 5170 930 5241 qui
959 5167 1203 5220 viderunt
1231 5181 1244 5216 :
1276 5178 1398 5216 nam
1423 5174 1600 5217 nostra
1629 5161 1786 5216 etiam
1821 5169 1973 5214 artatc
2013 5160 2144 5214 ecli-

574 5271 683 5343 psis
709 5264 949 5334 contigit.
982 5259 1046 5314 Et
1084 5252 1372 5327 quomodo,
1419 5253 1643 5322 inquies,
1679 5269 1782 5306 non
1823 5252 1993 5305 mirati
2025 5260 2147 5304 sunt

570 5342 778 5423 oiiincs,
813 5371 908 5412 nee
935 5357 1254 5424 putaverunt
1274 5360 1395 5401 esse
1419 5345 1583 5399 Deum
1607 5343 1627 5396 t
1653 5342 1784 5411 Quia
1817 5353 1942 5395 mue
1981 5359 2144 5410 genus

574 5455 849 5512 hominum
883 5449 932 5500 in
981 5441 1144 5500 multa
1177 5436 1490 5508 negligentia
1519 5443 1571 5488 et
1611 5434 1838 5501 nequitia
1875 5432 2145 5487 ιιριὶιιιιιιιι-

570 5562 674 5605 tur.
707 5547 768 5601 Et
799 5545 900 5598 hoc
929 5536 1238 5595 miraculum
1265 5545 1427 5586 unum
1453 5536 1570 5583 erat.
1594 5543 1608 5592 ;
1637 5527 1773 5596 quod
1793 5528 1968 5580 statim
1991 5537 2144 5593 atque

569 5638 833 5712 apparuit,
865 5629 1158 5707 pra-terivit
1188 5645 1199 5679 :
1231 5624 1511 5694 uultusque
1542 5619 1618 5675 rei
1658 5633 1872 5673 causam
1910 5617 2146 5672 ediscere

633 5792 653 5827 ⁸
685 5795 780 5846 Mil
820 5796 1001 5856 legunt,
1029 5785 1346 5852 sepulturam,
1372 5793 1477 5845 pro,
1503 5775 1793 5841 seputcrzmt.

1358 359 1395 412 S
1454 356 1729 413 .IOANNIS
1761 351 2222 408 οῑιῐιῖςοετοιιι
2255 349 2564 406 ARCIIIEP.
2607 351 3137 409 CONRTANTINOP.

1555 565 1897 628 HOMILIA
1945 561 2353 623 LXXXVIII.
2400 561 2482 622 al.
2529 561 2888 624 LXXXIX.

2248 705 2528 774 qumsivit;
2562 707 2725 760 multa
2761 723 2973 778 quoque
2999 718 3127 764 tunc
3167 710 3411 780 impietas
3435 727 3498 766 ex
3537 724 3834 765 consuetu-

2246 795 2369 852 dine
2399 796 2734 865 prmalcbat.
2780 797 2964 868 Neque
3003 800 3246 854 sciebant
3290 818 3408 869 qua:
3461 817 3623 857 causa
3665 814 3837 874 gestio

2245 886 2321 940 rei
2353 895 2494 941 esset
2523 905 2535 943 :
2563 887 2699 943 forte
2722 889 2980 958 putabant
3006 905 3101 959 per
3120 891 3381 963 eclipsim,
3414 895 3493 948 vel
3521 895 3679 947 aliam
3737 912 3836 949 na.

2246 978 2467 1032 turalem
2493 995 2706 1034 causam
2733 980 2781 1035 id
2807 983 3072 1039 evenisse.
3107 982 3307 1051 Ecquid
3347 986 3558 1039 miraris
3585 986 3654 1041 de
3679 996 3840 1042 exte-

2245 1071 2314 1120 ris
2340 1071 2432 1138 qui
2461 1071 2589 1125 nihil
2625 1072 2884 1137 sciebant,
2920 1074 3114 1143 quique
3150 1074 3223 1138 ob
3261 1065 3519 1129 desidiam
3551 1077 3618 1132 de
3658 1093 3719 1131 re
3752 1082 3838 1130 in-

2259 1162 2498 1226 ttniri'ttda
2546 1178 2650 1216 non
2693 1165 3033 1234 cogitabant,
3081 1167 3295 1236 quando
3346 1172 3378 1222 ii
3428 1172 3589 1222 etiam
3635 1171 3728 1240 qui
3784 1171 3836 1226 in

2239 1250 2416 1304 ludam
2443 1263 2611 1318 erant,
2645 1263 2760 1324 post
2793 1264 2870 1310 tot
2903 1258 3176 1322 miracula,
3213 1258 3386 1312 adhuc
3417 1261 3836 1328 perseverabant

2240 1343 2593 1398 contumelias
2623 1343 2929 1412 inferentes,
2964 1362 3280 1418 quamquam
3310 1351 3439 1419 ipsis
3468 1351 3612 1405 clare
3647 1363 3837 1408 osten-

2240 1433 2425 1498 disset,
2454 1449 2513 1489 se
2542 1435 2661 1488 talia
2689 1447 2965 1506 operatum
2995 1437 3200 1495 fuisse?
3224 1439 3345 1496 Ideo
3370 1452 3418 1494 et
3449 1451 3630 1511 poStea
3662 1444 3838 1514 loqui-

2243 1534 2345 1590 tur,
2381 1532 2436 1580 ut
2461 1525 2669 1581 discant
2688 1543 2747 1583 se
2772 1529 2944 1584 adhuc
2972 1531 3172 1593 vivere,
3204 1540 3256 1586 et
3279 1532 3367 1585 illa
3401 1530 3609 1597 fecisse,
3633 1545 3688 1589 et
3708 1536 3836 1590 hinc

2241 1617 2426 1670 saltem
2475 1617 2858 1674 moderatiores
2916 1622 3070 1685 fiant,
3117 1635 3180 1678 ac
3220 1621 3369 1687 dicit,
3400 1621 3505 1689 Eli,
3561 1623 3666 1689 Eli,
3696 1627 3834 1680 tanta

2241 1707 2552 1772 sabaei/mni,
2581 1718 2636 1761 ut
2663 1707 2899 1764 viderent
2926 1726 3046 1765 eum
3082 1727 3247 1781 usque
3270 1712 3334 1767 ad
3361 1724 3561 1770 cxtren'
3593 1732 3662 1769 ἰιι
3701 1715 3833 1770 bali-

2245 1812 2352 1856 tum
2383 1802 2647 1857 honorare
2687 1803 2918 1867 Patrem,
2949 1820 3123 1874 neque
3152 1821 3269 1862 esse
3302 1808 3410 1861 Deo
3439 1807 3832 1864 adversarium.

2243 1891 2365 1948 Ideo
2391 1891 2748 1961 propheticum
2779 1894 3056 1965 quatttdalt‘
3105 1897 3282 1950 emisit
3310 1913 3516 1961 vocem,
3564 1914 3731 1970 usque
3765 1901 3833 1956 ad

2241 1984 2478 2038 ultimam
2526 1987 2708 2039 horam
2756 1987 2923 2040 veteri
2970 1986 3069 2056 legi
3123 1989 3367 2058 praibens
3419 1989 3831 2048 testimonium:

2239 2091 2338 2130 nec
2375 2077 2534 2132 modo
2582 2079 2961 2148 preplielicam,
3006 2080 3099 2136 sed
3143 2090 3198 2136 et
3242 2081 3551 2138 llebraicam
3613 2098 3832 2144 vocem:

2240 2169 2309 2224 ita
2342 2181 2393 2222 nt
2419 2171 2520 2224 illis
2543 2183 2724 2226 notum
2743 2180 2799 2226 et
2825 2172 3164 2228 manifestum
3197 2172 3246 2229 id
3271 2185 3448 2239 esset;
3483 2191 3684 2245 perque
3713 2192 3832 2230 om-

2239 2261 2322 2314 nia
2352 2261 2582 2316 Ostendit
2601 2277 2750 2317 suam
2779 2279 2898 2317 cum
2925 2262 3176 2320 Genitore
3198 2266 3560 2319 concordiam.
3599 2268 3678 2322 Tu
3705 2284 3832 2322 vero

2238 2351 2338 2404 vid-
2400 2353 2606 2406 illorum
2664 2353 3004 2421 petulantiam
3057 2363 3216 2425 atque
3254 2357 3545 2412 vesaniam.
3605 2358 3831 2412 Pttlave-

2238 2455 2379 2507 runt,
2411 2445 2600 2514 inquit,
2621 2444 2788 2500 Etiam
2808 2448 2876 2502 ab
2905 2462 2969 2502 eo
2993 2450 3192 2513 vocari,
3218 2459 3269 2504 et
3297 2451 3474 2505 statim
3503 2463 3832 2523 vitaverunt

2237 2539 2387 2594 illum
2415 2551 2584 2594 aceto.
2611 2540 2757 2594 Alius
2794 2548 2971 2595 autem
3006 2540 3190 2596 lancea
3235 2541 3370 2597 latus
3413 2543 3529 2612 ejus
3574 2545 3838 2613 aperuit'.

2236 2628 2371 2696 Quid
2401 2628 2483 2683 his
2509 2630 2755 2699 iniquius,
2784 2630 2909 2700 quid
2939 2630 3185 2698 ferocius,
3216 2633 3304 2704 qui
3327 2647 3566 2705 eousque
3597 2637 3833 2691 furorem

2136 2763 2149 2771 .
2236 2735 2388 2776 suum
2432 2723 2808 2788 extenderunt,
2859 2731 2914 2778 et
2964 2736 3229 2778 mortuum
3261 2739 3455 2795 corpus
3501 2728 3830 2782 etintmnelia

2236 2811 2563 2866 affecerunt?
2612 2812 2693 2867 Tu
2730 2829 2857 2868 vero
2910 2815 3178 2883 perpende
3220 2815 3489 2885 quomodo
3532 2817 3834 2874 sceleribus

2236 2916 2421 2967 eorum
2450 2917 2576 2957 usus
2600 2905 2670 2958 sit
2691 2903 2758 2959 ad
2786 2906 3006 2960 salutem
3036 2916 3288 2962 nostram.
3312 2908 3435 2962 Post
3458 2908 3669 2979 plagam
3688 2912 3832 2966 enim

2237 2991 2412 3048 fontes
2439 2995 2625 3050 salutis
2672 2996 2796 3050 inde
2826 3006 3128 3052 manarunt.
3179 2998 3268 3053 50.
3314 2998 3466 3053 laus
3505 3010 3676 3054 autem
3712 2999 3831 3052 cta-

2236 3104 2380 3141 mans
2405 3104 2519 3141 uoce
2538 3104 2742 3157 magna,
2772 3089 2933 3142 emisit
2959 3089 3212 3157 spiritum.
3244 3089 3354 3144 lloc
3390 3101 3467 3145 est
3507 3093 3648 3161 quod
3682 3093 3834 3148 dice-

2237 3179 2328 3234 bat
2359 3197 2372 3233 :
2407 3177 2712 3234 Potestatem
2743 3181 2900 3233 habeo
2933 3180 3150 3249 ponendi
3187 3182 3408 3234 animam
3428 3197 3433 3202 ·
3453 3198 3637 3247 ηιριιιιι,
3664 3194 3712 3235 et
3750 3200 3834 3254 ρο-

2240 3283 2460 3327 testatem
2486 3274 2643 3327 habeo
2666 3274 2843 3327 iterum
2867 3273 3098 3328 sumendi
3125 3290 3234 3326 eam
3260 3273 3434 3344 (Joau.
3469 3275 3555 3328 10.
3598 3276 3724 3345 t8);
3757 3285 3834 3341 et,

2240 3364 2353 3436 Ego
2397 3382 2528 3435 pono
2573 3383 2684 3419 eam
2729 3382 2762 3420 ιι
2806 3382 2884 3419 me
2930 3366 3060 3435 ipso.
3117 3364 3240 3421 Ideo
3291 3381 3422 3421 voce
3471 3369 3831 3433 exe'amavit,

2239 3465 2299 3511 ut
2340 3456 2648 3512 ostenderet
2691 3470 2753 3511 ex
2803 3465 3062 3526 potestate
3113 3470 3374 3520 sua,rem
3423 3456 3557 3528 fieri.
3621 3459 3837 3516 Marcus

2243 3547 2394 3620 (Cap.
2421 3548 2504 3603 15.
2532 3548 2620 3602 44.
2651 3547 2741 3617 39)
2779 3562 2905 3602 vero
2927 3546 3074 3612 dicit,
3099 3547 3352 3602 miratum
3383 3548 3547 3603 fuisse
3577 3548 3832 3611 Pilatum,

2239 3640 2283 3694 si
2306 3640 2417 3708 jam
2445 3651 2685 3694 mortuus
2709 3648 2852 3695 esset
2879 3657 2892 3694 :
2921 3654 2983 3694 ac
3019 3640 3383 3696 centurionem
3429 3639 3552 3694 ideo
3598 3642 3838 3699 maxime

2239 3730 2547 3794 credidisse,
2579 3730 2702 3800 quia
2727 3746 2847 3785 cum
2891 3731 3165 3800 potestatis
3201 3730 3352 3801 signo
3387 3740 3632 3785 mortuus
3667 3743 3834 3788 esset.

2243 3822 2368 3878 llaec
2397 3837 2496 3877 vox
2525 3821 2699 3876 velum
2727 3821 2955 3884 discidit,
2989 3831 3328 3877 monumenta
3372 3823 3600 3893 aperuit,
3646 3833 3702 3877 et
3735 3826 3837 3878 do-

2242 3935 2386 3974 mum
2427 3918 2693 3972 desertam
2749 3915 2996 3970 reddidit.
3052 3915 3164 3970 lloe
3204 3923 3379 3970 autem
3426 3914 3570 3978 fecit,
3621 3932 3735 3971 non
3784 3928 3842 3971 nt

2245 4008 2496 4076 templum
2539 4005 2914 4060 dehonestaret
2967 4003 3257 4076 (quomodo
3297 4004 3436 4058 enim
3478 4005 3529 4059 id
3572 4008 3841 4072 potuisset

2244 4102 2330 4170 qui
2362 4101 2484 4154 dicit
2519 4115 2534 4153 :
2561 4097 2732 4152 Nolite
2757 4102 2922 4165 facere
2950 4096 3154 4149 domum
3182 4095 3352 4150 Patris
3381 4098 3476 4150 mei
3506 4098 3718 4152 domum
3745 4117 3840 4153 ue-

2245 4191 2571 4263 gotiationis?
2599 4187 2857 4261 [lcum-2.
2894 4186 3005 4260 16])
3037 4186 3130 4240 sed
3162 4186 3404 4256 indignos
3438 4187 3558 4240 illos
3602 4189 3842 4244 reddens

2245 4285 2330 4351 qui
2361 4281 2430 4337 ibi
2463 4288 2819 4340 versarentur,
2849 4288 2906 4332 ut
2931 4279 3089 4331 etiam
3111 4291 3231 4332 cum
3257 4276 3381 4330 illud
3405 4276 3716 4347 Babyloniis
3739 4291 3843 4333 tra-

2244 4373 2397 4428 didit.
2431 4373 2552 4426 Ilaze
2575 4385 2737 4443 porro
2766 4387 2870 4423 non
2897 4384 2960 4424 ea
2993 4369 3164 4422 solum
3195 4368 3262 4422 de
3289 4383 3446 4423 causa
3479 4367 3703 4436 fiet-ant,
3741 4372 3841 4428 sed

2226 4475 2361 4528 erat
2388 4463 2512 4518 illud
2537 4461 2809 4530 prepbetia
2837 4460 3028 4514 futuras
3049 4459 3411 4522 desolatiunis,
3438 4468 3493 4513 et
3516 4463 3841 4514 conversio-

2247 4557 2330 4613 nis
2365 4560 2413 4610 in
2455 4556 2672 4609 meliora
2703 4553 3137 4622 sublimioraque,
3169 4565 3374 4605 necnon
3409 4554 3664 4619 potentia:
3695 4553 3844 4611 illius

2247 4649 2476 4718 signum.

2316 4738 2369 4792 2.
2398 4737 2472 4790 Ad
2504 4737 2615 4790 ltzec
2645 4744 2820 4789 autem
2849 4749 2911 4789 ex
2942 4733 3027 4800 iis,
3058 4747 3174 4801 qua:
3201 4742 3382 4802 postea
3423 4740 3645 4801 sequuta
3688 4746 3842 4801 sunt,

2248 4830 2478 4897 scipsum
2519 4827 2902 4889 niauifestavit,
2940 4842 3003 4880 ex
3046 4834 3375 4879 mor-tuorum
3416 4827 3844 4894 resurrectione,

2248 4937 2313 4975 ex
2355 4920 2634 4974 obscurata
2691 4919 2826 4984 luce,
2878 4927 2931 4971 et
2970 4932 3035 4972 ex
3077 4916 3464 4972 elementorum
3517 4919 3843 4975 mutatione.

2249 5013 2424 5067 Elisati
2461 5013 2601 5067 enim
2642 5021 2882 5078 tempore
2911 5019 3151 5062 mortuus
3183 5018 3449 5061 mortuum
3491 5017 3718 5078 tangens
3751 5026 3842 5064 re-

2248 5106 2476 5160 surrexit
2502 5103 2579 5173 (4.
2625 5105 2750 5173 Reg.
2783 5104 2869 5156 15.
2903 5102 3035 5170 2i):
3065 5116 3203 5154 nune
3235 5112 3414 5154 autem
3459 5116 3556 5154 vox
3590 5102 3713 5157 illos
3744 5119 3846 5159 cx-

2247 5199 2447 5263 eitavit,
2476 5197 2600 5252 dum
2630 5211 2823 5264 corpus
2854 5195 2904 5248 in
2939 5210 3099 5248 cruce
3139 5208 3372 5262 superne
3413 5191 3631 5247 al'ﬁxum
3667 5207 3843 5250 esset.

2249 5295 2493 5364 Alioquin
2519 5311 2644 5347 vero
2671 5293 2753 5347 illa
2784 5293 2970 5347 borum
3006 5293 3186 5361 figura:
3211 5301 3387 5348 erant.
3431 5293 3555 5347 Ideo
3579 5295 3725 5349 enim
3757 5283 3844 5346 illa

2251 5386 2384 5440 facta
2428 5395 2569 5448 sunt,
2603 5396 2660 5440 ut
2688 5385 2801 5438 lnnc
2832 5385 3200 5441 crederentur.
3233 5384 3415 5454 Neque
3442 5386 3616 5449 aulum
3643 5386 3844 5439 mortui

2249 5479 2603 5541 Suscitantur,
2647 5479 2738 5532 scd
2788 5480 2947 5533 etiam
2991 5486 3152 5547 petra!
3194 5479 3548 5538 scinduntur.
3589 5491 3846 5549 terraque

2251 5576 2567 5636 concutitur,
2616 5584 2669 5627 ut
2698 5573 2905 5628 discant
2935 5589 2991 5628 se
3037 5571 3157 5627 illos
3204 5587 3362 5642 posse
3409 5582 3461 5627 et
3491 5587 3768 5628 excacare
3791 5581 3844 5628 et

2339 5780 2354 5810 ι
2381 5774 2436 5831 In
2463 5782 2570 5825 Uss.
2587 5786 2680 5824 non
2707 5773 2877 5837 paucis
2901 5770 3105 5833 legitur,
3123 5768 3367 5832 laceram,
3388 5780 3495 5831 pro,
3513 5761 3728 5828 aperuit.
