4050 6428
235 352 342 411 τῗῗ

233 468 560 535 dirumperc.
595 465 724 521 Nam
762 466 849 533 qui
892 473 1070 535 petras
1110 464 1339 527 discidit,
1371 474 1425 518 et
1450 474 1643 519 terram
1678 471 1819 516 tene-

239 557 355 614 bris
373 558 615 623 obduxit,
658 558 825 612 multo
854 557 1021 625 magis
1063 556 1113 609 in
1146 555 1251 610 illis
1283 555 1405 608 talia
1434 566 1690 622 praestare
1731 567 1825 621 po-

234 651 447 715 tuisset,
495 649 541 705 si
570 650 785 718 quidem
825 649 1125 705 voluisset:
1158 664 1341 703 verum
1395 648 1446 702 id
1498 648 1685 706 noluit.
1731 645 1826 700 sed

234 745 474 798 immissa
520 743 572 797 in
616 742 885 797 elementa
918 743 993 796 ira
1023 757 1141 804 sua,
1185 756 1251 797 ex
1301 740 1707 795 mansuetudine
1732 755 1826 793 sua

234 837 473 903 ipsorum
496 834 722 889 salutem
744 835 983 887 curabat.
1010 833 1113 890 Sed
1152 832 1225 888 illi
1254 835 1304 887 in
1336 833 1541 886 insania
1574 832 1826 901 perstite-

236 937 380 983 runt.
409 926 554 982 Talis
580 942 664 981 res
706 936 788 981 est
834 926 1064 987 invidia;
1098 940 1201 979 non
1234 924 1387 980 facile
1414 924 1648 980 sedatur.
1680 923 1829 977 Tunc

234 1036 365 1088 ergo
391 1018 478 1073 bis
498 1020 800 1085 constiectis
826 1018 1099 1089 prodigiis,
1128 1018 1259 1072 nihil
1285 1034 1347 1073 ex
1382 1017 1709 1087 impudentia
1742 1031 1829 1069 re-

237 1114 532 1177 miserunt;
582 1123 762 1180 postea
811 1122 986 1166 autem
1039 1111 1252 1181 quando
1289 1111 1464 1179 sigillo
1506 1110 1749 1178 apposito
1776 1117 1831 1162 cf.

236 1200 498 1255 militibus
526 1200 947 1256 custodientibus
976 1202 1299 1264 resurrexit;
1338 1200 1390 1255 id
1426 1199 1566 1269 quod
1607 1200 1673 1254 ab
1702 1198 1830 1267 ipsis

196 1340 207 1350 .
235 1293 551 1349 custodibus
589 1293 923 1358 didicerunt;
960 1302 1184 1364 argento
1219 1292 1338 1347 illos
1364 1307 1739 1360 corruperunt.
1774 1300 1831 1343 ut

236 1385 647 1440 resurrectionis
695 1384 993 1438 testimonia
1046 1383 1452 1439 sulfurarenlur.
1503 1382 1580 1437 Ne
1622 1382 1833 1436 mireris

238 1476 441 1543 itaque,
483 1477 526 1529 si
559 1486 684 1529 tunc
712 1476 872 1528 etiam
917 1466 1158 1543 improbe
1187 1489 1245 1529 se
1268 1482 1586 1544 gesserunt;
1637 1474 1716 1527 sic
1746 1486 1833 1526 se-

238 1566 347 1620 mel
388 1580 449 1620 se
484 1574 929 1633 comparaverant
954 1564 1021 1618 ad
1050 1580 1261 1619 omnem
1294 1564 1641 1631 impudentia:
1670 1563 1831 1617 ratio-

239 1669 364 1708 nem
400 1672 413 1707 :
445 1652 537 1709 sed
566 1654 691 1707 illud
719 1653 1025 1709 consideres
1056 1654 1237 1719 velim,
1269 1656 1443 1723 qualia
1474 1654 1622 1725 signa
1650 1652 1834 1707 fecerit

238 1760 304 1798 es
327 1743 483 1809 cat-lo,
512 1745 563 1798 in
591 1754 731 1799 terra
762 1754 816 1798 et
842 1744 897 1799 in
915 1743 1032 1814 ipso
1060 1746 1293 1816 templo;
1319 1744 1474 1799 simul
1511 1744 1831 1812 indignatio-

240 1850 363 1889 nem
409 1850 561 1890 suam
610 1846 1073 1902 commonstrans,
1120 1837 1386 1906 simulque
1436 1835 1714 1891 declarans
1769 1849 1831 1887 ea

238 1942 362 1993 qua:
385 1926 512 1981 olim
541 1927 810 1981 inaccessa
847 1937 1020 1994 erant,
1054 1928 1169 1994 jam
1222 1928 1354 1982 adiri
1406 1943 1563 1998 posse
1596 1946 1610 1981 :
1642 1926 1831 1979 czclnm

239 2034 361 2072 esse
377 2019 744 2088 aperiendum,
772 2028 827 2074 et
848 2018 913 2073 ad
935 2035 1057 2074 vera
1081 2029 1263 2074 sancta
1284 2029 1589 2074 sanctorum
1612 2034 1697 2074 res
1714 2034 1834 2072 esse

242 2107 660 2162 transferendas.
702 2108 771 2163 Et
795 2109 880 2163 alii
907 2110 1122 2179 quidem
1163 2110 1431 2173 dicebant,
1466 2110 1528 2164 Si
1553 2126 1641 2164 rex
1671 2108 1837 2164 Israel

240 2206 335 2257 est,
366 2196 631 2250 descendat
656 2210 794 2251 nam:
837 2198 901 2251 de
943 2215 1127 2262 cruce;
1159 2201 1274 2269 ipse
1321 2215 1449 2254 vero
1479 2200 1736 2266 ostendit,
1776 2214 1836 2254 se

244 2303 349 2340 non
392 2287 601 2341 lsraelis
638 2289 819 2351 modo,
852 2289 943 2344 sed
989 2293 1148 2345 totius
1177 2292 1322 2345 orbis
1347 2307 1526 2362 regem
1572 2307 1713 2347 esse.
1757 2292 1834 2346 Illi

241 2376 513 2437 dicebant,
547 2376 645 2444 Qui
679 2377 824 2432 solvit
863 2380 1103 2450 templum
1152 2382 1265 2447 hoc,
1308 2393 1353 2434 et
1398 2384 1450 2436 in
1479 2381 1636 2435 tribus
1665 2383 1836 2436 diebus

243 2465 467 2533 redi/ictu
494 2465 660 2531 illud;
704 2468 819 2537 ipse
842 2484 970 2524 vero
1002 2470 1261 2533 declarat,
1294 2473 1546 2540 templum
1589 2487 1756 2541 usque
1782 2473 1833 2526 in

246 2557 407 2611 tinem
435 2556 704 2614 desertum
735 2557 869 2615 fore.
900 2559 1131 2615 Rursum
1163 2562 1235 2616 illi
1268 2562 1534 2625 dicebant,
1559 2563 1700 2616 Alios
1741 2563 1837 2616 sal-

244 2664 332 2699 ros
362 2648 500 2719 feeit,
524 2648 744 2717 seipsunt
781 2665 883 2703 non
913 2659 1074 2719 potest
1109 2652 1301 2705 salsum
1328 2655 1530 2722 facere;
1569 2652 1683 2724 ipse
1710 2668 1837 2708 vero

247 2738 300 2789 in
326 2752 510 2802 cruce,
538 2737 588 2791 iu
621 2752 897 2793 servorum
927 2742 1241 2809 corporibus
1281 2742 1330 2794 id
1360 2757 1480 2795 cum
1522 2758 1712 2811 magna
1744 2758 1838 2812 po-

248 2828 410 2881 tentia
456 2827 708 2882 ostendit.
742 2828 872 2884 Nam
920 2832 964 2884 si
1010 2832 1422 2900 quatriduanum
1474 2831 1732 2887 Lazarum
1771 2847 1839 2887 ex

246 2918 495 2987 sepulcro
543 2921 691 2974 exire
729 2936 979 2989 magnum
1017 2932 1154 2987 erat,
1198 2924 1364 2978 multo
1406 2924 1577 2993 majus
1623 2933 1839 2979 sanctos

248 3010 370 3065 illus
395 3026 588 3067 omnes
610 3012 720 3077 jam
764 3013 889 3067 olim
920 3017 1156 3083 sepultos
1184 3016 1466 3072 confertim
1495 3020 1644 3072 vivos
1670 3034 1836 3087 appa-

248 3119 402 3166 rere;
433 3104 571 3173 quod
621 3103 811 3159 intime
854 3108 1261 3163 resurrectionis
1304 3112 1511 3179 signum
1564 3120 1700 3164 erat.
1756 3110 1840 3179 Ait

248 3194 391 3248 enim
424 3214 436 3247 :
466 3193 556 3249 52.
590 3194 756 3249 Multa
805 3213 1021 3267 corpora
1063 3212 1353 3252 smit'torum
1390 3202 1476 3271 qui
1506 3174 1835 3265 dormierunt,

247 3295 593 3340 surrexerunt.
622 3286 710 3341 53.
739 3284 801 3339 Et
827 3287 1124 3342 introierunt
1153 3290 1206 3343 in
1239 3301 1466 3344 sanctam
1496 3292 1761 3355 civitatem,
1794 3302 1840 3345 et

247 3388 595 3445 apparuerunt
625 3378 815 3432 multis.
857 3379 933 3435 Ne
962 3381 1102 3435 enim
1130 3392 1407 3451 putaretur
1427 3383 1477 3437 id
1507 3384 1647 3453 quod
1683 3385 1842 3440 ﬁebat

252 3469 567 3533 phantasma
597 3484 733 3532 esse,
766 3471 947 3527 multis
968 3474 1125 3526 etiam
1150 3485 1407 3545 apparent
1432 3475 1485 3530 in
1509 3478 1741 3532 civitate.
1778 3478 1843 3531 Et

248 3558 494 3611 centurio
514 3574 725 3629 quoque
758 3560 921 3615 Deum
947 3572 1073 3617 tunc
1101 3563 1415 3633 gloriﬁcavit
1444 3566 1626 3621 dicens
1661 3588 1673 3621 :
1719 3568 1843 3621 Vere

250 3648 332 3699 hic
368 3647 517 3702 homo
537 3651 711 3719 justus
738 3666 864 3707 erat.
913 3652 981 3705 Et
1012 3655 1169 3709 turba:
1195 3673 1307 3725 qua:
1348 3670 1585 3712 venerant
1626 3662 1693 3713 ad
1736 3678 1845 3731 spe-

248 3740 508 3801 ctandum,
553 3743 881 3808 percutientes
908 3756 1109 3814 pectora
1135 3762 1248 3810 sna,
1279 3750 1650 3803 rercrtebuntur
1689 3750 1838 3818 (Luc.

248 3830 321 3882 9.3
364 3831 451 3884 47.
486 3832 595 3901 48).
645 3833 812 3888 Tanta
860 3846 943 3890 est
986 3838 1156 3891 virtus
1201 3841 1461 3900 crncitixi,
1508 3851 1562 3894 ut
1608 3853 1724 3911 post
1766 3853 1843 3898 tot

253 3919 530 3975 irrisiones
556 3931 608 3976 et
634 3922 875 3990 dicteria,
907 3936 961 3981 et
986 3929 1231 3983 centurio
1252 3942 1303 3985 et
1330 3931 1552 4000 pepulns
1578 3949 1841 4003 compun-

249 4019 522 4078 gerentur.
572 4012 795 4078 Quidam
853 4031 979 4069 vero
1023 4030 1241 4073 narrant
1293 4019 1432 4075 hunc
1471 4026 1838 4079 centurionem

254 4101 510 4163 posteaiu
536 4103 637 4157 title
661 4106 985 4169 rnboratum,
1012 4112 1322 4181 martyrium
1352 4111 1559 4168 fortiter
1588 4116 1837 4171 subiisse.

250 4190 341 4246 55.
372 4189 528 4245 Erant
558 4205 724 4249 mttem
752 4198 856 4251 illic
881 4200 1113 4253 mulieres
1142 4204 1311 4255 multm
1357 4223 1385 4255 (ι
1422 4205 1569 4272 longe
1599 4208 1837 4273 ridentes,

250 4298 367 4347 quae
394 4295 615 4353 sequuta!
656 4291 858 4355 fuerant
900 4289 1073 4342 Jcsnm
1101 4309 1132 4343 rt
1164 4292 1378 4346 (Iuli/rm
1410 4298 1746 4352 ministrantes
1772 4300 1837 4365 ei,

254 4373 343 4433 5:6,
376 4374 427 4426 in
456 4376 632 4443 quibus
660 4390 764 4430 erat
806 4379 972 4433 Maria
1006 4382 1324 4452 Mngdulcnr,
1357 4397 1403 4439 et
1440 4388 1607 4443 .llm'ia
1635 4391 1835 4452 Jacobi.

250 4474 299 4516 ct
321 4464 443 4519 Jose
472 4476 647 4532 mater,
676 4481 720 4522 et
742 4481 898 4523 mater
918 4475 1138 4540 ﬁliorum
1164 4476 1407 4533 Ζριὸείιιιιί.
1446 4481 1567 4537 ll:ec
1594 4486 1726 4537 facta
1766 4488 1840 4538 \i-

250 4553 377 4607 clunt
406 4557 655 4612 mulieres
689 4559 813 4622 illm,
837 4578 956 4630 qua:
987 4567 1215 4620 maxime
1240 4569 1421 4622 dolent
1448 4587 1508 4625 ac
1542 4574 1743 4639 lugent.
1776 4576 1841 4629 Et

250 4647 557 4702 consideres
599 4650 758 4703 velim
801 4669 958 4721 quam
1013 4658 1241 4711 assiduae
1286 4661 1413 4712 sint.
1466 4664 1841 4733 Sequebantur

253 4738 425 4805 ipsum
467 4740 853 4807 ministrantes,
901 4755 951 4799 et
993 4763 1159 4819 usque
1202 4752 1265 4804 ad
1316 4756 1547 4821 pericula
1591 4758 1834 4815 aderant.

252 4825 481 4895 Ideoque
520 4832 695 4883 omnia
742 4837 1074 4903 spectabant,
1128 4846 1393 4909 quomodo
1443 4848 1755 4902 clamaverit
1787 4861 1840 4905 et

249 4918 634 4985 exspiraverit;
687 4926 953 4990 quomodo
987 4941 1148 4995 petra:
1182 4937 1358 4987 scissa:
1386 4936 1508 4997 sint,
1540 4950 1840 5011 ceteraque

250 5012 447 5062 omnia.
480 5011 715 5083 Ipsasquc
752 5018 935 5085 primm
964 5019 1143 5075 Iesum
1193 5026 1401 5093 vident;
1447 5029 1637 5097 llic-ple
1676 5049 1838 5088 sexus

249 5100 481 5155 maxime
506 5102 805 5169 damnatus,
842 5109 1040 5175 primus
1069 5112 1326 5168 bonorum
1360 5124 1666 5184 spectaculo
1710 5127 1807 5178 frui
1833 5160 1839 5167 .

249 5200 334 5241 tnr
364 5207 378 5240 :
408 5192 548 5257 quod
578 5196 807 5249 maxime
841 5199 1045 5254 illarum
1076 5202 1437 5261 fortitudinem
1469 5215 1831 5271 commendat.

250 5280 500 5347 ltiscipuli
541 5282 803 5353 fugerunt,
839 5290 939 5343 illa:
962 5293 1202 5348 aderant.
1242 5299 1495 5365 Qua'natn
1526 5304 1837 5361 illuserant?

247 5370 416 5423 Mater
440 5373 574 5440 cjns,
607 5393 765 5444 quam
789 5380 911 5434 dicit
937 5382 1139 5447 Jacobi,
1170 5401 1219 5441 et
1243 5391 1481 5459 reliqum.
1512 5397 1657 5447 Alius
1686 5414 1838 5453 cvan-

246 5463 432 5527 gt-lista
463 5464 670 5532 (Lucas,
695 5470 844 5539 ibid.)
876 5473 1021 5537 dicit,
1056 5479 1246 5531 multos
1276 5482 1438 5537 fuisse
1479 5488 1565 5552 qui
1608 5488 1676 5539 ob
1724 5490 1835 5545 ha-c

240 5552 558 5620 rimi-TW“
608 5570 893 5630 Ροίτιιικιιιιυ
938 5568 1247 5635 tnudercnt;
1283 5575 1422 5642 quod
1472 5582 1706 5635 maxime
1738 5583 1833 5635 .In-

242 5644 481 5697 d:cormn
514 5650 882 5706 crudelitatem
916 5662 1253 5729 ostendi-bat,
1287 5667 1376 5733 qui
1415 5669 1480 5722 de
1518 5674 1710 5739 quibus
1742 5677 1829 5729 alii

248 5737 522 5802 gemebant
562 5741 932 5816 l-rgebtmtqtm,
968 5752 1032 5806 i‘e
1077 5755 1261 5811 iisdem
1302 5761 1395 5828 ψεῖ
1442 5762 1826 5832 gloriabantur.

1074 348 1140 404 IN
1181 348 1585 405 M.\TT!I:EU)I
1628 349 1855 403 HUlllL.
1905 346 2237 404 LXXXVIII.
2283 345 2351 398 al.
2397 345 2686 400 LXXXIX.

3428 346 3529 401 778

1935 478 2106 528 neque
2137 459 2503 515 misericordia
2524 462 2676 523 muti,
2702 476 2875 531 neque
2899 462 3088 516 timore
3109 461 3350 517 cohibiti.
3372 466 3533 533 Signa

1933 556 2130 624 quippe
2158 554 2270 618 illa,
2313 568 2419 606 non
2465 553 2625 607 modo
2666 554 2835 623 signa,
2889 554 2983 607 sed
3016 555 3109 609 ira:
3139 568 3347 623 magna;
3392 555 3537 607 furo-

1936 648 2114 717 risque
2134 647 2282 717 signa
2324 654 2512 711 erant;
2546 648 2806 711 tenebrae,
2838 656 3006 715 petrae
3040 648 3245 713 scissae,
3287 647 3461 702 velum
3505 664 3532 699 a

1936 740 2113 795 medio
2144 740 2458 805 rescissum,
2506 748 2661 793 terra:
2705 748 2880 793 motus
2912 756 2924 792 :
2958 738 3077 794 haec
3111 740 3344 810 ingentis
3382 748 3537 794 erant

1938 833 2334 903 indignationis.
2369 832 2460 887 58.
2492 831 2749 885 Accedens
2792 841 2959 885 autent
3001 830 3217 900 Ioseph,
3254 833 3393 902 petiit
3432 848 3538 886 cor-

1935 941 2047 995 pus.
2082 924 2179 979 llic
2208 934 2322 980 erat
2362 922 2563 994 Ioseph
2595 925 2703 987 illc,
2736 924 2823 993 qui
2865 937 2926 978 se
2956 924 3103 993 prius
3132 925 3492 980 occultaverat
3522 940 3535 985 ;

1938 1030 2080 1069 nunc
2114 1030 2243 1069 vero
2280 1029 2529 1085 magnum
2564 1014 2837 1083 quidpiam
2864 1029 3030 1069 ausus
3069 1024 3153 1070 est
3185 1025 3304 1085 post
3333 1013 3535 1071 Christi

1939 1116 2184 1159 mortem.
2216 1104 2332 1160 Non
2363 1106 2508 1161 enim
2540 1104 2790 1173 ignobilis
2817 1106 3159 1177 ignotusque,
3192 1106 3286 1161 sed
3318 1122 3384 1161 ex
3408 1121 3534 1160 con-

1936 1196 2058 1250 silio
2087 1212 2220 1250 unus
2250 1196 2645 1265 admodnmque
2676 1196 2900 1266 insignis
2938 1206 3058 1253 erat
3087 1214 3101 1251 :
3131 1197 3275 1253 unde
3306 1199 3537 1253 maxime

1938 1286 2053 1352 eius
2086 1286 2343 1342 tortitndo
2371 1289 2660 1358 spectanda
2692 1300 2776 1345 est
2801 1308 2816 1346 :
2845 1306 2969 1345 nam
3008 1291 3060 1346 in
3102 1291 3296 1347 mortis
3324 1291 3539 1362 pericu-

1941 1379 2048 1432 lum
2089 1380 2357 1445 veniebat,
2388 1396 2510 1435 cum
2552 1382 2791 1437 omnium
2829 1384 2882 1438 in
2914 1398 2974 1439 se
3005 1383 3189 1439 odium
3216 1385 3535 1450 concitaret,

1940 1469 2065 1524 dum
2108 1486 2259 1526 suam
2290 1486 2413 1542 erga
2449 1470 2634 1528 Iesum
2666 1474 3095 1529 benevolentiam
3137 1474 3539 1540 demonstrans,

1939 1575 2136 1629 ci-rpus
2163 1570 2346 1631 petere
2376 1578 2539 1617 ausus
2560 1555 2675 1628 'est,
2709 1580 2878 1634 neque
2906 1562 3132 1631 destitit,
3162 1566 3338 1622 donec
3381 1566 3431 1621 id
3459 1580 3544 1622 as-

1940 1661 2196 1721 scqnutus
2245 1662 2409 1708 esset.
2442 1652 2551 1709 Nec
2591 1656 2799 1724 accepit
2843 1655 3006 1710 modo
3052 1665 3109 1712 et
3149 1671 3272 1712 cum
3323 1668 3538 1727 sumptu

1940 1743 2201 1811 sepelivit,
2231 1744 2326 1799 sed
2355 1746 2407 1799 in
2430 1746 2679 1815 sepulcro
2703 1762 2803 1802 suo
2830 1763 2992 1818 novp,
3018 1748 3143 1803 hinc
3164 1764 3406 1806 amorem
3434 1749 3544 1805 for-

1942 1835 2333 1906 titudinemque
2358 1853 2509 1891 snam
2540 1837 2940 1893 demonstrans.
2970 1839 3085 1895 Hoc
3125 1856 3255 1896 vero
3286 1857 3393 1895 non
3426 1842 3544 1895 sine

1941 1940 2121 1991 causa,
2151 1942 2252 1982 nec
2278 1927 2395 1983 sine
2438 1929 2772 1999 providentia
2797 1931 2866 1984 ita
2895 1916 3093 1987 factum
3127 1942 3230 1998 est,
3261 1932 3355 1987 sed
3390 1946 3439 1986 III
3478 1950 3545 1987 ne

1944 2019 2048 2071 ulla
2074 2019 2158 2074 vel
2191 2019 2413 2074 minima
2458 2020 2693 2089 suspicio
2726 2029 3051 2086 remaneret,
3102 2023 3266 2076 alium
3311 2038 3411 2094 pro
3440 2023 3547 2077 alin

1944 2112 2265 2168 surrexisse.
2315 2112 2404 2167 61.
2461 2112 2623 2166 Erant
2661 2123 2828 2166 autem
2876 2112 3049 2168 "(tria
3104 2113 3455 2183 Magdttlene,
3500 2125 3546 2168 rt

1944 2202 2106 2255 altera
2154 2201 2325 2256 Maria
2356 2203 2584 2257 sedentes
2627 2220 2653 2257 e
2687 2206 2889 2273 regione
2918 2206 3163 2275 sepulcri.
3196 2207 3306 2261 Cur
3341 2208 3445 2261 illm
3477 2207 3546 2260 ita

1943 2293 2233 2348 assident?
2280 2294 2424 2349 Nihil
2463 2294 2640 2350 adhuc
2685 2311 2935 2366 magnum
2973 2297 3055 2351 vel
3086 2298 3319 2352 sublime
3358 2298 3425 2351 de
3457 2298 3549 2352 illo

1944 2386 2186 2440 scielutnt
2215 2403 2229 2442 :
2261 2387 2490 2456 ideoque
2519 2398 2787 2459 unguenta
2816 2388 3134 2453 attulerunt,
3177 2398 3233 2444 et
3259 2404 3427 2459 prope
3457 2404 3549 2443 sc-

1952 2470 2206 2539 pulerum
2241 2477 2559 2543 manebant,
2595 2490 2674 2546 ut,
2704 2480 2751 2534 si
2793 2478 3112 2533 Judzeorum
3152 2479 3308 2536 furor
3334 2482 3554 2538 sedare-

1955 2568 2070 2627 tur,
2107 2565 2433 2621 accederent
2461 2575 2517 2623 et
2548 2568 2719 2623 elluse
2747 2569 3237 2638 amplecterentur.

2016 2658 2070 2712 ὃ.
2122 2657 2459 2729 Eleemosyna
2488 2658 2698 2727 pauperi
2746 2658 2890 2724 datu,
2947 2657 3151 2713 Christo
3192 2669 3453 2731 erogatur.
3480 2690 3550 2704 —-

1954 2750 2109 2805 Vides
2139 2751 2423 2805 mulierum
2460 2750 2865 2807 fortitudinem?
2894 2751 3046 2807 vides
3078 2752 3367 2807 amorem?
3398 2752 3549 2808 vides

1949 2842 2327 2896 liberalitatem
2358 2843 2409 2895 in
2436 2858 2668 2911 expensa
2697 2858 2867 2914 usque
2901 2843 2967 2898 ad
2994 2843 3188 2899 mortis
3207 2844 3505 2915 periculum
3528 2845 3551 2898 ξ’

1951 2932 2125 2987 Ilasce
2146 2935 2398 2988 mulieres
2439 2934 2730 2997 imitemur,
2777 2936 2874 2988 viri
2911 2952 2922 2989 ;
2964 2949 3032 2991 ne
3058 2934 3243 2991 .lcsum
3287 2935 3339 2991 in
3373 2946 3551 2992 tenta-

1950 3025 2182 3079 tionibus
2208 3025 2594 3094 relinquamus.
2631 3026 2738 3081 [tlte
2771 3026 2822 3079 in
2856 3036 3129 3082 mortuum
3165 3036 3244 3082 tot
3278 3028 3551 3097 impende-

1950 3124 2094 3182 runt,
2121 3114 2172 3169 iu
2198 3118 2319 3169 vita:
2350 3130 2461 3171 sua:
2502 3117 2795 3185 periculum
2828 3135 2841 3170 :
2873 3134 2971 3172 nos
3006 3128 3187 3174 autem
3220 3118 3375 3189 (libet
3407 3121 3551 3173 enim

1951 3208 2182 3277 idipsum
2207 3213 2478 3278 repetere)
2505 3225 2604 3263 nec
2622 3211 2950 3266 esurientem
2969 3212 3187 3279 alimus,
3221 3227 3324 3267 nec
3344 3212 3551 3267 nudum

1952 3300 2243 3367 induimus,
2288 3301 2383 3356 sed
2424 3302 2573 3356 illum
2616 3302 3013 3358 mendicantem
3044 3302 3290 3359 videntes
3325 3315 3552 3374 praeter-

1950 3394 2237 3449 currimus.
2285 3394 2425 3448 Sane
2482 3396 2527 3449 si
2584 3396 2757 3463 ipsum
2803 3392 3079 3450 Christum
3129 3395 3409 3462 videretis,
3457 3412 3554 3452 sua

1951 3487 2147 3557 singuli
2193 3485 2597 3555 profnmlerent.
2640 3487 2745 3543 Sed
2780 3504 2923 3544 nunc
2965 3488 3105 3543 idem
3139 3487 3256 3559 ipse
3299 3499 3401 3545 est.
3436 3489 3555 3559 Ipse

1952 3593 2182 3647 namque
2211 3578 2363 3642 dixit,
2398 3578 2512 3647 Ego
2552 3594 2690 3633 sum.
2719 3576 2827 3633 Cur
2856 3595 2984 3649 ergo
3015 3594 3120 3634 non
3148 3582 3329 3634 omnia
3379 3580 3553 3635 ction-

1950 3670 2073 3723 dis?
2100 3670 2307 3724 Etenim
2339 3686 2480 3725 nunc
2504 3670 2771 3724 dicentem
2795 3672 2969 3735 audis,
2993 3670 3122 3725 Mihi
3153 3672 3335 3743 facis'.
3366 3672 3550 3741 Neque

1951 3761 2221 3832 quidpiam
2268 3764 2493 3816 interest
2537 3772 2711 3817 utrmn
2760 3763 2901 3826 huic,
2958 3775 3136 3819 utrum
3193 3765 3265 3820 illi
3311 3765 3547 3827 dederis,

1955 3872 2130 3926 neque
2157 3857 2336 3910 minus
2363 3857 2576 3922 feceris,
2618 3874 2778 3927 quam
2827 3862 3083 3916 mulieres
3125 3863 3250 3927 ilhc,
3281 3880 3399 3933 quat
3432 3876 3555 3918 tmte

1956 3948 2126 4015 ipsum
2170 3948 2497 4011 nutriebant,
2528 3948 2635 4002 imo
2676 3952 2844 4004 multo
2885 3953 3081 4022 majus.
3116 3954 3412 4009 Verum‘ue
3443 3966 3556 4009 tur-

1954 4038 1987 4090 b
2008 4038 2172 4090 ‘mini.
2219 4037 2334 4091 Non
2363 4048 2443 4092 cst
2474 4039 2615 4092 enim
2647 4041 2851 4109 :cquale
2881 4042 3055 4111 ipsum
3090 4044 3372 4099 Dominum
3416 4062 3553 4114 pra--

1953 4138 2162 4182 sentem
2196 4129 2367 4192 alcre,
2407 4131 2547 4199 quod
2579 4132 2658 4184 vel
2694 4132 2959 4201 lapideum
2992 4134 3230 4189 animum
3264 4138 3545 4206 pertrahe-

1954 4230 2055 4276 ret,
2113 4229 2166 4272 ct
2216 4230 2435 4288 prepter
2480 4223 2641 4275 verba
2693 4223 2810 4291 eius
2859 4224 3176 4292 dumtaxat,
3235 4242 3549 4297 pauperi-in,

1954 4314 2219 4374 unnilnm,
2256 4315 2531 4369 incurvum
2564 4316 2835 4371 hominem
2883 4321 3084 4376 fovere.
3118 4321 3193 4377 lbi
3226 4324 3366 4378 enim
3395 4342 3551 4395 aspe-

1953 4418 2068 4457 (ltts
2091 4406 2430 4474 dignitaSquc
2460 4412 2740 4477 praesentis
2768 4412 3024 4477 attrahit;
3060 4416 3145 4470 hic
3170 4426 3349 4473 autem
3381 4427 3550 4474 totmn

1955 4497 2335 4550 IIIISCI‘iCtlI'LIiic
2368 4500 2458 4551 tibi
2484 4500 2760 4566 prannium
2784 4503 3107 4559 adscribitur
3133 4526 3146 4560 :
3173 4510 3453 4579 majusque
3472 4522 3553 4566 cst

1954 4595 2054 4640 tua!
2080 4603 2203 4655 erga
2238 4588 2384 4641 illum
2418 4594 2737 4646 reverentiae
2768 4607 3167 4664 argumentum,
3194 4602 3411 4667 quando
3430 4620 3553 4669 prn-

1952 4688 2069 4746 pter
2099 4679 2216 4744 ejus
2250 4684 2413 4735 verba
2459 4697 2778 4738 conservum
2817 4686 2964 4740 foves
2997 4690 3047 4742 in
3086 4692 3359 4747 onmihus.
3409 4695 3551 4749 anc

1954 4769 2133 4834 igitur,
2182 4786 2244 4823 ac
2294 4772 2454 4825 crede
2498 4775 2783 4843 accipienti
2813 4788 2866 4830 et
2894 4778 3117 4843 dicenti,
3164 4780 3295 4836 Mihi
3336 4786 3537 4840 dedisti.

1954 4859 2060 4911 [\‘isi
2104 4862 2246 4913 cnim
2281 4862 2381 4931 ipsi
2423 4862 2603 4930 dares,
2646 4881 2752 4920 non
2784 4878 2834 4922 te
2875 4869 2963 4923 ille
3010 4887 3176 4939 regno
3214 4874 3548 4945 dignaretur.

1949 4948 2058 5003 Nisi
2091 4950 2259 5019 ipsum
2292 4957 2639 5023 aversareris,
2677 4974 2780 5013 non
2813 4969 2861 5013 te
2888 4961 2937 5015 in
2967 4963 3269 5032 gehennam
3289 4968 3543 5031 mitteret.

1951 5038 2091 5107 quod
2126 5042 2279 5094 vilem
2319 5045 2550 5112 aliquem
2591 5046 2865 5105 hominem
2895 5053 3254 5123 despexisses.
3284 5059 3388 5115 Sed
3427 5066 3547 5131 quia

1952 5132 2040 5183 ille
2074 5134 2185 5199 ipse
2215 5144 2297 5187 est
2325 5138 2413 5205 qui
2443 5138 2755 5206 dcsptcrlur,
2792 5145 2910 5197 ideo
2933 5164 3182 5215 magnum
3218 5151 3266 5205 id
3289 5154 3539 5223 ﬂagitium

1950 5234 2051 5277 est.
2076 5225 2165 5279 Sic
2194 5238 2247 5280 ct
2273 5228 2467 5282 Paulus
2505 5232 2651 5285 illum
2679 5240 3124 5305 prrschn-batnr;
3160 5242 3280 5297 ideo
3308 5246 3537 5309 diccbat,

1954 5314 2088 5379 Quid
2111 5334 2187 5369 me
2212 5325 2521 5389 persequeris
2542 5325 2679 5389 (.lct.
2703 5327 2754 5379 9.
2780 5329 2833 5397 αἱ)
2856 5330 2878 5379 ?
2903 5330 2989 5384 Sic
3008 5348 3157 5401 ergo,
3183 5351 3303 5390 cum
3332 5337 3539 5400 damus,

1948 5403 2122 5459 ειπεριί
2154 5410 2342 5469 simus.
2384 5427 2445 5465 ac
2488 5415 2529 5463 si
2560 5414 2775 5470 Christo
2803 5434 3149 5488 crcgaremus
3180 5444 3193 5479 :
3226 5443 3346 5480 nam
3383 5430 3542 5482 verba

1946 5495 2083 5564 ejus,
2118 5499 2233 5567 plus
2272 5517 2428 5570 quam
2471 5518 2531 5556 ea
2576 5521 2696 5574 qua:
2728 5510 2827 5561 sub
2875 5524 3149 5580 aspectum
3183 5518 3379 5571 cadunt
3416 5535 3537 5574 cre-

1947 5588 2139 5642 denda.
2198 5593 2330 5647 Cum
2392 5598 2587 5651 videris
2649 5617 2777 5671 ergo
2844 5620 3176 5674 palmet-em,
3246 5613 3535 5668 record'ro-

2015 5721 2041 5804 ἐ
2067 5727 2259 5797 “viVi-9.
2277 5737 2373 5799 Ἴτ’·
2398 5742 2488 5776 t-‘Wt
2512 5733 2670 5777 0mm"
2688 5736 2913 5798 t’ﬂ'ttttdis,
2939 5743 3132 5800 quando
3151 5744 3343 5804 (It-'iu'rm
3381 5769 3399 5792 ιι
3417 5746 3540 5797 .lliiai

1940 5782 2083 5841 frtris,
2120 5806 2133 5830 ε
2163 5790 2360 5841 ιιιιιξςδίδ
2388 5798 2715 5850 ίιιιυτμιιςιιῂδ,
