4050 6428
529 311 629 368 779

527 426 833 492 verborum,
877 424 1069 496 quibus
1110 435 1165 476 se
1211 421 1324 490 ipse
1369 420 1498 474 dicit
1547 418 1815 473 alendum.
1869 416 2097 472 Etiamsi

530 517 666 572 enim
699 517 744 572 is
769 515 856 586 qui
882 521 1102 583 apparet
1130 519 1234 566 n'on
1265 510 1333 565 sit
1353 510 1619 574 Christus,
1644 509 1738 564 sed
1760 507 1860 563 sub
1889 507 1986 562 hae
2008 507 2098 563 ille

529 610 694 676 ligura
733 605 860 675 petit
884 613 936 658 et
970 603 1180 671 accipit.
1212 601 1478 656 Erubesce
1521 602 1697 671 igitur,
1736 614 1856 653 eum
1897 599 2096 668 petenti

530 713 634 752 non
668 695 894 750 dederis.
928 694 1038 748 lloc
1075 692 1259 762 pudori
1289 702 1391 757 est,
1431 691 1530 746 hoc
1566 705 1771 760 pennam
1801 699 1857 744 et
1894 691 2098 758 suppli-

527 788 666 843 cium
697 794 948 840 meretur.
980 785 1110 839 Nam
1137 784 1278 854 quod
1302 784 1585 845 mendicat,
1623 782 1690 836 ad
1717 783 1833 847 ejus
1869 782 2094 851 pertinet

529 875 834 940 bonitatem,
861 890 923 930 ac
943 886 1160 946 promer
1176 874 1275 929 hoc
1295 889 1390 928 nos
1408 874 1620 943 gloriari
1647 888 1740 940 par
1759 882 1841 926 est
1866 889 1878 924 :
1908 874 1952 928 si
1973 889 2098 926 vero

527 985 632 1024 non
663 967 897 1030 dederis,
933 977 1035 1020 tua:
1067 967 1167 1021 erit
1195 965 1538 1045 crudeli'ptis.
1573 963 1722 1033 Quod
1748 966 1792 1019 si
1823 981 1962 1018 num:
1994 981 2096 1017 non

525 1058 714 1114 eredas
742 1066 812 1123 te,
836 1072 954 1113 eum
979 1070 1263 1126 pauperem
1287 1053 1494 1110 fidelem
1524 1055 1904 1124 praete-renuis.
1927 1055 2095 1123 ipsum

526 1157 958 1217 prxtercnrrere,
985 1155 1108 1200 tunc
1132 1143 1317 1200 credes
1343 1158 1464 1198 cum
1502 1153 1553 1198 te
1583 1144 1634 1197 in
1674 1143 1850 1198 medio
1889 1144 2094 1197 illorum

527 1237 804 1308 producto,
841 1237 980 1292 dicet
1007 1255 1021 1291 :
1047 1236 1116 1291 In
1158 1246 1400 1307 quantum
1436 1236 1514 1290 Itis
1551 1253 1652 1290 non
1694 1237 1900 1306 fecistis,
1941 1251 2098 1304 neque

526 1329 652 1382 mihi
677 1329 884 1399 fecistis.
927 1327 1032 1383 Sed
1068 1327 1206 1383 absit
1236 1337 1290 1382 ut
1320 1341 1414 1381 vos
1458 1327 1586 1382 illud
1622 1329 1692 1382 ita
1729 1328 1969 1394 tliscatis,
2001 1325 2096 1381 scd

529 1421 728 1474 utinam
752 1433 889 1474 nunc
912 1419 1211 1484 credentes,
1237 1427 1292 1473 et
1317 1418 1709 1482 froctilieantes,
1733 1418 2095 1474 beatissimam

528 1511 670 1565 illam
699 1511 923 1565 audiatis
949 1523 1154 1576 vocem,
1186 1524 1301 1579 qua:
1329 1523 1423 1563 vos
1448 1510 1498 1563 in
1528 1524 1748 1574 regnum
1774 1508 2091 1563 introdoeat.

526 1599 724 1656 Verum
761 1601 903 1656 dicet
938 1601 1163 1656 fortasse
1205 1599 1465 1670 quispiam
1505 1615 1519 1651 :
1559 1598 1808 1664 Quotidie
1839 1597 1992 1653 nobis
2027 1597 2096 1653 de

526 1695 863 1765 eiecmosyna
907 1701 962 1747 et
1008 1691 1366 1748 misericordia
1418 1690 1657 1746 disseris.
1710 1690 1892 1760 Neque
1915 1682 2094 1744 ‘linetu

525 1783 739 1840 dicendi
761 1784 970 1839 faciam.
1004 1783 1222 1837 Etiamsi
1250 1784 1391 1838 enim
1414 1797 1476 1838 ea
1507 1783 1644 1852 apud
1671 1796 1764 1837 vos
1798 1792 1943 1837 recte
1971 1795 2093 1851 pro-

525 1873 798 1940 cederent,
832 1888 1003 1943 neque
1027 1883 1154 1927 tunc
1177 1871 1538 1927 desistendum
1568 1882 1725 1936 esset,
1760 1889 1826 1927 ne
1851 1872 1974 1926 hinc
2000 1888 2095 1928 ne~

525 1962 865 2032 gligentiores
905 1961 1219 2016 evaderctis.
1253 1961 1500 2016 Attamen
1536 1961 1580 2016 si
1621 1961 1755 2016 bene
1790 1975 1876 2016 res
1914 1976 2099 2030 procc-

525 2053 696 2120 tlcret,
727 2053 901 2106 minus
927 2053 1180 2107 iustarem
1205 2068 1219 2104 τ
1237 2052 1279 2105 si
1311 2065 1438 2106 vero
1460 2066 1527 2105 ne
1547 2049 1611 2104 ad
1632 2051 1860 2105 medium
1881 2050 2094 2120 quidem

543 2143 875 2211 pervenistis,
902 2158 968 2200 ne
997 2142 1146 2206 mihi,
1168 2142 1261 2198 sed
1290 2142 1438 2196 vobis
1465 2141 1593 2212 ipsis
1616 2141 1666 2195 id
1704 2140 1938 2210 objicite.
1962 2140 2094 2194 Nam

536 2234 756 2306 perinde
795 2234 941 2300 facis,
972 2235 1097 2289 dmn
1127 2224 1489 2305 conqueraris,
1518 2241 1677 2302 atque
1711 2232 1754 2286 si
1788 2247 1918 2302 puer
1940 2231 2095 2302 alpha

527 2341 668 2394 sa-pe
693 2325 934 2390 audiens,
963 2341 1059 2380 nec
1084 2325 1347 2391 ediscens,
1378 2323 1516 2393 apud
1537 2324 1843 2394 magistrum
1864 2339 2096 2393 conque-

528 2429 757 2479 teretur,
801 2420 941 2485 quod
991 2415 1300 2485 frequenter
1351 2429 1417 2470 ac
1459 2423 1717 2484 perpetuo
1757 2413 1808 2469 id
1859 2414 2094 2468 dot-cret.

527 2507 657 2574 Quis
697 2506 838 2561 enim
882 2521 948 2560 ex
991 2505 1168 2560 verbis
1211 2504 1342 2559 meis
1372 2503 1541 2559 factus
1578 2513 1661 2559 est
1697 2504 1994 2574 expeditior
2029 2503 2096 2558 ad

527 2598 919 2668 eleemosynam
942 2596 1207 2651 dandam?
1234 2597 1352 2668 quis
1400 2596 1651 2667 pecunias
1686 2596 1950 2666 profudit?
1977 2599 2098 2666 quis

527 2690 801 2745 dimidium
849 2704 1045 2760 opum.
1103 2689 1221 2758 quis
1274 2689 1482 2744 tertiam
1537 2700 1738 2758 partem
1790 2686 2095 2743 distribuit?

525 2779 715 2836 Nemo.
743 2779 1022 2845 Quomodo
1043 2794 1170 2847 ergo
1195 2777 1479 2833 absurdum
1511 2795 1616 2832 non
1639 2778 1816 2842 fuerit,
1844 2778 1969 2831 dum
2002 2792 2094 2832 vos

461 2930 466 2937 ,
528 2885 632 2924 non
654 2869 875 2933 discitis,
903 2869 1090 2936 jubere
1117 2885 1214 2923 nos
1236 2885 1263 2920 ιι
1294 2867 1534 2923 docendo
1563 2867 1864 2923 absistere?
1896 2868 2093 2923 Contra

525 2960 823 3014 faciendum
869 2970 1056 3015 esset:
1090 2959 1133 3013 si
1189 2973 1286 3014 nos
1332 2959 1592 3013 absistere
1648 2958 1944 3023 vellemus,
1998 2973 2094 3012 vos

524 3058 796 3118 Oportcret
823 3050 1052 3103 retinere
1072 3063 1134 3104 ac
1153 3048 1366 3120 dicere:
1387 3047 1628 3102 Nondum
1651 3047 1763 3101 haec
1789 3046 2090 3111 didicimus,

525 3147 580 3194 et
603 3155 700 3194 cur
725 3155 756 3194 a
783 3138 1048 3193 monendo
1071 3137 1362 3193 desistitis?
1387 3137 1443 3193 Si
1470 3138 1588 3207 quis
1613 3138 1751 3192 oeuli
1788 3137 2095 3192 inﬁrmitate

525 3227 809 3296 laboraret,
837 3237 890 3283 et
926 3244 1026 3299 ego
1063 3228 1303 3284 medicus
1339 3243 1535 3293 essent,
1565 3228 1608 3281 si
1647 3228 1957 3297 emplastro,
2000 3244 2098 3281 un-

524 3319 723 3382 ctione,
763 3318 977 3390 reliquis
1019 3318 1268 3374 remediis
1304 3317 1577 3378 adhibitis.
1624 3335 1810 3388 parum
1865 3318 2094 3387 profuis-

523 3424 657 3472 sem,
690 3416 745 3464 et
781 3409 982 3463 abirem
1013 3423 1230 3464 :annon
1258 3408 1325 3463 ad
1352 3408 1580 3463 officina:
1611 3408 1752 3463 fores
1793 3407 2090 3473 accederet,

525 3501 798 3566 clamaret,
837 3515 1025 3570 meque
1072 3498 1140 3555 de
1183 3501 1382 3571 ingenti
1434 3501 1748 3571 negligentia
1798 3511 2092 3568 accusaret,

528 3591 667 3661 quod
695 3602 1069 3660 perseverante
1098 3593 1285 3646 morbo
1321 3593 1699 3647 recessissem?
1724 3604 1778 3647 et
1803 3593 1847 3647 si
1877 3607 2094 3647 accusa-

528 3693 614 3737 tus
653 3683 1031 3754 responderem
1068 3703 1083 3737 z
1127 3683 1459 3753 Cataplasma
1500 3685 1744 3753 appOsui,
1786 3685 1934 3753 unsi,
1969 3702 2091 3739 num

528 3775 656 3829 illud
701 3773 894 3829 ferret?
924 3775 1156 3839 Minime,
1187 3774 1282 3831 sed
1309 3775 1487 3829 statim
1522 3775 1720 3831 diceret
1754 3795 1767 3829 :
1806 3776 1936 3844 Qua:
1962 3776 2091 3831 mihi

531 3865 653 3918 hinc
688 3865 904 3930 utilitas,
937 3863 1062 3919 dum
1102 3863 1244 3920 male
1270 3863 1507 3920 aflicior?
1548 3865 1776 3934 idipsmn
1821 3866 1889 3921 de
1917 3868 2092 3921 anima

529 3956 778 4024 rogitato.
810 3955 970 4022 Quid,
992 3957 1037 4010 si
1063 3970 1275 4012 manum
1301 3955 1587 4024 infirmam,
1617 3967 1935 4029 torpentem,
1960 3973 2060 4014 con
2077 3987 2091 3998 ~

510 4056 762 4110 tractam,
805 4060 947 4113 sa-pe
992 4044 1385 4100 lamentatione
1418 4063 1618 4100 curans
1641 4085 1655 4108 ,
1691 4045 1938 4100 emollire
1977 4058 2087 4096 non

519 4138 822 4210 potuissem
845 4135 868 4189 ?
893 4151 1076 4190 annon
1095 4137 1330 4207 idipsum
1351 4136 1634 4190 audirem?
1663 4135 1731 4188 At
1761 4149 1906 4189 nunc
1927 4137 2091 4188 etiam

519 4243 744 4284 manum
811 4236 1148 4282 contractam
1204 4236 1260 4283 et
1305 4229 1620 4282 arefactum
1656 4225 1966 4295 irrigamus.
2030 4222 2097 4276 Et

531 4313 669 4374 ideo,
703 4312 871 4366 donec
905 4311 1047 4366 illam
1067 4322 1346 4368 extensum
1384 4313 1690 4380 viderimus,
1723 4316 1947 4373 circuire
1985 4334 2091 4373 non

526 4403 864 4459 desistemus.
905 4402 1115 4458 Utinam
1157 4413 1212 4458 et
1257 4420 1350 4459 vos
1391 4405 1459 4461 de
1497 4407 1639 4462 nullo
1673 4408 1779 4463 alio
1821 4411 2095 4482 colloqua-

531 4495 681 4559 mini,
709 4503 763 4548 et
783 4494 949 4560 domi,
988 4504 1043 4548 et
1074 4496 1126 4548 iu
1166 4494 1301 4559 foro,
1347 4506 1398 4551 et
1430 4497 1480 4551 in
1526 4514 1728 4567 mensa,
1772 4512 1950 4568 noctu,
1986 4505 2094 4559 imo

527 4592 580 4636 et
610 4598 701 4650 per
729 4583 1011 4637 somnium.
1044 4582 1173 4638 Nam
1201 4584 1245 4638 si
1277 4586 1502 4641 interdiu
1526 4588 1637 4643 haec
1657 4590 1864 4644 solliciti
1883 4608 2095 4664 semper

531 4672 924 4738 meditaremur,
955 4675 1112 4728 etiam
1143 4690 1237 4744 per
1270 4679 1534 4732 somnium
1564 4679 1615 4733 in
1647 4681 1708 4734 iis
1734 4697 2090 4742 versaremur.

595 4765 650 4818 4.
705 4764 873 4830 Quare
919 4767 1297 4836 (.‘ltrysostonms
1329 4773 1608 4841 frequenter
1643 4775 1707 4827 de
1745 4777 2090 4849 elemosyna,

528 4873 627 4908 non
657 4867 822 4910 autem
851 4856 913 4909 de
939 4873 1294 4928 pugnacontra
1309 4864 1963 4925 ndeersariosC/zristianw
1977 4872 2091 4924 reti-

521 4948 686 5018 gionis
699 4946 939 5000 disserat.
952 4945 1110 5000 Arma
1121 4949 1783 5013 Christianorum,virtutes.
1806 4958 2088 5028 Auditorcs,

524 5040 658 5107 quod
687 5040 824 5090 mulli
851 5039 900 5090 in
935 5041 1138 5092 ecclesia
1168 5057 1266 5092 non
1304 5058 1357 5094 se
1398 5056 1674 5098 reuerenter
1714 5061 1967 5116 gererent,
2011 5056 2092 5107 in-

525 5139 723 5192 crepat,
781 5130 1002 5196 ipsorum
1071 5130 1438 5186 irreverenlium
1490 5135 1786 5194 describens.
1836 5170 1908 5182 -—-
1957 5145 2090 5212 Quid

525 5217 703 5271 dicis?
745 5218 819 5271 De
864 5219 1204 5289 eleemosyna
1249 5236 1462 5291 semper
1505 5225 1754 5282 dissero?
1786 5229 1987 5287 Vellem
2039 5245 2092 5290 et

521 5322 623 5376 ego
651 5305 944 5374 hnjusmodi
975 5309 1343 5366 adhortatione
1364 5312 1489 5366 nihil
1517 5317 1654 5385 apud
1679 5332 1770 5373 vos
1795 5337 1927 5389 opus
1948 5338 2087 5392 esse,

520 5396 614 5450 sed
636 5397 895 5450 disserere
919 5399 984 5452 de
1007 5415 1174 5469 pugna
1196 5413 1377 5456 contra
1397 5404 1628 5471 Judmos,
1644 5420 1821 5465 contra
1840 5416 2084 5481 gentiles,

522 5494 708 5538 eontra
741 5486 1016 5541 int-retices
1049 5507 1062 5540 :
1095 5492 1187 5545 sed
1214 5494 1443 5549 nondum
1472 5498 1710 5555 valentes
1737 5506 1852 5570 quis
1878 5521 2087 5564 armare

525 5575 1038 5669 possit?dquomodo
1080 5581 1130 5634 in
1172 5585 1337 5640 aciem
1367 5586 1594 5644 educere
1635 5593 1804 5648 adhuc
1832 5598 1997 5669 plagis
2034 5612 2086 5656 ct

539 5666 842 5722 vulneribus
867 5671 1168 5729 sauciams‘!
1197 5680 1249 5732 Si
1282 5697 1372 5735 vos
1403 5681 1537 5737 bene
1567 5686 1797 5742 valentes
1826 5666 2079 5763 \‘ideretn,

1263 307 1314 364 S.
1354 306 1629 362 JOANNIS
1665 301 2133 359 Clllll’SOSTOMI
2172 301 2486 360 ARClllEP.
2525 307 3049 366 CONSTANTINOP.

3681 321 3785 379 730

2194 413 2305 486 jam
2337 433 2388 472 ιιι
2416 421 2586 475 aciem
2619 421 2762 476 illam
2790 423 3126 496 edoxissem,
3174 436 3330 498 atque
3372 427 3569 486 Christi
3613 437 3782 501 gratia

2202 509 2317 564 fulti
2368 520 2598 583 stragem
2647 515 2914 592 vidissetis
2972 519 3371 576 immmerorum
3419 523 3781 591 cadaverum,

2202 599 2469 669 multaque
2512 604 2670 657 allata
2713 621 2898 660 eorum
2945 609 3138 677 capita.
3191 610 3248 665 ln
3295 613 3416 666 aliis
3440 627 3604 683 porro
3634 616 3785 672 libris

2202 691 2362 746 multa
2395 692 2494 748 hac
2535 695 2601 750 de
2629 712 2686 750 re
2720 699 2949 754 diximus
2980 718 2993 753 :
3025 701 3118 756 sed
3163 717 3336 773 neque
3363 705 3440 759 sic
3472 706 3630 772 plane
3657 722 3784 776 pos-

2201 796 2404 849 sumus,
2451 784 2518 838 ob
2567 787 2852 841 multorum
2883 788 3280 860 negligentiam,
3327 795 3464 847 hanc
3502 795 3784 851 victoriam

2200 873 2490 928 celebrare.
2544 876 2829 947 Postquam
2884 881 3026 934 enim
3084 881 3205 937 illos
3251 898 3393 952 smpe
3443 885 3786 956 dogmatibus

2202 965 2594 1036 profligavimus
2615 1011 2630 1035 ,
2675 971 2836 1025 vitam
2865 972 3155 1028 multorum
3185 975 3340 1030 nobis
3366 976 3382 1008 ‘
3414 978 3749 1047 esprobrant
3767 1022 3783 1046 ,

2199 1056 2285 1124 qui
2322 1058 2476 1126 apud
2521 1075 2620 1115 nos
2665 1073 3074 1132 congregantur,
3127 1079 3421 1136 eorumque
3475 1069 3698 1124 vulnera
3730 1081 3788 1124 et

2198 1147 2361 1201 animi
2390 1151 2622 1205 morbos.
2652 1152 2928 1218 Quomodo
2955 1170 3084 1225 ergo
3113 1171 3206 1211 vos
3249 1155 3478 1213 ﬁdenter
3522 1160 3574 1213 in
3606 1163 3782 1215 aciem

2200 1237 2501 1305 cdueemus,
2546 1257 2666 1297 cum
2695 1245 2854 1299 etiam
2883 1246 3035 1302 nobis
3083 1249 3288 1304 molesti
3333 1252 3470 1315 sitis,
3507 1252 3633 1308 dum
3683 1271 3781 1308 vos

2201 1331 2382 1386 hostes
2429 1334 2736 1388 confodiunt
2781 1351 2844 1391 ac
2887 1337 3176 1394 derident?
3222 1342 3368 1396 illius
3410 1344 3556 1398 enim
3589 1361 3785 1400 manus

2198 1436 2340 1493 aegra
2377 1435 2457 1479 est
2482 1436 2532 1480 et
2562 1427 2626 1481 ad
2657 1428 2982 1496 largitionem
3007 1433 3029 1463 ¹
3053 1444 3342 1488 Contracta.
3385 1435 3666 1503 Quomodo
3695 1440 3786 1493 ille

2199 1513 2441 1584 clypeum
2490 1526 2670 1571 tenere
2699 1527 2751 1572 et
2779 1519 3070 1576 obtendere
3117 1526 3348 1592 poterit,
3378 1542 3446 1581 ne
3472 1528 3784 1584 crudelibus

2198 1603 2435 1660 dicteriis
2465 1605 2719 1662 feriatur?
2761 1610 2862 1663 Alii
2906 1613 3128 1680 pedibus
3170 1615 3473 1672 clandicant
3519 1630 3783 1690 quotquot

2200 1696 2493 1751 ascendunt
2522 1700 2586 1751 ad
2619 1699 2822 1754 theatra
2846 1742 2860 1762 .
2892 1711 2947 1756 et
2997 1704 3062 1757 ad
3109 1705 3404 1777 diversoria
3438 1712 3783 1765 meretricum

2201 1786 2501 1841 mulierum.
2533 1788 2810 1855 Quomodo
2835 1789 2886 1844 hi
2921 1793 2971 1846 in
2999 1808 3170 1865 pugna
3198 1807 3340 1851 Stare
3373 1808 3650 1866 poterunt,
3684 1818 3785 1856 nec

2200 1873 2430 1931 lascivia:
2472 1879 2784 1934 criminibus
2811 1883 3069 1937 confodi?
3096 1884 3247 1939 Alius
3275 1889 3448 1944 oculis
3478 1889 3688 1945 laborat
3728 1903 3786 1947 et

2201 1979 2337 2034 pene
2363 1981 2536 2023 cteros
2575 1979 2696 2036 est,
2744 1986 2848 2026 non
2876 1973 3040 2041 probe
3073 1977 3369 2047 respiciens
3389 2021 3404 2044 ,
3434 1980 3529 2036 sed
3563 1973 3784 2040 lascivia

2202 2056 2407 2124 plenus,
2427 2059 2704 2114 mulierum
2724 2063 3025 2130 pudicitiam
3042 2064 3282 2130 adortus,
3305 2077 3361 2124 et
3385 2071 3670 2128 connubiis
3697 2075 3750 2128 in
3765 2106 3786 2118 -

2198 2144 2436 2201 sidiatus.
2468 2150 2747 2217 Quomodo
2777 2151 2861 2207 hic
2890 2155 3131 2211 inimicos
3156 2158 3420 2226 respicere
3447 2165 3665 2230 poterit,
3691 2165 3786 2219 ha-

2199 2245 2334 2290 stam
2366 2236 2572 2294 vibrare
2597 2280 2611 2306 ,
2641 2242 2801 2297 telum
2831 2245 3095 2312 emittere,
3126 2247 3250 2302 dum
3281 2251 3512 2321 undique
3539 2253 3785 2312 dicteriis

2199 2327 2539 2386 confoditur?
2569 2334 2716 2388 Alios
2744 2335 2923 2392 videre
2962 2348 3044 2393 est
3066 2350 3249 2396 ventre
3273 2341 3517 2417 dolentes
3543 2359 3654 2400 noo‘
3682 2349 3783 2406 mi-

2201 2435 2302 2474 nos
2337 2436 2493 2492 quam
2537 2423 2890 2497 bydropicos,
2929 2429 3016 2499 qui
3056 2445 3088 2485 a
3116 2431 3237 2501 gula
3277 2445 3328 2488 et
3358 2434 3619 2493 ebrietate
3645 2438 3784 2494 deti-

2201 2521 2411 2566 nentur.
2442 2513 2722 2582 Quomodo
2752 2517 2910 2587 igitnr
2951 2519 3050 2575 hos
3091 2523 3268 2576 ebrios
3298 2525 3351 2578 in
3383 2540 3615 2596 pugnam
3644 2529 3782 2584 edu-

2199 2615 2322 2656 cere
2354 2603 2578 2670 porcro?
2602 2604 2771 2660 Alteri
2803 2622 2862 2660 os
2890 2609 3061 2677 ipsum
3086 2616 3445 2683 computruit;
3475 2617 3780 2686 cujusmodi

2197 2702 2323 2745 sunt
2364 2693 2622 2761 iracundi,
2669 2696 3076 2766 conviciatores,
3130 2701 3444 2773 blasphemi.
3494 2708 3783 2774 Quomodo

2199 2783 2359 2854 igitur
2403 2785 2488 2841 hic
2531 2786 2582 2842 in
2613 2786 2754 2844 bello
2802 2806 3052 2861 umquam
3089 2793 3368 2863 jubiiabit,
3420 2813 3783 2873 magnumque

2196 2875 2464 2947 quidpiam
2481 2890 2863 2949 stremmmque
2883 2893 3022 2954 aget,
3038 2885 3160 2940 dum
3182 2896 3234 2943 ct
3250 2889 3362 2958 ipse
3378 2890 3484 2945 alio
3501 2892 3780 2951 ebrietatis

2197 2979 2395 3036 genere
2424 2967 2604 3025 ebrius
2629 2978 2713 3026 est
2730 3012 2747 3038 ,
2789 2974 3118 3045 multamque
3146 2975 3387 3034 hostibus
3413 2981 3623 3051 prabet
3642 2987 3781 3042 ri5us

2193 3061 2505 3117 materiam?
2532 3062 2655 3121 ideo
2692 3065 2837 3121 hunc
2874 3068 3119 3138 quotidie
3155 3071 3455 3126 exercitum
3473 3072 3781 3138 circumeo,

2189 3155 2412 3208 vulnera
2428 3169 2651 3222 curans,
2681 3156 2862 3213 ulcera
2891 3173 3088 3215 sanare
3121 3160 3373 3237 studens.
3392 3161 3449 3216 Si
3473 3173 3660 3218 autem
3678 3165 3782 3217 ali-

2189 3244 2409 3314 quando
2423 3247 2765 3318 evigiletis,si
2784 3248 2966 3306 idonei
2984 3261 3039 3305 et
3059 3253 3299 3323 prompti
3318 3252 3535 3309 fueritis
3550 3255 3620 3309 ad
3639 3254 3780 3311 alios

2187 3332 2486 3402 feriendus,
2510 3337 2627 3393 hac
2652 3353 2748 3396 vos
2775 3355 2928 3397 arma
2963 3350 3197 3400 tractare
3226 3345 3456 3400 docebo.
3479 3343 3575 3399 Vel
3595 3347 3782 3415 potius

2199 3423 2312 3492 ipsa
2341 3439 2504 3494 opera
2534 3425 2684 3481 vobis
2711 3440 2856 3481 arma
2887 3437 3064 3496 erunt,
3095 3441 3150 3486 et
3176 3433 3415 3501 protinus
3443 3449 3637 3492 omnes
3659 3452 3783 3493 suc-

2199 3513 2469 3581 cumbent,
2497 3515 2543 3570 si
2571 3517 2962 3585 misericordes,
2990 3521 3034 3575 si
3073 3521 3320 3590 modesti,
3346 3525 3392 3580 si
3420 3530 3710 3595 mansueti,
3736 3532 3782 3586 si

2199 3603 2509 3672 injuriarum
2533 3607 2871 3666 immemores
2892 3609 3116 3681 fueritis,
3138 3614 3184 3670 si
3203 3615 3332 3672 alias
3347 3632 3537 3674 omnes
3557 3621 3785 3678 virtutes

2197 3694 2562 3752 cxhibueritis.
2613 3698 2671 3753 Si
2715 3714 2845 3754 vero
2873 3701 3105 3774 quipiam
3149 3709 3599 3777 repugnaverint,
3653 3721 3786 3768 tunc

2197 3785 2357 3840 etiam
2380 3797 2554 3842 nostra
2574 3788 2940 3861 adiungemus,
2965 3808 3061 3859 vos
3081 3794 3133 3849 in
3155 3796 3388 3854 medium
3411 3799 3782 3869 proferentes:

2197 3890 2340 3932 nunc
2365 3877 2524 3955 enim
2556 3878 2606 3934 in
2639 3880 2739 3935 hoc
2783 3897 2941 3938 cursu
2971 3899 3000 3937 a
3027 3885 3176 3941 vobis
3202 3887 3541 3958 impedimur.
3580 3891 3782 3950 Consi-

2197 3963 2356 4020 deres
2383 3967 2541 4021 velim
2559 4009 2575 4033 ,
2606 3984 2809 4038 qumso.
2849 3971 3080 4028 Dicimus
3109 3991 3298 4046 magna
3320 3990 3595 4047 operatum
3618 3981 3784 4038 Chri-

2199 4063 2341 4109 stum
2368 4071 2506 4122 esse,
2531 4063 2617 4127 qui
2645 4060 2863 4129 angelos
2892 4076 2954 4116 es
2990 4062 3292 4121 hominibus
3319 4066 3505 4125 fecerit
3529 4087 3544 4136 ;
3574 4071 3780 4130 deinde

2201 4162 2328 4202 vero
2355 4162 2473 4203 cum
2519 4150 2752 4206 rationes
2780 4163 3138 4222 expetuntur,
3181 4156 3315 4225 jussi
3358 4174 3423 4214 ex
3470 4161 3573 4218 hoc
3615 4179 3784 4237 grege

2198 4237 2465 4306 specimen
2513 4241 2726 4311 aliquod
2773 4244 3042 4313 proferre,
3093 4247 3532 4308 obmutescimus.
3587 4253 3784 4312 Timeo

2200 4330 2342 4383 enim
2391 4345 2457 4386 ne
2509 4348 2602 4400 pro
2645 4337 2846 4405 angelis
2887 4352 3077 4407 porcos
3115 4354 3180 4395 ex
3227 4340 3352 4396 hara
3383 4345 3650 4414 educam,
3684 4361 3783 4405 aut

2198 4433 2366 4488 equos
2411 4425 2738 4479 emissarios.
2785 4426 2908 4482 Scio
2954 4427 3068 4483 ba-e.
3097 4431 3249 4486 vobis
3279 4435 3501 4489 molesta
3531 4451 3657 4493 esse
3681 4479 3698 4503 .
3727 4453 3786 4497 at

2199 4523 2302 4562 non
2354 4523 2536 4565 contra
2589 4527 2685 4568 vos
2734 4531 2921 4572 omnes
2958 4519 3072 4574 ha'c
3097 4519 3362 4584 dicuntur.
3394 4525 3486 4580 sed
3515 4526 3784 4588 adversus

2198 4614 2290 4654 eos
2313 4601 2397 4669 qui
2423 4601 2504 4657 his
2528 4603 2742 4660 obnoxii
2775 4616 2930 4673 sunt;
2963 4609 3068 4662 itno
3097 4627 3163 4666 ne
3187 4622 3370 4668 contra
3395 4615 3512 4670 illos
3532 4620 3782 4688 quidem,

2199 4690 2241 4742 si
2275 4691 2614 4760 resipiscam,
2647 4695 2740 4748 sed
2767 4710 2863 4766 pro
2887 4699 3007 4752 illis.
3043 4699 3191 4757 Nunc
3219 4702 3360 4758 enim
3388 4708 3565 4761 omnia
3597 4712 3783 4778 perie-

2198 4792 2322 4836 runt
2366 4795 2720 4856 corruthque
2765 4799 2929 4844 sunt:
2965 4793 3199 4863 nihilque
3247 4795 3444 4852 dilrert'
3473 4801 3703 4858 ecclesia
3747 4821 3782 4860 ι

2195 4872 2373 4937 boum,
2404 4875 2667 4931 asinorum
2691 4880 3086 4938 cameloromve
3107 4883 3313 4940 stabulo
3341 4904 3356 4941 :
3381 4903 3444 4944 ac
3467 4889 3597 4946 dum
3620 4907 3782 4951 ovem

2199 4968 2431 5036 requiro,
2468 4986 2534 5025 nc
2564 4986 2724 5027 unam
2753 4974 2965 5044 quidem
2999 4993 3211 5046 possum
3237 4982 3438 5038 videre.
3469 4983 3543 5039 ita
3583 5002 3783 5058 nempe

2197 5072 2382 5113 omnes
2410 5061 2687 5116 calcitrant
2707 5106 2722 5126 ,
2749 5073 2805 5119 ιιι
2830 5068 2949 5135 equi
2976 5079 3030 5123 et
3065 5071 3198 5126 asini
3225 5085 3463 5144 agrestes
3487 5117 3502 5140 ,
3535 5079 3626 5148 qui
3660 5079 3780 5136 haec

2195 5149 2371 5203 omnia
2418 5159 2654 5208 stercore
2700 5157 3013 5231 complent:
3049 5162 3168 5216 talia
3214 5166 3356 5220 enim
3396 5177 3520 5222 sont
3560 5169 3778 5228 illorum

2195 5240 2475 5309 colloquia.
2520 5245 2596 5297 Ac
2625 5245 2667 5298 si
2698 5261 2884 5316 posses
2913 5251 3049 5306 scire
3087 5257 3263 5309 omnia
3304 5273 3423 5325 qua:
3455 5259 3508 5313 in
3548 5262 3778 5332 singulis

2194 5332 2536 5387 eoneionihus
2583 5336 2830 5394 dicuntur
2878 5357 2903 5392 a
2938 5343 3095 5408 virts,
3126 5359 3156 5398 a
3182 5348 3495 5404 mulieribus
3517 5395 3530 5410 .
3563 5356 3779 5413 videres

2197 5422 2373 5486 utique
2391 5423 2502 5480 iure
2521 5440 2753 5482 stercore
2772 5432 2862 5483 illo
2881 5434 3229 5505 imntupdiora
3250 5440 3402 5509 longe
3417 5457 3558 5498 esse.
3575 5447 3777 5511 Quam-

2193 5510 2375 5565 obrem
2424 5531 2551 5583 rogo
2604 5517 2740 5573 hanc
2783 5523 2974 5577 malam
3026 5529 3462 5588 consuetudinem
3517 5541 3773 5607 mutetis,

2256 5648 2272 5715 ξ
2298 5645 2348 5696 in
2365 5649 2526 5698 Morel.
2545 5650 2742 5715 legitur,
2771 5655 2909 5706 rubis.

2257 5712 2274 5740 '
2301 5717 2422 5763 lue.
2452 5727 2512 5761 (tu
2537 5712 2852 5779 luimus-nem,
2883 5737 2922 5766 ιιι
2947 5733 2972 5768 ιι
3001 5720 3228 5784 leguntur
3251 5723 3299 5772 iu
3320 5726 3478 5775 Morel.
