4050 6424
218 384 315 438 τδι
1186 370 1252 428 ΙΝ
1290 369 1696 427 ΜΑΤΤΠιΕΕΜ
1739 365 1808 420 lli

1915 364 1969 419 L.
2014 361 2299 417 LXXXIX.
2344 360 2416 414 nl.
2464 358 2574 414 XC.

220 512 269 551 tu
295 495 522 551 ecclesia
551 498 878 564 unguentum
904 487 1089 558 apiret.
1121 483 1273 540 Nunc
1314 494 1492 539 antem
1530 481 1801 540 sensiltilia

223 590 275 642 in
306 588 394 644 illa
423 585 767 658 lltyntiatnata
794 580 1040 650 ponimus
1058 618 1074 642 ,
1101 576 1169 632 de
1195 574 1453 645 spirituali
1483 585 1660 628 autem
1705 570 1806 624 im-

222 679 478 735 mttnditia
509 692 617 732 non
645 682 846 728 tantam
871 683 1053 723 curam
1079 666 1348 737 gerimus,
1378 672 1432 716 ttt
1458 676 1575 717 eam
1608 674 1805 731 purge-

222 787 341 828 mus
386 768 817 835 aul‘eramusqne.
858 761 1111 831 Quaenam
1160 772 1291 829 ergo
1336 754 1572 810 utilitas?
1620 752 1805 821 Neque

220 864 364 919 enim
397 863 465 914 ita
493 858 777 914 ecclesiam
807 854 1215 919 deturparemus
1233 891 1249 914 ,
1278 857 1486 904 stercus
1503 859 1802 914 congeren-

222 963 321 1015 tes,
354 967 510 1024 quam
542 947 827 1011 (edamus,
857 944 977 997 talia
1006 951 1188 996 mutuo
1210 939 1507 1009 loquentes,
1536 935 1603 992 de
1634 936 1801 991 lucro.

216 1045 288 1099 de
320 1041 698 1112 negotiatione,
725 1036 793 1090 de
821 1032 1227 1104 caupouatione,
1257 1030 1323 1084 de
1345 1030 1410 1083 iis
1435 1032 1554 1099 qua:
1584 1025 1713 1079 nihil
1737 1024 1800 1078 ad

3408 359 3514 412 78‘:

1917 492 2015 534 nos
2040 476 2342 547 pertinent,
2370 490 2490 530 eum
2519 482 2794 544 oporteret
2822 473 2909 527 ltic
2937 472 3214 539 angelieas
3235 488 3359 527 esse
3384 480 3515 525 cltu-

1915 582 2027 629 ros,
2069 574 2125 620 et
2168 564 2447 619 ecclesiam
2493 563 2683 617 ea~ltun
2728 563 2925 630 facere,
2973 563 3210 633 nihilque
3249 561 3394 616 aliud
3428 561 3516 617 ltit.

1915 672 2036 711 eSsc
2062 671 2218 725 quant
2251 654 2587 725 prec:tti0ttes
2627 654 2871 707 assiduas
2894 692 2908 714 ,
2954 652 3230 706 silentium
3257 660 3308 707 et
3340 662 3513 706 atten-

1917 750 2136 804 tionem.
2161 748 2273 803 [loc
2297 747 2382 801 vel
2406 761 2546 801 nunc
2572 747 2848 808 faciamus.
2877 752 2937 799 ut
2959 753 3014 799 et
3037 745 3199 799 vitam
3218 758 3518 817 purgemus

1916 849 2176 903 nostram,
2219 846 2276 893 ct
2317 837 2587 909 promissa
2632 845 2833 889 aeterna
2883 834 3021 889 botta
3072 848 3470 904 consequamur
3502 875 3515 890 .

1915 932 2088 1003 gratia
2108 939 2160 985 et
2192 929 2526 1000 benignitate
2556 927 2775 982 Domini
2800 924 2969 979 nostri
2995 924 3124 980 Jesu
3158 924 3393 992 Christi,
3425 926 3517 980 cui

1914 1022 2081 1092 gloria
2112 1021 2165 1075 in
2194 1011 2387 1077 stmulo
2417 1019 2756 1075 saeculorum.
2785 1018 2977 1071 Amen.
3511 1016 3523 1027 ”

1354 1206 1705 1272 nemus
1748 1201 2113 1264 LXXXIX.
2156 1200 2245 1263 al.
2288 1198 2427 1287 xc.

221 1376 359 1432 Car.
386 1372 475 1427 27.
508 1386 564 1425 v.
616 1367 705 1423 62.
765 1362 981 1418 Postera
1026 1368 1196 1413 autent
1243 1353 1358 1417 die,
1397 1365 1511 1423 qua:
1558 1356 1632 1402 est
1690 1352 1802 1413 post

293 1468 608 1522 Parasceven
626 1502 646 1528 ,
700 1461 1037 1512 convenenmt
1092 1450 1343 1521 principes
1387 1441 1704 1498 sacerdotum
1756 1446 1806 1491 et

293 1557 553 1613 l’ltarisci
579 1553 646 1606 ad
670 1550 895 1605 Pilatum
912 1587 927 1609 ,
955 1545 1046 1601 63.
1072 1543 1290 1597 dicentes
1314 1552 1333 1592 :
1357 1534 1610 1597 Domine,
1638 1544 1806 1583 recor-

290 1651 398 1704 dati
434 1661 609 1702 sumus
645 1641 779 1713 quod
808 1640 1052 1709 intpastor
1074 1632 1162 1688 ille
1198 1628 1380 1684 dixerit
1403 1624 1570 1679 adhuc
1598 1622 1804 1713 vivens,

297 1742 420 1796 Post
446 1750 545 1794 tres
569 1710 675 1791 diei
702 1746 983 1802 resurgant.
1014 1727 1103 1782 64.
1131 1723 1265 1778 lube
1291 1735 1412 1791 ergo
1435 1714 1623 1772 muniri
1644 1710 1805 1782 sepul-

291 1851 434 1890 crum
480 1846 636 1899 usque
676 1828 730 1881 in
776 1826 910 1879 diem
940 1821 1160 1881 tertium,
1203 1831 1265 1869 ne
1292 1812 1541 1867 uenientes
1567 1802 1809 1875 discipuli

290 1928 401 1995 ejus
427 1923 659 1992 [armtur
686 1934 819 1981 eum,
846 1920 893 1968 et
920 1913 1089 1966 dicant
1116 1906 1325 1979 populo,
1355 1899 1491 1995 quod
1516 1906 1805 1995 resurreu-

290 1991 355 2071 rit
377 2034 408 2070 a
426 2014 636 2068 mortuis
655 2026 676 2064 :
696 2018 743 2063 et
769 2007 861 2061 erit
881 2002 1179 2058 novissimus
1203 2012 1347 2051 error
1374 1991 1518 2063 peior
1544 1991 1735 2059 priore.

293 2111 347 2166 ι.
375 2106 586 2175 Ubique
614 2117 764 2157 error
803 2100 855 2153 in
891 2096 1125 2168 seipsum
1158 2088 1400 2159 impingit
1429 2087 1447 2117 ⁸
1472 2126 1488 2149 ,
1516 2078 1806 2175 εοᾼνθιλὶιιο

221 2202 365 2254 vitns
406 2172 617 2253 veritati
660 2191 998 2261 sull'ragatur.
1051 2181 1329 2253 Perpende
1367 2178 1547 2248 igitur.
1575 2172 1810 2228 Credere

220 2293 478 2365 oporwil,
531 2298 797 2343 mortuum
825 2284 971 2337 illum
999 2293 1140 2337 esse.
1173 2284 1229 2330 et
1264 2271 1553 2342 sepultum,
1603 2281 1697 2365 ac“
1718 2278 1808 2365 re-

221 2358 521 2443 surresisse
550 2401 563 2434 :
596 2395 714 2451 qua:
750 2376 927 2432 omnia
956 2372 1293 2427 inimicorum
1330 2378 1492 2435 opera
1533 2358 1809 2416 credibilia

224 2484 378 2536 liunt.
411 2476 546 2531 Vide
569 2449 726 2544 igitur
757 2469 841 2523 illa
875 2466 1033 2521 verba
1053 2504 1068 2528 ,
1099 2477 1219 2530 qua:
1246 2460 1344 2514 ista
1377 2468 1592 2525 prorsus
1614 2449 1809 2544 contir.

224 2580 374 2625 mant
403 2588 422 2623 :
452 2540 721 2621 Recordati
744 2574 918 2615 sumus
936 2598 951 2621 ,
980 2553 1374 2625 quodintpostor
1398 2546 1486 2600 ille
1508 2542 1693 2597 dixerit
1718 2540 1809 2591 ad-

205 2664 309 2715 huc
326 2661 497 2715 virens
528 2663 874 2711 mortunsest
896 2642 1236 2716 tgttur),Post
1258 2650 1363 2693 tres
1376 2638 1489 2716 dies
1502 2646 1801 2703 resurgant.

204 2702 1241 2821 ἶ’.ιιέιιιιιιὲιηηιί(ονιςθ
1269 2702 1516 2800 sepultus
1558 2726 1665 2794 est)
1696 2766 1711 2790 ,
1745 2739 1808 2777 ne

228 2847 360 2913 forte
386 2841 583 2896 veniant
611 2835 852 2906 discipuli
875 2835 985 2904 ejus
1005 2872 1021 2897 ,
1052 2841 1098 2885 et
1121 2832 1352 2900 furentur
1380 2841 1511 2881 eum.
1542 2822 1599 2876 Si
1633 2822 1811 2891 itaque

224 2936 530 3005 sepulcrum
575 2930 834 2986 munitum
866 2927 937 2981 sit
978 2935 1033 2981 et
1075 2923 1442 2990 obsignatum,
1484 2915 1623 2971 nulla
1666 2913 1814 2968 fraus

134 3018 143 3029 ’
226 3027 367 3083 erit?
394 3024 545 3080 Nulla
573 3030 737 3077 certe.
773 3020 910 3090 Ergo
951 3026 1096 3073 certa
1143 3025 1226 3069 est
1270 3008 1679 3067 resurrectionis
1719 3006 1814 3059 de-

226 3115 548 3173 monstratio
572 3154 588 3179 ,
621 3122 678 3167 ut
708 3121 854 3181 patet
878 3126 941 3164 es
974 3109 1037 3163 iis
1066 3123 1183 3177 qua:
1210 3120 1304 3160 vos
1331 3101 1641 3157 obtcttditis.
1675 3098 1808 3153 Cum

224 3210 371 3267 enim
416 3207 750 3277 obsignatum
782 3202 939 3256 luerit
980 3199 1307 3269 sepulcrum,
1354 3197 1495 3249 nulla
1520 3194 1664 3249 fraus
1692 3192 1808 3245 fuit.

227 3304 284 3359 Si
317 3301 458 3357 nulla
486 3300 651 3363 fraus,
674 3309 728 3354 et
750 3307 925 3353 tamen
953 3295 1255 3367 sepulcrum
1286 3308 1509 3346 vacuum
1541 3300 1809 3360 repertum

227 3402 331 3455 cst.
361 3390 585 3465 palam"
611 3399 664 3443 et
692 3390 809 3444 sine
834 3386 1195 3442 controversia
1226 3395 1307 3439 est
1355 3385 1524 3452 ipsum
1570 3396 1813 3435 resurre—

228 3489 392 3541 sisse.
426 3483 608 3539 Viden‘
632 3481 901 3552 quomodo
928 3480 1012 3535 vel
1037 3479 1181 3533 inviti
1211 3493 1307 3546 pro
1334 3476 1574 3531 veritatis
1597 3474 1813 3529 demon-

227 3578 488 3633 stratione
509 3572 782 3646 pugnent?
810 3572 888 3628 Tn
916 3587 1043 3627 vero
1068 3570 1196 3625 mihi
1226 3569 1495 3639 perpende
1519 3580 1679 3638 quam
1706 3565 1812 3619 sint

227 3668 475 3738 discipuli
505 3666 744 3721 veritatis
768 3672 1048 3727 amantes;
1074 3660 1344 3733 quomodo
1372 3658 1501 3714 nihil
1539 3657 1813 3713 occultent

228 3777 293 3815 ex
341 3760 405 3813 iis
448 3773 567 3828 qua:
613 3756 807 3811 inimici
858 3754 1143 3818 dixerunt,
1184 3752 1525 3822 quantumvis
1551 3749 1809 3819 probrosa

229 3853 315 3905 illa
346 3851 472 3903 sint.
503 3849 640 3903 Ecce
669 3849 812 3902 enim
840 3849 1185 3915 impostorem
1219 3852 1443 3907 vocant,
1478 3861 1653 3915 neque
1682 3842 1809 3896 illud

229 3943 328 4011 ipsi
364 3950 538 3996 Iacent
572 3959 583 3994 :
619 3939 668 3994 id
696 3938 835 4008 qttod
866 3940 1026 3993 etiam
1059 3937 1267 3991 illorttm
1306 3936 1677 3992 crudelitatem
1719 3934 1814 3989 de-

225 4042 491 4089 monstrat
527 4080 545 4107 ,
602 4032 741 4100 quod
771 4047 835 4085 ne
863 4040 981 4100 post
1006 4039 1230 4083 mortem
1254 4030 1466 4099 qttitlettt
1510 4029 1641 4083 iram
1680 4026 1810 4081 mis-

225 4142 341 4181 sam
387 4119 817 4179 l'ecerint‘.lllnd
862 4134 1037 4177 autem
1088 4134 1535 4192 qut-rereoperae
1583 4118 1810 4187 pretium

226 4220 387 4273 fuerit
416 4237 428 4270 :
458 4216 546 4270 ubi
593 4231 785 4282 nempe
830 4214 1052 4275 dixerit.
1102 4211 1218 4265 Post
1256 4224 1352 4265 tres
1384 4212 1490 4264 dies
1527 4225 1809 4279 resurgunt.

224 4310 410 4379 Neque
451 4308 594 4362 enim
640 4306 765 4360 illud
793 4306 937 4361 clare
967 4306 1163 4359 dictum
1207 4304 1508 4367 invenitur;
1536 4301 1630 4355 sed
1662 4299 1811 4354 lente

227 4410 430 4455 tantum
453 4399 697 4466 exemplo
716 4399 756 4449 '.
789 4398 967 4465 Itaque
998 4396 1238 4450 sciebant
1268 4393 1477 4448 seelesti
1508 4391 1676 4447 Judaei
1700 4432 1715 4452 ,
1749 4406 1809 4443 ea

222 4507 343 4559 qua:
374 4489 464 4545 ille
490 4489 715 4551 dixerat,
739 4499 795 4542 et
819 4503 909 4541 sua
934 4495 1123 4553 sponte
1152 4486 1381 4554 maligne
1402 4484 1648 4554 agebant.
1674 4481 1809 4551 Quid

223 4598 353 4652 ergo
404 4581 635 4636 Pilatus?
678 4580 767 4635 65.
822 4578 1031 4633 Habet-is
1077 4579 1392 4642 custodiunt,
1443 4577 1631 4630 ntunite
1682 4577 1811 4630 sicut

222 4675 383 4729 scitis.
412 4673 500 4728 66.
532 4672 596 4727 Et
626 4673 942 4725 muniverunt
969 4670 1274 4738 sepulcrum,
1302 4670 1556 4738 signantes
1588 4668 1809 4735 lapidem

222 4782 337 4820 cum
360 4764 609 4819 custodia.
636 4763 748 4817 Non
783 4762 1039 4832 permittit
1070 4770 1125 4813 ut
1157 4759 1350 4813 milites
1371 4758 1469 4812 soli
1502 4758 1803 4828 obsignent:

224 4870 347 4909 nam
373 4855 523 4926 quasi
552 4855 619 4909 tle
652 4854 812 4907 rebus
857 4852 1023 4922 ipsius
1053 4851 1314 4917 edoctus,
1362 4867 1467 4904 non
1515 4850 1657 4903 ultra
1685 4864 1805 4903 cum

220 4948 328 5003 illis
358 4946 467 5000 vult
507 4960 697 5015 agere;
746 4944 838 4998 sed
870 4952 925 4997 ut
970 4957 1089 4997 sese
1136 4942 1203 4998 ab
1240 4943 1341 4997 illis
1382 4944 1663 5011 expediat,
1707 4941 1810 4996 hoc

217 5039 381 5095 etiam
424 5038 683 5106 permittit
725 5046 779 5091 et
822 5035 934 5093 ait:
968 5035 1073 5090 Vos
1114 5044 1170 5090 ut
1202 5036 1358 5090 vultis
1400 5036 1709 5106 obsignate,
1742 5051 1808 5091 ne

272 5192 286 5219 ι
323 5188 529 5247 Quidam
549 5187 756 5239 habent.
777 5187 991 5247 seipsttm
1023 5190 1398 5243 transverberat.

271 5254 291 5284 ί
326 5252 417 5313 Alii
452 5260 637 5306 tegunt.
677 5264 783 5311 pro,
809 5250 1056 5313 obsignari
1090 5254 1293 5302 nnmiri.

237 5375 246 5382 _
274 5312 380 5387 "lu
408 5313 586 5383 5Mer
615 5314 816 5375 legitur,
848 5313 890 5362 si
918 5312 1056 5363 nulla
1086 5314 1243 5378 fraus,
1283 5321 1469 5383 palam,
1506 5328 1586 5369 etc
1614 5358 1626 5377 ,
1658 5324 1809 5373 omis-

204 5389 277 5424 σε
310 5383 632 5434 interposms.

272 5442 291 5470 δ
326 5440 532 5504 supple.
560 5447 611 5484 ut
632 5439 796 5485 Graeca
819 5440 1053 5505 videlicet
1078 5439 1271 5497 integre
1297 5445 1585 5505 reddantur,
1608 5444 1808 5497 Itorttnt-

206 5513 301 5564 (μω
333 5500 657 5550 sinceritatem
678 5499 1077 5563 l’El'Ut‘lltJe‘llttﬂte
1110 5505 1428 5555 demonstrat.

271 5564 292 5595 ⁵
317 5564 807 5630 tilossator__reeens
851 5564 1041 5630 Cadit-is
1076 5563 1170 5630 69L
1194 5566 1277 5630 sic
1312 5569 1578 5630 ngPndttm
1626 5574 1805 5627 innuit.

207 5626 441 5672 nimirum
480 5638 491 5671 :
534 5624 628 5673 Ubi
660 5638 828 5687 nempe
869 5624 1053 5674 digerit
1096 5629 1307 5687 Jttdteis,
1352 5624 1387 5676 ty
1420 5632 1533 5679 Post
1580 5642 1673 5682 tres
1703 5624 1807 5685 (tres

208 5697 480 5753 resurgant.
536 5702 552 5732 ι
597 5688 791 5742 Strnius
815 5688 1038 5753 quidem
1071 5690 1158 5753 hor
1196 5690 1453 5753 discipulis
1484 5694 1669 5744 dictum
1707 5706 1806 5751 est:

206 5750 403 5797 Jutt‘tuts
436 5756 593 5817 mttunt
626 5754 757 5799 clare
790 5749 975 5799 dictum
1007 5765 1101 5802 non
1123 5749 1381 5817 invenitur,
1418 5759 1500 5808 sed
1534 5761 1680 5809 J0me
1702 5749 1807 5806 tim;

209 5818 309 5860 tum
341 5813 577 5873 απειμῖμῐυ.

1916 1342 2050 1395 alios
2089 1342 2337 1396 incusare
2368 1340 2605 1412 possitis.
2632 1339 2768 1397 Nam
2798 1340 2844 1397 si
2869 1341 2972 1397 soli
3003 1342 3201 1397 milites
3229 1339 3515 1411 oltsignas-

1912 1442 2058 1496 sent,
2083 1431 2267 1487 dicere
2299 1433 2630 1503 potuissent,
2660 1432 2872 1488 etiamsi
2897 1432 2946 1487 id
2978 1432 3168 1487 falsum
3198 1442 3256 1487 et
3282 1432 3517 1486 int-redi-

1912 1524 2021 1579 bile
2057 1524 2275 1589 fuisset;
2318 1535 2551 1580 attamen
2591 1532 2647 1578 ttt
2674 1523 2811 1578 alias
2840 1522 3187 1594 impudenter
3240 1523 3518 1588 iecerant,

1912 1616 2093 1673 dicere
2120 1620 2434 1687 potuissent,
2461 1618 2657 1673 milites
2676 1631 2873 1686 corpus
2897 1614 3250 1671 auferendum
3277 1614 3515 1675 dedisse.

1913 1709 2294 1779 discipulisque
2341 1725 2526 1765 ansam
2582 1690 2902 1779 prtebuisse',
2950 1716 3008 1763 ut
3056 1708 3512 1763 resurrectionem

1913 1805 2028 1870 ejus
2058 1801 2427 1873 contingerent
2456 1821 2469 1855 :
2495 1816 2636 1856 nunc
2656 1810 2838 1856 autem
2856 1814 2982 1855 cum
3009 1799 3110 1870 ipsi
3134 1798 3516 1859 munivissent,

1915 1889 2017 1946 hoc
2046 1891 2231 1947 dieere
2262 1906 2368 1947 non
2396 1899 2665 1962 poterant.

1986 1984 2425 2039 Resurrectionent
2461 1984 2650 2039 Christi
2675 1992 2865 2037 certant
2898 1998 3007 2038 esse
3030 1983 3296 2055 probatur.
3324 2012 3397 2025 --
3419 1980 3515 2035 Vi-

1915 2074 2036 2130 dcn'
2062 2074 2333 2145 quomodo
2359 2074 2603 2129 nolentes
2634 2074 2913 2129 veritatem
2950 2088 3199 2129 asserere
3235 2074 3474 2127 nitantur
3493 2072 3521 2125 ἲ

1914 2165 2045 2220 Nam
2076 2166 2174 2236 ipsi
2203 2173 2566 2227 accesserunt,
2589 2165 2685 2232 ipsi
2711 2166 3001 2234 petierunt,
3038 2165 3135 2233 ipsi
3164 2150 3519 2233 obsignata-tt

1914 2270 2036 2311 Cum
2061 2255 2341 2322 custodia;
2376 2257 2445 2309 ita
2490 2267 2545 2310 ut
2586 2270 2706 2310 Sese
2735 2266 2921 2309 mntun
2964 2265 3218 2308 accusent
3248 2264 3304 2310 el
3330 2255 3518 2309 confu-

1917 2357 2049 2404 tent.
2083 2348 2247 2418 Atqui
2272 2348 2490 2419 quando
2528 2348 2686 2403 iurati
2714 2358 2897 2403 essent
2925 2348 2977 2402 in
3009 2347 3235 2402 sabbato
3254 2387 3274 2413 ,
3297 2357 3353 2402 et
3384 2362 3520 2416 quo-

1915 2438 2116 2494 modo?
2143 2439 2325 2519 Neque
2357 2440 2503 2496 enim
2535 2438 2749 2510 prodire
2777 2448 3048 2510 poterant.
3083 2437 3239 2503 Quod
3269 2439 3313 2491 si
3343 2438 3518 2506 legem

1915 2531 2286 2601 pnetergrcssi
2315 2540 2497 2587 essent
2521 2574 2534 2594 ,
2567 2529 2838 2599 quomodo
2864 2531 2978 2585 ausi
3023 2530 3248 2601 fuissent
3276 2530 3344 2585 ita
3377 2530 3517 2583 timi-

1915 2623 1969 2677 di
1996 2621 2294 2677 acecdere?
2323 2622 2595 2692 quomodo
2623 2621 2949 2691 persuadere
2977 2622 3146 2675 turbae
3174 2622 3471 2690 petuissent
3494 2619 3522 2673 ?

1915 2714 2041 2784 quid
2068 2714 2345 2778 disissmt,
2378 2714 2503 2784 quid
2537 2713 2824 2768 iecissent?
2852 2728 2961 2787 quo
2987 2713 3168 2767 animo
3191 2728 3287 2777 pro
3308 2724 3520 2767 mortuo

1916 2816 2060 2861 stare
2107 2806 2437 2875 potuissent?
2471 2821 2631 2875 quant
2658 2814 3039 2874 esspectantes
3070 2805 3521 2861 retributionem?

1917 2912 2078 2967 quam
2106 2897 2453 2952 mercedem?
2495 2897 2625 2952 Cum
2658 2898 2930 2951 viventem
2963 2895 3113 2950 illum
3157 2896 3519 2965 comprehen-

1916 3002 2036 3043 sum
2068 2989 2084 3020 ³
2120 2988 2395 3054 viderent,
2438 2987 2717 3057 fugerunt;
2759 2996 2815 3042 et
2843 2998 2963 3056 post
2996 2996 3222 3040 mortem
3264 2986 3522 3045 audacter

1920 3095 2017 3147 pro
2050 3078 2143 3132 illo
2172 3078 2443 3147 loquttturi
2471 3085 2624 3131 erant
2644 3117 2659 3141 ,
2688 3076 2732 3129 si
2776 3090 2883 3130 non
2930 3076 3353 3131 resurrexisset?
3379 3077 3521 3143 Quo-

1916 3168 2078 3221 modo
2110 3168 2225 3221 ltatc
2252 3166 2475 3237 cogitari
2520 3165 2766 3236 possint?
2807 3164 2959 3232 Quod
3002 3165 3146 3221 enim
3192 3180 3293 3220 nec
3324 3166 3521 3221 voluis-

1917 3267 2039 3314 sent
2063 3272 2163 3314 nec
2190 3260 2490 3328 potuissent
2517 3257 2971 3312 resurrectionem
2992 3297 3008 3322 ,
3039 3272 3156 3327 qua:
3180 3272 3285 3312 non
3312 3256 3519 3325 luisset,

1918 3349 2121 3419 ﬁngere
2141 3391 2156 3414 ,
2194 3348 2321 3404 hinc
2352 3348 2526 3418 palam
2552 3357 2655 3401 est.
2685 3346 2846 3401 Multa
2878 3348 3023 3401 enim
3056 3347 3162 3403 illis
3187 3346 3255 3403 de
3281 3363 3521 3403 resurre-

1915 3441 2094 3495 ctione
2115 3439 2365 3508 loquntus
2386 3438 2695 3508 frequenter
2722 3436 2898 3492 fuerat
2919 3479 2934 3504 ,
2968 3448 3024 3492 ut
3055 3438 3155 3507 ipsi
3191 3440 3482 3495 narrabant
3503 3482 3518 3501 .

1916 3531 2044 3587 Post
2090 3542 2190 3585 tres
2231 3531 2337 3585 dies
2378 3547 2661 3601 resurgam.
2703 3529 2758 3586 Si
2790 3544 2920 3602 ergo
2947 3546 3053 3585 non
3085 3534 3474 3589 resnrrexissct
3501 3575 3524 3601 ,

1849 3666 1863 3680 .
1916 3628 2258 3684 manifestum
2283 3637 2367 3683 est
2391 3642 2484 3683 cos
2503 3666 2521 3693 ,
2552 3635 2739 3697 utpote
2764 3627 3021 3697 deceptos
3045 3668 3062 3693 ,
3090 3637 3146 3683 et
3174 3643 3204 3681 a
3230 3637 3336 3683 tota
3361 3640 3524 3700 gente

1918 3733 2135 3794 propter
2166 3722 2339 3792 ipsum
2369 3720 2729 3791 impugnatos,
2753 3719 2959 3776 aedibus
2977 3730 3033 3776 et
3058 3719 3283 3776 urbibus
3306 3721 3486 3791 pulsos
3503 3765 3523 3789 ,

1916 3814 1984 3867 alt
2012 3814 2153 3868 illius
2178 3814 2324 3868 cultu
2355 3812 2692 3867 discessuros
2714 3810 2919 3877 fuisse;
2953 3826 3127 3882 neque
3147 3813 3291 3868 enim
3316 3815 3518 3868 voluis-

1917 3915 2035 3958 sent
2077 3904 2147 3959 de
2196 3904 2288 3959 illo
2340 3903 2500 3958 talem
2534 3902 2845 3973 opinionem
2876 3918 3161 3974 spargere,
3205 3914 3389 3974 utpote
3428 3907 3526 3974 qui

1918 3996 2123 4064 decepti
2159 3994 2228 4049 ab
2270 3994 2363 4049 illo
2405 3994 2661 4059 fuissent,
2690 4004 2745 4050 et
2791 3994 2844 4049 in
2895 4006 3137 4050 extrema
3180 4010 3277 4065 pro
3304 3995 3397 4051 illo
3422 3997 3520 4051 de-

1917 4087 2062 4141 tlttcli
2107 4086 2366 4154 pericula.
2399 4086 2553 4152 Quod
2584 4100 2714 4141 vero
2744 4101 2849 4139 non
2892 4088 3224 4156 potuissent,
3266 4088 3367 4141 nisi
3395 4104 3525 4143 vera

1918 4179 2241 4233 resurrectio
2271 4176 2459 4233 fuisset
2479 4219 2493 4242 ,
2526 4178 2673 4232 illam
2712 4176 2970 4237 simulare
2990 4218 3009 4245 ,
3053 4178 3102 4233 id
3152 4190 3301 4235 certe
3332 4180 3517 4234 admu-

1917 4270 2046 4324 dum
2080 4270 2352 4339 probabile
2377 4281 2478 4326 est.
2513 4269 2570 4324 In
2601 4284 2705 4341 qua
2754 4285 2814 4326 re
2840 4270 2985 4326 enim
3016 4270 3265 4326 fiduciam
3297 4272 3518 4326 habuis-

1918 4362 2077 4416 scnt?
2104 4361 2155 4415 itt
2184 4362 2450 4416 sermonis
2472 4362 2773 4432 gravitate?
2815 4363 2884 4415 At
2908 4363 3149 4416 omnium
3182 4362 3520 4431 iutperitissi-
3598 4354 3603 4357 ⁷

1919 4454 1988 4507 ιιιί
2017 4461 2189 4508 erant.
2223 4452 2278 4507 ltt
2308 4454 2655 4520 pecuniarum
2683 4452 2877 4522 capia?
2904 4451 3091 4524 Neque
3114 4441 3317 4524 virgam
3343 4471 3524 4524 neque

1916 4545 2274 4598 calceatnenta
2320 4542 2607 4598 habebant.
2653 4543 2708 4596 In
2753 4543 3041 4613 Splendorc
3079 4546 3334 4615 generis?
3373 4546 3523 4602 Viles

1915 4645 2088 4693 erant.
2117 4650 2181 4688 ex
2214 4634 2407 4689 vilibus
2436 4634 2559 4688 orti.
2594 4633 2647 4687 lu
2677 4636 2865 4705 patriae
2892 4636 3223 4703 splendore?
3262 4638 3339 4691 Ex
3368 4638 3516 4708 igno-

1915 4726 2113 4780 bilibus
2155 4726 2258 4780 orti
2308 4725 2440 4780 locis
2484 4736 2656 4780 erant.
2692 4726 2747 4779 ltt
2794 4727 3177 4783 multitudine?
3206 4727 3323 4783 Non
3363 4742 3516 4785 erant

1915 4820 2096 4889 plures
2146 4834 2305 4889 quam
2353 4820 2637 4885 undecim,
2687 4820 2737 4874 itt
2789 4820 2951 4875 variis
2999 4820 3231 4890 dispersi
3262 4822 3414 4878 locis.
3460 4825 3519 4877 In

1916 4911 2360 4983 promissionibus
2392 4913 2680 4983 magistri?
2712 4912 2822 4967 Nisi
2857 4916 3246 4969 resurrexisset
3268 4956 3283 4979 ,
3316 4916 3521 4970 nullam

1916 5006 1967 5058 itt
2000 5004 2129 5072 ipsis
2152 5003 2309 5058 lidem
2339 5004 2571 5058 habituri
2602 5014 2779 5058 erant.
2808 5004 3091 5070 Quomodo
3118 5014 3298 5060 autem
3332 5005 3517 5060 furen-

1916 5107 2022 5151 tem
2056 5097 2309 5167 populum
2356 5079 2779 5151 suétinuiwent?
2823 5096 2879 5152 Si
2918 5110 3148 5166 namque
3194 5097 3517 5168 corypltarus

1914 5190 2161 5259 ipsrirum
2195 5190 2431 5247 ostiaria:
2459 5188 2701 5243 mulieris
2729 5189 2949 5244 verbum
2982 5205 3090 5243 non
3115 5189 3251 5255 tulit,
3278 5202 3329 5245 et
3359 5193 3402 5245 si
3433 5210 3519 5246 τεο

1915 5282 2041 5349 liqtti
2073 5281 2223 5335 illum
2255 5282 2490 5335 vinctum
2520 5280 2765 5335 videntes
2795 5281 3023 5351 dispersi
3046 5292 3169 5335 sunt
3199 5301 3211 5335 :
3244 5284 3517 5351 quomodo

1915 5372 1964 5423 itt
1997 5373 2234 5425 animum
2266 5371 2633 5433 induxissent,
2664 5374 2729 5425 ad
2763 5382 3001 5427 extrema
3031 5373 3175 5427 orbis
3203 5390 3515 5441 accurrere,

1913 5472 1969 5513 ut
1999 5463 2179 5515 lictutn
2214 5463 2628 5517 resurrectionis
2666 5465 2886 5517 verbum
2923 5462 3267 5533 plantat-ent?
3290 5467 3342 5520 Si
3367 5468 3512 5519 enim

1916 5555 2004 5607 ille
2027 5554 2284 5609 adversus
2317 5556 2557 5610 mulieris
2582 5556 2756 5609 minas
2785 5573 2890 5610 non
2919 5558 3096 5621 stetit,
3135 5573 3310 5626 neque
3339 5560 3411 5611 i.li
3443 5559 3509 5612 ad

1914 5647 2243 5700 vinculorum
2272 5656 2618 5715 conspectum
2641 5649 2660 5677 '
2684 5688 2700 5711 ,
2733 5647 3003 5717 quomodo
3037 5658 3285 5717 poterant
3313 5647 3517 5701 adu-tu-

1976 5761 1987 5789 ¹
2036 5758 2083 5805 la
2121 5757 2282 5805 Morel.
2322 5770 2415 5804 non
2445 5756 2645 5817 legitur.
2680 5757 3097 5819 comprehensum.

1985 5826 2001 5851 ³
2043 5822 2094 5869 lu
2132 5822 2238 5870 aliis
2272 5821 2470 5880 legitur,
2498 5833 2649 5881 nunc
2676 5819 2748 5869 tlti
2771 5826 2833 5869 uti
2866 5822 3033 5883 p~.-putt"
3057 5834 3141 5869 con
3172 5827 3275 5877 pot
3300 5833 3381 5866 ξω.
