4050 6424
519 333 622 391 783

514 461 607 500 sus
636 458 790 516 reges
815 453 869 502 et
909 443 1175 514 principes
1201 452 1254 496 et
1302 441 1524 512 populos
1547 447 1729 507 stare,
1772 439 1860 494 ubi
1892 437 2088 509 gladii,

518 536 848 605 sartagines,
888 535 1163 596 fornaces.
1195 543 1248 586 et
1277 532 1420 585 mille
1445 531 1683 601 quotidie
1726 539 1958 594 mortes,
1995 530 2094 584 nisi

515 627 632 692 ejus
659 626 746 694 qui
775 633 1146 682 resurrexerat
1171 625 1363 679 virtute
1376 632 1432 678 et
1451 624 1615 694 gratia
1640 623 1807 693 adjuti
1829 621 2094 678 fuissent?

515 715 662 770 Talia
695 724 958 784 tantaque.
981 715 1130 785 signa
1163 714 1300 770 facta
1324 709 1531 769 fuerant
1557 755 1573 778 ,
1601 725 1656 769 et
1681 713 1882 768 nullum
1907 727 2096 769 eorum“

512 804 678 858 lutlzei
705 813 829 859 sunt
849 807 1066 871 reveriti
1098 847 1114 871 ,
1145 804 1238 860 sed
1265 805 1413 860 illum
1448 805 1831 860 cruciflserunt
1865 824 1880 860 :
1911 815 1965 860 et
1993 805 2094 860 illis

515 895 961 951 resurrectionem
979 896 1290 964 simpliciter
1303 895 1639 950 narrantibus
1650 893 1903 950 credituri
1917 897 2095 951 erant?

511 983 626 1039 Non
655 985 722 1040 ita
752 999 813 1040 se
841 999 928 1040 res
955 985 1145 1050 habet,
1176 1000 1282 1040 non
1309 987 1410 1054 ita,
1440 985 1536 1042 sed
1564 985 1712 1057 ejus,
1738 985 1828 1057 qui
1856 1001 2094 1042 resurre-

511 1077 613 1141 xit,
644 1076 813 1130 virtus
838 1075 951 1130 hmo
979 1086 1194 1145 operata
1216 1085 1320 1132 est.

577 1165 633 1220 2.
663 1164 936 1234 Perpende
959 1173 1134 1220 autem
1161 1165 1290 1220 mihi
1323 1165 1539 1221 illorum
1565 1163 1828 1221 vafritiem
1858 1164 2092 1234 perridi-

507 1259 703 1312 cttlam.
749 1253 1020 1311 Recordati
1053 1273 1247 1323 sumus,
1283 1257 1547 1329 inquiunt,
1573 1257 1711 1329 quod
1747 1257 1982 1312 seductor
2005 1258 2093 1311 ille

503 1349 678 1402 adhuc
702 1348 867 1403 virens
889 1347 1038 1413 dixit,
1072 1345 1200 1402 Post
1229 1358 1327 1403 tres
1356 1349 1463 1403 dies
1492 1364 1774 1420 resurgam.
1804 1349 1869 1404 At
1911 1352 1955 1402 sl
1984 1348 2091 1402 im-

512 1447 693 1506 poster
720 1446 871 1505 erat,
917 1447 972 1494 et
1017 1425 1292 1494 mendacia
1338 1439 1600 1510 iactabat.
1648 1440 1772 1510 quid
1813 1441 2011 1495 timetis
2036 1449 2092 1496 et

504 1530 945 1596 circumcurritis,
993 1539 1244 1600 tantoque
1284 1529 1467 1586 studio
1509 1532 1759 1587 utimini?
1794 1526 2087 1599 Timemus,

508 1620 776 1690 inquiunt,
820 1634 888 1676 ne
913 1618 1158 1690 discipuli
1187 1619 1428 1677 furentur
1455 1637 1597 1687 eum,
1629 1631 1684 1678 et
1706 1622 1917 1694 plebem
1943 1621 2090 1700 deci-

507 1711 676 1782 piant.
709 1711 865 1783 Atqui
894 1711 1316 1767 demonstratum
1341 1721 1445 1780 est,
1474 1712 1576 1770 hoc
1602 1728 1708 1768 non
1733 1713 1925 1769 rationi
1952 1728 2086 1769 con-

507 1799 824 1857 sentaneum
870 1816 1027 1867 esse;
1067 1810 1301 1858 attamen
1345 1803 1613 1874 nequitia,
1660 1805 1991 1860 contentiosa
2035 1813 2091 1860 et

503 1891 804 1962 impudens,
834 1892 1217 1947 irrationabilia
1244 1907 1453 1965 quoque
1487 1881 1810 1967 aggreditur.
1855 1895 1936 1949 Ad
1978 1903 2090 1951 tres

506 1997 675 2054 usque
701 1983 816 2039 dies
830 1983 1019 2054 jnbent
1038 1984 1228 2049 muniri
1250 1985 1574 2056 sepulcrum,
1591 1986 1738 2057 quasi
1762 2001 1858 2058 pro
1873 1986 2091 2057 dogma-

506 2074 649 2130 tibus
679 2085 991 2146 pugnantes,
1018 2087 1077 2131 ut
1101 2077 1384 2147 probarent
1423 2079 1562 2134 hunc
1581 2078 1808 2134 antehac
1831 2079 2083 2150 decepto-

507 2178 622 2220 retn
655 2163 837 2229 fuisse,
866 2177 920 2222 et
949 2181 1117 2236 usque
1166 2166 1232 2222 ad
1280 2168 1578 2238 sepulcrum
1622 2169 1876 2225 malitiam
1902 2180 2090 2224 exten-

502 2255 660 2310 dunt.
691 2255 813 2311 Ideo
839 2256 947 2311 cito
975 2258 1224 2322 surrexit,
1263 2273 1332 2314 ne
1364 2257 1623 2324 dicereut,
1671 2260 1843 2330 ipsum
1891 2260 2086 2316 menti-

506 2355 617 2400 tum
646 2356 701 2402 et
732 2362 926 2417 corpus
964 2347 1231 2404 sublatum
1281 2348 1466 2413 fuisse.
1517 2349 1646 2404 Illud
1689 2351 1834 2408 enim
1875 2351 2086 2406 crimini

505 2452 613 2491 non
638 2447 753 2491 erat
778 2438 1088 2507 obnoxium,
1114 2441 1253 2508 quod
1280 2442 1386 2496 cito
1409 2441 1763 2522 surrexisset;
1791 2441 1934 2512 quod
1961 2457 2087 2498 vero

503 2529 730 2595 tardius,
759 2530 1060 2597 suspicione
1103 2532 1314 2601 plenum
1353 2542 1486 2587 erat.
1537 2532 1669 2589 Nam
1716 2534 1762 2589 si
1811 2543 1936 2589 tunc
1979 2549 2085 2590 non

505 2619 906 2686 resurrexisset,
955 2619 1082 2675 dum
1124 2621 1197 2676 illi
1238 2621 1488 2678 sederent
1523 2637 1589 2678 ac
1615 2623 1964 2693 custodirent,
1989 2624 2085 2680 sed

505 2707 636 2776 ipsis
692 2720 810 2777 post
859 2721 967 2765 tres
1016 2711 1132 2768 dies
1185 2712 1478 2782 digressis,
1524 2713 1931 2778 centradicere.
1983 2717 2084 2770 etsi

502 2800 684 2869 stulte,
715 2811 977 2870 poterant.
1009 2801 1131 2857 Ideo
1173 2803 1332 2873 igitur
1369 2804 1622 2872 pravenlt
1647 2813 1702 2858 et
1729 2805 1959 2861 surrexit
1983 2847 1998 2868 ,
2028 2815 2086 2861 ut

503 2907 571 2947 ne
592 2890 950 2963 impudentem
979 2892 1054 2948 illi
1088 2906 1272 2947 ansam
1301 2890 1577 2949 baberent.
1609 2890 1900 2964 Oportebat
1937 2894 2081 2956 enim

503 2985 950 3040 resurrectionem
989 2985 1101 3042 ﬂeri
1120 3027 1138 3054 ,
1171 2983 1298 3055 ipsis
1326 2983 1636 3042 sedem-ibus
1659 2993 1714 3042 et
1740 2985 2085 3043 custodiem-

503 3073 620 3129 bns.
657 3075 817 3144 Igitur
863 3076 998 3130 intra
1030 3086 1136 3131 tres
1172 3076 1288 3131 dies
1311 3077 1541 3147 oportuit
1574 3077 1717 3132 illum
1758 3092 2080 3147 resurgam:

507 3181 637 3227 nam
661 3168 706 3222 si
749 3177 867 3237 post
895 3168 1013 3224 illas
1045 3167 1162 3224 dies
1191 3168 1244 3224 id
1272 3169 1538 3225 evenisset
1562 3169 1665 3224 illis
1689 3169 1961 3240 digressis,
1988 3184 2081 3225 su-

505 3267 684 3329 specta
713 3274 802 3315 res
840 3259 1047 3315 fuisset.
1076 3259 1200 3316 Ideo
1239 3275 1450 3332 quoque
1495 3261 1761 3333 obsignari
1795 3263 2081 3329 concessit,

506 3357 566 3403 ut
595 3348 695 3419 ipsi
727 3350 991 3416 volebant,
1025 3359 1080 3406 ct
1109 3351 1305 3407 milites
1329 3352 1655 3408 sssidebaut.
1681 3352 1792 3409 Nec
1825 3353 2086 3411 curabant

503 3437 646 3507 quod
677 3439 778 3495 boe
820 3441 872 3495 in
903 3441 1124 3498 sabbato
1168 3442 1353 3508 fleret,
1400 3453 1454 3500 et
1503 3443 1852 3509 laboraretur,
1891 3446 1988 3503 sed
2017 3446 2086 3503 ad

505 3541 656 3581 suam
679 3528 847 3582 stulam
875 3531 1189 3598 spectabant
1216 3531 1526 3602 nequitiam,
1569 3543 1626 3588 ut
1645 3534 1735 3604 qui
1763 3534 1862 3591 bac
1882 3536 1962 3590 via
1987 3551 2083 3591 su-

505 3617 739 3686 peraturi
768 3629 983 3684 essent;
1011 3621 1150 3689 quod
1177 3629 1432 3677 extremae
1457 3631 1572 3678 erat
1599 3623 1820 3698 insaniae
1847 3635 1902 3682 et
1930 3628 2087 3682 timo-

505 3706 582 3761 ris
627 3706 770 3776 ipsos
816 3708 1159 3766 vehementer
1209 3713 1584 3769 concutientis.
1633 3713 1763 3770 Nam
1789 3718 1878 3787 qui
1934 3717 2081 3774 illum

503 3801 766 3854 viventem
789 3800 1270 3871 apprchenderast,
1302 3815 1567 3861 mortuum
1601 3806 1787 3864 timent
1817 3826 1832 3863 :
1861 3811 2006 3880 atqui
2036 3811 2082 3867 si

503 3905 670 3960 purus
695 3903 811 3948 erat
837 3892 1018 3959 homo,
1051 3895 1232 3951 ﬁdenti
1256 3897 1438 3953 animo
1465 3913 1584 3954 esse
1607 3901 1860 3970 oportuit.
1891 3901 1998 3959 Sed
2025 3911 2081 3958 ut

502 3981 827 4052 ediscerent,
866 3985 1038 4055 ipsum
1075 3987 1339 4045 viventem
1377 3999 1569 4059 sponte
1594 4006 1807 4061 passum
1841 3993 2003 4050 fuisse
2028 3994 2082 4050 id

503 4074 644 4143 quod
675 4089 860 4144 [uissus
887 4085 990 4140 est,
1013 4091 1140 4132 cccc
1165 4088 1218 4133 et
1245 4079 1478 4148 sigillum
1505 4090 1558 4134 ct
1584 4081 1717 4150 lapis
1740 4092 1792 4137 et
1815 4083 2080 4148 custodia;

506 4180 678 4234 neque
720 4175 896 4220 tamen
942 4175 1210 4227 mortuum
1252 4170 1484 4226 retinere
1532 4181 1811 4240 potuerunt
1852 4192 1864 4227 :
1897 4174 1988 4230 sed
2029 4173 2082 4230 id

508 4269 672 4309 unum
697 4240 944 4322 cfllcitur,
993 4257 1134 4326 quod
1179 4259 1448 4328 sepultura
1488 4260 1807 4331 publicetur,
1857 4273 1911 4319 et
1959 4265 2084 4321 hinc

505 4345 824 4400 resurrectio
868 4347 1132 4402 credatur.
1169 4347 1302 4404 Nam
1328 4359 1383 4404 et
1427 4351 1619 4406 milites
1663 4352 1988 4420 assidebant,
2025 4365 2083 4412 et

500 4431 670 4488 διιάωὶ
709 4435 1053 4491 assistebant.
1084 4435 1235 4509 (Cap.
1267 4437 1381 4508 9.8.)
1412 4438 1463 4492 ί.
1505 4435 1722 4508 Vespere
1748 4452 1924 4498 autent
1959 4448 2080 4500 sab-

502 4522 746 4587 batorum,
776 4541 889 4595 qua
913 4527 1117 4580 lucescit
1156 4529 1209 4580 in
1249 4545 1353 4581 uua
1388 4529 1722 4595 sabbatorum,
1753 4533 1882 4586 seuit
1908 4532 2082 4590 Maria

503 4612 809 4685 Magdalene
848 4629 894 4670 et
931 4617 1090 4672 altera
1139 4618 1306 4673 Maria
1351 4622 1515 4675 cidere
1556 4625 1857 4691 sepulcrum.
1910 4625 1964 4681 2.
2017 4627 2079 4682 Et

497 4721 614 4761 ecce
639 4719 783 4760 teme
808 4720 969 4763 motus
997 4714 1163 4779 factus
1205 4722 1277 4765 est
1305 4729 1535 4784 magnus.
1561 4714 1784 4786 Angelus
1815 4719 1946 4772 enim
1981 4719 2080 4774 Do-

500 4797 626 4850 mini
668 4797 922 4852 descendit
971 4801 1033 4854 de
1069 4802 1212 4867 ctrlo,
1238 4812 1286 4856 et
1321 4807 1560 4858 accedens
1611 4806 1816 4860 revolvit
1857 4809 2079 4876 lapidem

499 4889 564 4942 ab
584 4889 711 4942 ostio
734 4892 1064 4953 monumenti,
1093 4902 1140 4945 et
1168 4893 1368 4947 sedebat
1392 4911 1542 4964 super
1567 4912 1696 4948 estin.
1728 4897 1784 4950 3.
1821 4895 1945 4951 Erat
1983 4917 2078 4953 au-

497 4988 599 5032 tent
626 4990 855 5045 aspectus
882 4981 992 5052 ejus
1013 4983 1143 5035 sicut
1171 4984 1372 5054 fulgur,
1402 4986 1742 5040 restituentem
1774 5000 1936 5040 autent
1969 4991 2080 5060 ejus

496 5071 775 5124 candidum
797 5071 924 5125 sicut
954 5072 1062 5127 nix.
1092 5073 1218 5128 Post
1257 5079 1700 5132 resurrectionem
1745 5081 1884 5134 venit
1911 5097 2074 5152 ange-

493 5162 599 5229 lus.
626 5161 734 5219 Cur
760 5180 885 5228 ergo
910 5167 1074 5234 venit,
1096 5178 1144 5220 et
1172 5168 1397 5237 lapidem
1423 5170 1682 5226 abstulit?
1717 5171 1936 5243 Prop'er
1958 5191 2078 5230 mu-

496 5253 655 5309 lieres
686 5274 696 5310 :
727 5257 828 5315 illa:
858 5258 995 5312 enim
1043 5260 1212 5329 ipsum
1245 5270 1372 5316 tunc
1413 5262 1657 5316 viderunt
1703 5263 1755 5317 in
1803 5267 2072 5334 sepulcro.

494 5343 561 5401 Ut
589 5361 715 5418 ergo
763 5349 1061 5418 crederent,
1106 5367 1228 5407 eum
1272 5356 1651 5428 resurrexisse,
1697 5357 2076 5429 vidcntsepul-

489 5453 641 5491 enim
672 5453 896 5510 corpore
939 5456 1184 5498 vacuum.
1232 5444 1356 5499 Ideo
1399 5446 1611 5500 abstulit
1655 5448 1900 5516 lapidem,
1954 5452 2074 5506 ideo

488 5539 648 5585 terra:
680 5544 853 5586 motos
881 5533 1047 5589 factus
1076 5547 1176 5601 est,
1205 5550 1260 5592 nt
1282 5541 1638 5596 excitarentur
1666 5557 1716 5598 ct
1739 5547 2072 5615 expergisce-

493 5635 628 5675 icui.
683 5623 944 5678 \‘c::-..:ant
981 5626 1143 5692 enim,
1191 5641 1245 5681 ut
1287 5644 1481 5699 corpus
1519 5633 1636 5687 oleo
1676 5631 1931 5705 ungerent
1964 5655 1977 5688 :
2011 5652 2072 5691 ac

489 5724 646 5765 inde
675 5711 769 5768 ista
816 5717 1032 5784 licitattt,
1080 5719 1474 5792 verisimileque
1503 5736 1613 5779 erat
1649 5728 1901 5794 qmsduni
1930 5729 2069 5782 dor--

1217 330 1270 385 S.
1313 327 1590 385 .IO.\!\"NIS
1615 325 2093 383 CIIBYSOSTOMI
2132 324 2443 381 ARClllEP.
2484 323 3017 384 ΟΟΧΞἸᾺΝἹἸΝΟΡ.

3681 335 3789 394 ἰιι

2206 437 2440 494 ιιιὶγίςιε.
2472 436 2576 494 Sed
2605 453 2720 500 cur,
2752 439 2980 509 inquies,
3001 439 3225 513 angelus
3246 441 3374 500 dicit
3394 445 3496 511 eis,
3527 445 3583 501 5.
3614 446 3794 504 Nolite

2201 528 2375 614 timere
2397 530 2522 584 eos!
2547 527 2706 584 Prius
2732 539 2876 586 metu
2901 531 3020 586 illas
3049 531 3260 600 liberat,
3287 544 3340 590 et
3363 545 3488 592 tunc
3515 537 3586 594 de
3610 555 3794 594 casuri

2201 621 2439 676 rectione
2478 621 2734 692 loquitur.
2767 621 2898 678 Illud
2927 631 3125 691 autem,
3181 623 3303 692 Vos,
3331 627 3556 683 multum
3590 645 3704 700 pre
3733 645 3789 689 se

2179 709 2301 767 ~fert
2340 711 2583 779 honoris,
2627 714 2967 786 ostenditque
3006 731 3101 771 eos
3126 759 3142 782 ,
3193 719 3281 789 qui
3329 728 3533 776 tantum
3581 721 3788 780 facinus

2195 811 2562 872 susceperant,
2592 812 2828 860 extrema
2857 821 3106 876 passuros
3131 823 3270 871 esse,
3295 812 3392 866 nisi
3417 813 3784 881 poenitemiam

2196 905 2435 963 ngerent.
2465 895 2581 951 Non
2607 895 2750 950 enim
2778 905 3011 952 vestram
3050 908 3168 967 est,
3199 900 3391 970 inquit,
3422 903 3646 971 timere;
3684 906 3786 962 sed

2195 985 2410 1041 illorum
2435 985 2527 1055 qui
2569 988 2739 1057 ipsum
2779 988 3187 1046 crucifixerunt.
3221 992 3355 1048 Cum
3385 995 3547 1066 igitur
3587 998 3707 1054 illas
3731 1007 3787 1054 et

2193 1093 2258 1132 ex
2289 1078 2466 1134 verbis
2493 1089 2546 1134 et
2578 1094 2646 1135 ex
2677 1081 2792 1136 visu
2819 1096 2849 1135 a
2877 1093 3020 1143 metu
3048 1081 3327 1140 liberasset
3352 1085 3601 1154 (hilarem
3632 1090 3784 1145 enim

2193 1169 2424 1236 speciem
2473 1169 2769 1234 offerebat,
2823 1181 2877 1225 ut
2930 1173 3018 1242 qui
3073 1180 3178 1228 tam
3224 1173 3393 1230 fausta
3441 1171 3782 1248 nmdiaret)’,

2193 1257 2465 1326 subjuuxit
2491 1259 2699 1326 dicens,
2745 1259 2866 1316 Scio
2911 1263 3048 1334 quod
3073 1261 3251 1317 Iesum
3290 1267 3374 1336 qui
3403 1269 3681 1336 cruciﬁxus
3709 1281 3785 1324 est

2193 1349 2438 1416 queritis,
2489 1363 2663 1420 neque
2687 1350 2955 1406 erubescit
2999 1354 3309 1409 cntcillsum
3365 1371 3559 1414 vocare
3607 1377 3622 1416 :
3677 1360 3786 1418 hoc

2192 1437 2334 1491 enim
2355 1447 2514 1507 caput
2535 1447 2616 1493 est
2641 1448 2696 1494 et
2720 1454 2924 1493 summa
2955 1439 3237 1498 bonorum.
3261 1445 3314 1498 6.
3343 1445 3595 1502 Surrexit.
3631 1447 3785 1505 Unde

2198 1525 2301 1581 hoc
2328 1527 2545 1596 planum
2570 1529 2689 1582 est?
2714 1526 2862 1585 Sicut
2886 1530 3035 1586 dixit.
3068 1530 3252 1602 Itaque
3287 1535 3496 1591 etiamsi
3524 1537 3652 1592 mihi
3679 1540 3786 1594 dif-

2191 1614 2388 1683 lidatis,
2420 1616 2561 1671 illius
2588 1617 2869 1674 verborum
2916 1621 3303 1687 reeordemini,
3349 1635 3402 1680 et
3447 1629 3578 1682 mibi
3619 1628 3782 1684 fidi-sn

2193 1723 2297 1762 non
2326 1709 2602 1778 negabitis.
2655 1709 2856 1767 Deinde
2879 1721 2962 1766 est
3000 1713 3103 1768 alia
3144 1713 3549 1774 demustratio.
3611 1719 3784 1776 Venite

2191 1806 2238 1852 et
2266 1799 2424 1853 uidete
2451 1798 2618 1853 larunt
2644 1800 2732 1854 ubi
2764 1803 2958 1871 positus
2979 1813 3107 1860 erat.
3140 1804 3263 1860 Ideo
3289 1805 3520 1877 lapidem
3559 1825 3782 1867 amove-

2192 1897 2293 1954 rat,
2327 1899 2383 1945 ut
2410 1890 2532 1946 hinc
2557 1892 2715 1947 etiam
2740 1907 3112 1963 argumentum
3131 1909 3425 1954 sumerent.
3455 1902 3506 1954 7.
3545 1901 3608 1957 Et
3629 1905 3785 1959 dicite

2191 1983 2454 2052 discipulis
2480 2000 2500 2038 :
2525 1983 2703 2050 Ipsum
2725 1987 2954 2041 videbitis
2978 1988 3032 2042 in
3059 1986 3291 2044 Catilina.
3319 1991 3372 2045 Id
3393 1992 3560 2048 el'llcit
3585 2004 3643 2049 ut
3661 1998 3783 2051 a'iis

2190 2073 2348 2127 etiam
2373 2076 2740 2138 annuntietur.
2768 2075 2914 2146 «good
2938 2078 3104 2147 magis
3135 2080 3277 2148 ipsas
3310 2081 3375 2135 ad
3413 2081 3570 2138 tidem
3619 2086 3781 2142 induo

2189 2161 2363 2218 cebat.
2397 2165 2473 2219 Ac
2500 2165 2720 2234 pulchre
2743 2167 2898 2234 dixit,
2921 2165 2989 2221 1η
3015 2165 3263 2236 (inlitam,
3289 2187 3320 2226 a
3349 2175 3577 2242 negotiis
3605 2185 3658 2231 et
3685 2191 3783 2245 pc-

2189 2251 2372 2307 riculis
2410 2254 2659 2317 liberans.
2693 2263 2844 2311 utne
2877 2267 3054 2312 melus
3099 2259 3257 2314 fidem
3302 2261 3554 2319 turbaret.
3608 2265 3664 2321 8.
3713 2265 3782 2321 Et

2189 2345 2416 2398 etiam“
2441 2345 2507 2400 de
2543 2357 2863 2402 monumento
2883 2364 2996 2402 cum
3025 2349 3205 2406 timore
3237 2361 3284 2405 et
3325 2355 3512 2424 gaudio
3563 2356 3782 2425 Quare?

2190 2431 2513 2503 Slupcndatn
2562 2451 2674 2491 rem
2723 2437 2966 2493 viderant
3017 2448 3075 2495 et
3124 2441 3440 2509 inauditam;
3468 2449 3781 2514 sepulcrum

2192 2539 2415 2579 vacuum
2447 2525 2498 2580 in
2533 2541 2640 2597 quo
2669 2529 2816 2598 prius
2842 2544 3037 2600 corpus
3063 2533 3290 2601 positum
3320 2532 3485 2590 fuisse
3511 2537 3775 2594 viderant.

2189 2613 2364 2682 Quare
2395 2617 2510 2671 illas
2533 2616 2598 2671 ad
2639 2621 3001 2686 spectaculum
3026 2621 3266 2688 adduxit,
3297 2635 3354 2678 ut
3387 2628 3665 2698 utriusque
3691 2639 3778 2684 tu-

2189 2716 2298 2774 stes
2323 2717 2521 2772 essent,
2537 2709 2841 2777 et‘scpuleri
2862 2719 2916 2764 et
2943 2712 3370 2769 resurrectionis.
3399 2716 3606 2772 Etenim
3628 2722 3778 2780 coui-

2189 2795 2370 2850 tabant
2415 2799 2680 2853 nmninem
2710 2801 2948 2868 potuisse
2977 2803 3126 2857 illum
3165 2806 3394 2870 auferre,
3426 2818 3504 2862 tot
3525 2813 3776 2868 assiden-

2189 2887 2330 2942 tibns
2369 2889 2645 2953 militibus,
2689 2891 2790 2945 nisi
2836 2894 2950 2964 ipse
2991 2895 3226 2964 seipsum
3271 2900 3603 2957 ειιςιτίιειεςρι.
3650 2904 3776 2958 Idm

2177 2980 2418 3055 gaudent
2454 2989 2510 3036 et
2542 2979 2843 3048 mirantur,
2874 2990 2929 3037 et
2968 2990 3131 3038 tanta
3165 2986 3590 3054 perseverantia
3619 3003 3772 3045 mer-

2177 3071 2368 3130 cedem
2418 3071 2731 3143 accipiunt,
2780 3071 2932 3144 quod
2981 3074 3170 3144 prima
3215 3075 3460 3132 viderent
3502 3085 3558 3134 et
3608 3093 3770 3134 uim-

2176 3160 2402 3228 tiarent,
2431 3175 2546 3218 non
2576 3161 2754 3219 solum
2788 3178 2911 3234 quae
2943 3163 3254 3231 audierant,
3290 3167 3387 3222 sed
3418 3174 3473 3223 et
3510 3183 3636 3238 qua
3679 3170 3768 3226 vi.

2177 3250 2392 3307 derant.

2255 3418 2310 3476 3.
2342 3418 2479 3475 Cum
2523 3420 2682 3490 igitur
2709 3421 2999 3477 exivisseut
3045 3437 3168 3478 cum
3218 3422 3410 3481 timore
3438 3435 3494 3482 et
3531 3429 3768 3498 gaudio.

2185 3509 2240 3568 9.
2272 3508 2343 3566 Et
2368 3528 2485 3566 ecce
2504 3511 2656 3568 Jesus
2679 3514 2900 3567 occurrit
2928 3513 3034 3568 illis
3054 3513 3226 3570 dicens
3251 3531 3273 3572 :
3301 3518 3471 3572 Aucte.
3503 3517 3625 3576 Illa
3651 3539 3771 3580 sem

2185 3615 2449 3663 tenuerunt
2473 3609 2623 3678 pedes
2667 3612 2810 3678 eius,
2839 3619 2894 3666 et
2919 3625 3042 3666 eum
3087 3612 3286 3684 ingenti
3317 3614 3497 3669 latitia
3521 3615 3591 3671 ad
3619 3617 3770 3674 illum

2182 3709 2526 3755 occurrentes
2547 3740 2562 3763 ,
2591 3715 2686 3770 per
2711 3709 2910 3756 tactum
2940 3705 3348 3760 resurrectionis
3374 3715 3580 3763 certum
3605 3725 3772 3780 argu-

2184 3797 2424 3844 mentum
2445 3803 2786 3861 acceperunt,
2819 3790 2885 3846 Et
2909 3791 3248 3849 adcraosrtml
3274 3813 3407 3851 eum.
3435 3797 3576 3868 Quid
3608 3799 3773 3872 igitur

2184 3879 2311 3934 ille?
2336 3880 2423 3935 l0.
2449 3879 2626 3935 Nolite
2653 3883 2844 3938 timere.
2899 3884 3100 3940 llursus
3122 3895 3177 3942 et
3201 3886 3317 3958 ipse
3347 3889 3593 3948 timorem
3612 3909 3773 3949 anto-

2185 3977 2309 4036 vet,
2341 3968 2464 4026 fidei
2494 3971 2632 4026 viam
2663 3986 2880 4041 parans.
2929 3975 3034 4030 Sed
3059 3981 3157 4041 ite,
3189 3989 3236 4032 et
3265 3982 3494 4036 nuntiate
3521 3985 3775 4055 fratribus

2184 4061 2328 4128 meis,
2359 4071 2413 4115 ut
2432 4072 2546 4116 eant
2567 4063 2618 4117 in
2657 4062 2920 4118 Galiltennt
2940 4075 3023 4120 :et
3047 4068 3116 4122 ibi
3143 4084 3223 4124 me
3248 4070 3499 4126 videbunt.
3532 4073 3775 4146 Perpen-

2185 4149 2253 4205 de
2281 4152 2548 4221 quomodo
2578 4155 2691 4224 ipse
2717 4154 2901 4209 barum
2930 4171 3093 4226 opera
3136 4157 3409 4230 discipulis
3451 4167 3773 4233 annuntiet,

2187 4251 2242 4295 ut
2271 4257 2413 4314 stupe
2437 4243 2578 4309 dixi,
2604 4260 2789 4299 sexum
2817 4245 3191 4304 inhonoratum
3230 4250 3297 4306 ad
3331 4252 3587 4310 honorem
3617 4266 3676 4312 et
3699 4258 3772 4313 ad

2186 4333 2380 4389 bonum
2427 4349 2578 4405 spem
2625 4351 2921 4404 revocans,
2949 4348 3006 4393 et
3041 4342 3183 4410 quod
3232 4341 3500 4398 infirmum
3527 4353 3648 4401 erat
3684 4362 3774 4403 sa-

2186 4441 2338 4478 nans.
2370 4425 2572 4495 Aliquis
2601 4427 2824 4483 fortasse
2849 4440 3089 4484 vestrum
3116 4443 3338 4502 cuperet
3382 4435 3668 4506 insignium
3700 4440 3777 4492 il-

2189 4515 2357 4569 latum
2407 4517 2576 4572 instar
2621 4519 2902 4574 mulierum
2953 4522 3116 4591 pedes
3153 4523 3280 4580 Jesu
3332 4529 3568 4584 tenere'.’-
3612 4529 3776 4587 Nunc

2185 4609 2343 4659 etiam
2377 4609 2632 4678 potestis,
2665 4611 2708 4664 si
2740 4617 2827 4682 qui
2859 4613 3020 4668 vultis
3043 4655 3056 4674 .
3089 4630 3264 4686 neque
3305 4619 3466 4686 pedes
3492 4631 3547 4674 et
3575 4637 3780 4680 manus

2185 4712 2422 4761 lztttlttm,
2473 4699 2567 4753 sed
2595 4701 2754 4755 etiam
2785 4714 2940 4772 caput
2990 4704 3117 4759 illud
3163 4721 3374 4762 sacrum
3415 4711 3776 4786 contingere,

2183 4787 2308 4840 dum
2338 4803 2465 4856 pura
2490 4792 2815 4846 conscientia
2846 4808 3118 4849 sacrorum
3141 4800 3516 4868 mysteriorum
3542 4817 3777 4858 consor-

2186 4889 2264 4932 tes
2291 4880 2439 4933 estis.
2472 4879 2650 4949 Ncquc
2700 4883 2785 4938 bic
2834 4893 3074 4952 tantum,
3120 4889 3212 4942 sed
3258 4890 3308 4944 itt
3361 4891 3446 4944 illa
3487 4891 3648 4945 etiam
3680 4896 3775 4951 diu

2183 4970 2354 5039 ipsum
2379 4971 2622 5027 videbitis
2645 5015 2659 5038 ,
2691 4991 2810 5028 cmn
2841 4976 3094 5033 ineliubili
3134 4980 3219 5034 illa
3252 4981 3417 5051 gloria
3445 4991 3500 5036 et
3519 4998 3640 5038 cum
3675 5001 3775 5039 au-

2181 5064 2421 5134 gelorum
2454 5065 2791 5122 multitudine
2819 5071 3140 5135 venientem,
3168 5074 3213 5127 si
3247 5077 3624 5131 misericordes
3643 5092 3776 5135 esse

2181 5158 2456 5213 volueritis
2488 5175 2502 5210 :
2531 5169 2586 5213 et
2605 5161 2830 5215 audietis
2863 5177 2968 5216 non
3001 5162 3115 5218 haec
3145 5165 3300 5220 verba
3335 5176 3558 5232 tantum,
3594 5169 3771 5234 docte.

2182 5251 2274 5304 sed
2306 5252 2464 5304 etiam
2491 5251 2575 5304 illa
2607 5269 2620 5305 :
2663 5251 2834 5307 Venite
2871 5256 3118 5310 benedicti
3153 5256 3322 5313 Patris
3353 5263 3468 5328 mei,
3515 5264 3774 5331 possidete

2183 5358 2388 5408 regnum
2411 5354 2644 5410 paratum
2661 5346 2797 5398 vobis
2819 5363 2850 5399 a
2874 5349 3231 5412 constitutione
3245 5352 3420 5406 mandi
3439 5353 3652 5424 (.ilnttlt.
3673 5356 3766 5412 9-5.

2172 5447 2287 5516 34).
2320 5445 2509 5501 Estote
2544 5447 2708 5517 igitur
2756 5447 3160 5514 misericordes,
3215 5463 3272 5504 ut
3325 5453 3439 5505 bace
3475 5455 3638 5511 verba
3663 5473 3770 5512 atr-

2171 5537 2355 5600 diatis,
2381 5554 2476 5592 vos
2507 5553 2728 5607 Quoque
2759 5556 2894 5594 auro
2923 5554 3132 5596 ornaue
3167 5542 3443 5606 mulieres,
3494 5561 3619 5614 qua:
3660 5547 3762 5602 ha-

2174 5645 2294 5683 rum
2331 5631 2619 5684 mulierum
2656 5648 2876 5686 cursum
2923 5633 3152 5699 vidistis,
3201 5651 3323 5690 sero
3360 5639 3579 5693 tandem
3615 5641 3770 5700 hunc

2179 5725 2426 5778 morbum
2458 5725 2809 5795 ticpomutes.
2844 5727 2959 5780 auri
2991 5743 3182 5799 nempe
3231 5732 3608 5800 Cupiditatetn.
3656 5732 3767 5793 lla-
