4050 6422
242 419 344 473 7ζὸ

241 551 349 601 que.
405 533 450 584 si
505 529 692 582 beatas
733 529 893 579 hasce
941 522 1196 576 mulieres
1253 518 1455 570 imitari
1506 514 1692 575 vultis,
1747 526 1839 562 or-

245 637 435 678 natum
491 625 652 676 istum
708 619 966 681 vendite,
1033 625 1089 668 tit
1140 615 1486 681 eleeinosyna
1540 605 1837 661 orm-mini.

241 716 376 777 Qua:
411 711 654 770 utilitas.
701 723 924 778 (lttaBSO,
990 722 1054 758 es
1108 705 1189 754 bis
1238 700 1507 769 lapidibus
1562 695 1837 766 pretiosis,

236 811 286 852 et
320 813 388 852 ex
414 797 650 850 Vestibus
678 810 811 848 anro
843 793 1100 846 intextis?
1130 792 1219 846 llis
1245 790 1470 862 gaudet,
1505 788 1715 857 inquies
1736 829 1749 850 .
1779 798 1832 841 ct

242 894 456 941 Ιειιιειιιιι·
477 889 674 942 anima.
701 887 812 951 Ego
842 895 891 938 te
916 886 982 939 dc
1014 887 1160 938 lucro
1188 893 1242 937 et
1265 883 1490 936 utilitate
1522 882 1830 950 interrogo;

241 992 296 1031 tn
353 978 480 1031 mihi
531 979 784 1031 damnum
830 991 1032 1029 narras.
1088 975 1180 1028 llis
1209 974 1352 1026 enim
1397 986 1615 1039 cperant
1661 971 1830 1036 dare,

239 1069 497 1136 gaudere,
529 1068 752 1131 haerere,
782 1067 912 1120 nihil
944 1066 1110 1134 pejus.
1136 1064 1285 1118 Tunc
1309 1064 1554 1117 acerbior
1583 1061 1697 1115 hare
1720 1077 1831 1114 ser-

241 1156 382 1206 vitus
410 1164 527 1216 est,
559 1166 678 1205 cum
705 1153 822 1220 quis
852 1151 1091 1204 serviens
1137 1149 1366 1201 ludatur.
1399 1147 1494 1201 Cui
1543 1147 1686 1200 enim
1717 1144 1832 1212 spi-

243 1244 520 1298 ritualium
568 1258 787 1311 olerum
835 1257 1085 1310 umquam
1135 1250 1189 1294 ut
1228 1239 1481 1293 convenit
1525 1236 1834 1291 incumbet?

240 1335 458 1403 quando
490 1336 614 1388 itetn
645 1333 874 1388 utdecet
903 1347 988 1386 res
1018 1331 1278 1384 humanas
1304 1329 1568 1384 deridebit
1594 1344 1714 1395 quae
1739 1343 1836 1381 au-

240 1443 305 1480 ro
336 1427 523 1482 vinciri
575 1433 718 1495 putat
764 1438 884 1478 esse
926 1423 1122 1493 gaudio
1169 1421 1429 1490 dignum?
1480 1419 1610 1474 Nam
1640 1420 1728 1490 qni
1781 1421 1832 1472 in

241 1533 462 1572 carcere
495 1518 684 1572 lubens
713 1517 910 1569 habitat
936 1557 952 1581 ,
1001 1530 1289 1580 nttmqnam
1321 1515 1447 1568 hinc
1485 1514 1616 1583 eripi
1647 1513 1788 1566 volet
1818 1529 1831 1564 :

240 1608 694 1677 quemadmodum
722 1618 777 1661 et
807 1607 948 1677 ipsa,
986 1605 1078 1660 sed
1103 1605 1252 1672 quasi
1283 1605 1494 1672 captiva
1527 1619 1705 1674 pravte
1738 1605 1835 1656 bn-

236 1703 392 1768 jnsce
437 1701 777 1769 cupiditatis,
812 1713 984 1767 neque
1009 1714 1194 1754 Vocem
1236 1699 1562 1768 spiritualem
1591 1714 1712 1752 cum
1752 1697 1836 1750 di-

239 1798 384 1848 evnti
412 1794 603 1862 gaudio
626 1794 812 1848 audire
842 1794 1124 1847 sustinebit
1146 1837 1159 1854 .
1189 1793 1380 1846 nedum
1407 1807 1541 1860 opus
1562 1790 1838 1860 aggredia-

243 1897 348 1938 tur.
412 1885 562 1951 Quod
593 1901 722 1954 ergo
773 1886 978 1939 lucrum
1028 1901 1091 1938 ex
1128 1885 1228 1938 boc
1273 1895 1495 1945 ornatu,
1541 1893 1594 1938 et
1639 1899 1704 1936 ex
1740 1883 1837 1936 hac

245 1978 513 2030 mollitie?
565 1977 840 2039 llclecmr,
877 1977 1063 2043 inquit.
1115 1977 1345 2028 Rursum
1380 1975 1507 2027 mihi
1540 1989 1834 2026 nor-umen-

243 2078 356 2120 t==m
390 2082 574 2120 narras
601 2077 654 2119 et
703 2067 1012 2134 perniciem.
1056 2066 1161 2119 Sed
1205 2069 1371 2119 multo
1403 2063 1550 2118 fruor
1593 2064 1796 2116 honore
1820 2102 1836 2128 ,

245 2159 451 2224 inquit,
487 2158 624 2225 apml
667 2166 1017 2223 spectatores.
1055 2156 1120 2210 Et
1155 2157 1279 2226 quid
1324 2157 1423 2211 hoc
1460 2159 1576 2210 cst‘t
1607 2156 1839 2208 Alterius

243 2251 444 2302 scilicet
475 2252 836 2318 corruptionis
876 2260 1286 2320 argumentum,
1329 2266 1449 2304 cum
1499 2251 1551 2305 in
1605 2249 1835 2315 fastum,

244 2357 368 2390 ιιιιιι
401 2343 449 2392 ιιι
493 2342 856 2409 arrogantiam
897 2343 1180 2394 attolli-ris.
1227 2344 1337 2410 Age
1379 2343 1556 2411 igitur,
1589 2345 1838 2410 qtmuianl

248 2442 300 2481 ιιι
337 2432 543 2483 lncrmn
579 2446 681 2483 non
709 2431 918 2494 dixisti,
947 2432 1096 2495 sine,
1129 2447 1312 2499 quaeso
1336 2473 1349 2494 ,
1382 2415 1700 2486 nocumenta
1743 2449 1842 2486 ex-

248 2539 441 2590 ponam
471 2524 583 2576 tibi.
635 2524 763 2589 Qua!
795 2539 923 2593 ergo
973 2525 1096 2578 inde
1138 2525 1500 2579 nocumenta?
1528 2525 1843 2580 Sollicitudo

249 2617 422 2682 Inajor
450 2633 605 2683 quam
636 2617 898 2683 voluptas.
943 2614 1064 2671 Ideo
1102 2618 1339 2687 plerique
1365 2620 1718 2687 spectantium
1749 2634 1842 2671 ru-

247 2711 458 2760 (li'tt'ttllt
507 2709 674 2775 magis
703 2709 1066 2768 delectantur.
1098 2724 1255 2776 quam
1280 2723 1396 2778 quae
1429 2709 1524 2762 ista
1558 2717 1728 2777 gestat
1753 2723 1840 2762 or-

251 2810 521 2852 namenta.
545 2799 623 2852 Tit
648 2801 787 2852 enim
812 2815 931 2853 eum
964 2801 1320 2855 sollicitudine
1347 2803 1584 2862 ornaris;
1613 2800 1699 2854 illc
1727 2800 1845 2854 sine

248 2910 372 2944 cura
431 2894 594 2960 pascit
641 2894 845 2945 azu'os.
895 2894 1048 2946 Aliud
1095 2895 1220 2947 item
1277 2894 1669 2945 incouunodmn
1725 2903 1841 2958 est,

249 2985 390 3051 quod
444 2985 530 3036 illa
575 2985 752 3036 animo
783 2985 1062 3050 dejiciatnr
1088 3027 1100 3048 ,
1131 2994 1183 3038 et
1231 2985 1483 3038 invidiam
1531 2985 1761 3053 undique
1791 2995 1845 3039 et

251 3079 444 3147 ubique
487 3088 711 3131 moveat.
754 3075 949 3130 Vit-inae
978 3078 1120 3131 enim
1166 3078 1442 3131 concitata:
1488 3089 1672 3131 contra
1703 3078 1844 3131 virus

251 3189 374 3224 suos
406 3181 700 3233 armantur,
731 3184 775 3222 et
815 3171 948 3222 bella
980 3170 1156 3239 gravia
1181 3173 1432 3224 excitant.
1466 3171 1541 3223 Ad
1577 3171 1690 3222 lure
1719 3184 1844 3222 vero

251 3264 418 3315 otimn
453 3278 644 3325 omne,
693 3260 995 3316 sollicitudo
1027 3263 1201 3314 omnis
1253 3262 1303 3314 in
1347 3263 1428 3315 bis
1468 3261 1800 3315 consumitur
1826 3302 1838 3322 ,

251 3353 618 3421 spiritualibns
663 3354 918 3422 operibus
963 3367 1069 3406 non
1115 3354 1401 3408 admodum
1441 3369 1601 3422 opera
1651 3353 1842 3416 datur;

252 3445 581 3512 insupcrque
613 3445 750 3497 fastu
775 3486 789 3510 ,
820 3445 1144 3512 arrogantia,
1176 3459 1309 3497 vana
1337 3445 1502 3514 gloria
1535 3444 1841 3514 huiusmodi

251 3535 446 3588 mulier
472 3535 739 3602 impletur,
771 3550 832 3588 ac
862 3545 1018 3588 terrm
1047 3544 1154 3590 tota
1183 3537 1440 3602 adha'ret,
1471 3539 1608 3608 quod
1643 3553 1845 3604 pennas

252 3627 495 3684 amittat,
523 3637 573 3679 et
603 3640 698 3694 pro
727 3625 903 3694 aquila
949 3625 1040 3679 fiat
1069 3628 1218 3680 cauis
1241 3637 1292 3682 et
1324 3642 1536 3696 porcus.
1580 3626 1845 3682 Ominens

253 3721 399 3770 enim
444 3718 494 3770 in
524 3717 714 3770 εςυιιιιιι
741 3718 982 3785 aspicere
1030 3728 1084 3772 et
1128 3720 1346 3785 volare,
1395 3719 1842 3786 quennnlnnnlnm

256 3809 402 3878 porci
434 3809 652 3862 humum
704 3810 924 3877 respicis
946 3851 960 3870 ,
1007 3811 1218 3864 metalla
1254 3811 1464 3865 curiose
1511 3812 1765 3865 scrutaris
1794 3821 1846 3865 et

253 3913 431 3960 antra.
463 3901 807 3968 animumque
838 3899 1052 3953 mollem
1084 3909 1138 3954 ct
1167 3901 1480 3955 illiberalem
1511 3901 1712 3955 reddis.
1737 3900 1841 3955 Sed

254 3993 305 4046 in
340 3990 458 4045 foro
487 4001 536 4044 te
565 3998 860 4055 ostentans,
894 3991 1130 4044 omnium
1159 3992 1342 4046 oculos
1375 3993 1424 4045 in
1455 4001 1504 4046 te
1532 3994 1844 4046 convertis?

256 4084 545 4150 Propterea
569 4097 756 4135 aurum
785 4092 996 4151 gestare
1023 4096 1126 4134 non
1157 4083 1390 4150 oportuit
1416 4125 1432 4153 ,_
1461 4098 1526 4137 ne
1556 4098 1842 4137 commune

255 4177 518 4226 theatrum
551 4174 740 4237 lieres,
774 4173 1110 4240 pluriumqtlc
1135 4183 1501 4225 accusatorum
1533 4188 1623 4226 ora
1665 4175 1843 4242 aperi-

254 4281 360 4317 res.
395 4263 582 4316 Nlliilh‘
614 4266 755 4316 enim
789 4263 1187 4330 reSpicientium
1219 4272 1268 4317 te
1298 4265 1552 4328 miratur,
1590 4264 1685 4318 sed
1716 4266 1844 4318 irri-

253 4357 380 4408 dent
432 4363 487 4406 ut
537 4363 755 4407 ornatus
804 4354 1046 4418 avidam,
1098 4366 1439 4424 arrogantem
1473 4365 1525 4409 et
1572 4357 1841 4411 carnalem

253 4446 553 4500 mulierem.
589 4445 740 4512 Quod
787 4447 830 4499 si
882 4447 932 4500 in
978 4447 1259 4501 ecclesiam
1313 4448 1668 4516 ingrediaris,
1721 4450 1842 4504 inde

253 4539 526 4608 egrederis
557 4539 684 4591 nihil
716 4538 927 4608 adepta,
964 4541 1060 4593 nisi
1086 4551 1334 4593 sexcenta
1366 4542 1587 4596 dicteria
1611 4584 1624 4604 .
1654 4545 1842 4597 convi-

253 4633 368 4694 cia,
426 4631 747 4696 maledicta,
798 4648 901 4684 non
950 4649 976 4682 a
1046 4634 1408 4699 spectantibus
1458 4643 1696 4697 tantum,
1749 4635 1841 4688 sed

253 4725 411 4775 etiam
443 4739 469 4774 a
503 4723 756 4790 propheta
803 4723 930 4776 Nam
951 4727 1127 4776 statim
1171 4725 1256 4777 ille
1281 4725 1645 4778 vocalissimus
1683 4726 1843 4779 Isaias

254 4824 303 4868 te
334 4816 666 4882 Conspiciens
696 4815 946 4869 clamabit
979 4833 991 4868 :
1031 4815 1152 4868 llwc
1195 4818 1314 4868 dicit
1359 4816 1604 4870 Dominus
1646 4818 1712 4870 ad
1745 4819 1841 4870 do-

252 4909 540 4959 minatrices
572 4910 704 4975 ﬁlias
736 4909 864 4961 Sion
895 4925 912 4961 :
943 4908 1044 4961 Pro
1071 4926 1127 4961 eo
1157 4910 1291 4979 quod
1320 4910 1702 4964 ambulaverunt
1729 4929 1840 4965 ere-

251 5009 329 5050 rto
356 4999 506 5061 collo,
537 5009 581 5052 et
625 5001 825 5052 nutibus
861 4999 1157 5064 orn/orum,
1191 5011 1239 5054 et
1278 5018 1451 5070 gressu
1488 5003 1670 5072 pedum
1721 5015 1843 5055 trn—

245 5090 422 5142 lmntes
474 5091 690 5155 tunicas,
740 5100 785 5142 et
832 5090 1042 5157 pedibus
1089 5092 1239 5144 simul
1275 5093 1500 5147 ludentes
1548 5109 1565 5147 :
1605 5097 1840 5148 reuelabit

252 5177 500 5232 l'mninm
551 5189 786 5231 ornatum
844 5181 1102 5248 ipsarum,
1156 5192 1202 5235 et
1251 5185 1341 5235 erit
1376 5201 1466 5250 pro
1494 5191 1638 5238 suavi
1687 5188 1842 5240 odore

252 5269 415 5334 pulvis
436 5310 448 5331 ,
483 5280 528 5320 et
558 5285 648 5337 pro
681 5285 806 5321 zona
835 5271 1062 5338 funiculo
1109 5273 1322 5341 cingeris
1350 5277 1363 5339 (
1398 5272 1520 5326 lsai.
1551 5277 1602 5329 5.
1635 5277 1717 5330 I6.
1757 5280 1834 5328 t7.

247 5357 362 5422 9.3).
402 5358 524 5412 IIa-c
553 5360 643 5412 tibi
673 5374 768 5428 pro
799 5371 989 5414 ornatu
1029 5372 1201 5416 crant.
1249 5363 1428 5432 Neque
1455 5365 1597 5419 enim
1627 5367 1690 5418 ad
1719 5368 1834 5418 illas

251 5459 454 5500 tantum
509 5448 621 5501 hate
653 5451 791 5502 dicta
842 5462 998 5513 sunt,
1035 5451 1126 5505 sed
1171 5453 1232 5503 ad
1281 5455 1543 5521 quaslibet
1591 5458 1839 5509 mulieres

250 5541 366 5592 illas
399 5541 681 5593 imitantes.
715 5542 775 5594 Et
807 5521 920 5611 post
951 5545 1120 5611 ipsum
1148 5545 1336 5597 Paulus
1361 5558 1639 5600 accusator
1665 5561 1759 5601 S'at
1797 5551 1835 5611 ‘,

247 5630 569 5685 'l'himotlteo
600 5635 860 5702 scribens,
886 5647 940 5688 ut
974 5637 1288 5690 mulieribus
1315 5642 1605 5707 pra'cipiat,
1645 5639 1762 5693 Non
1787 5645 1836 5695 in

313 5787 330 5819 '
372 5787 421 5836 In
449 5788 732 5838 Commclin.
763 5800 811 5840 et
836 5792 997 5842 .\Iorel.
1028 5794 1208 5856 legitur

1242 5809 1250 5842 :
1278 5804 1328 5845 .'.t
1354 5805 1453 5857 ros!
1479 5795 1634 5858 ipsmt
1660 5799 1838 5849 Patrius

251 5847 429 5899 (linunt
462 5858 506 5902 et
525 5863 769 5902 at'rttsutor
794 5862 902 5904 stat.

1203 406 1264 457 IN
1308 397 1714 456 .\I.\TTII.~£L'.\I
1759 394 1990 449 lIt).\IZI..
2037 393 2325 448 LXXXIX.
2370 395 2438 447 aI.
2484 393 2591 448 XC.

3439 395 3544 448 786

1942 513 2088 564 tat-tis
2111 512 2348 573 rrinibus,
2380 522 2465 563 tmt
2495 527 2642 574 miro,
2674 518 2761 562 aut
2785 512 3073 580 margaritis
3095 552 3108 572 ,
3141 522 3228 562 aut
3257 513 3545 564 vestimento

1939 612 2235 673 sionptuoso
2266 619 2373 655 sese
2394 611 2639 654 exornent
2669 601 2685 670 (
2711 602 2763 655 1.
2793 597 2928 653 Tim.
2951 600 3001 654 2.
3029 600 3110 669 9).
3146 603 3324 671 Itaque
3354 618 3544 655 aurum

1938 705 2151 762 gestare
2190 694 2386 762 ubique
2435 694 2792 762 perniciosum
2835 704 2952 757 est;
2984 696 3220 749 maxime
3265 709 3396 749 vero
3422 709 3544 749 cum

1942 785 1992 837 in
2016 785 2296 836 ecclesiam
2326 784 2651 850 ingrederis,
2677 783 2890 851 quando
2913 797 3007 852 per
3034 799 3298 854 pauperes
3326 785 3541 839 transis.

1941 874 1982 928 N
2007 891 2074 928 λιιι
2102 875 2144 927 si
2181 874 2408 941 teipsum
2440 874 2794 928 vehementer
2819 876 3091 928 criminari
3120 874 3366 928 stnderes
3387 917 3401 936 ,
3436 891 3545 928 non

1941 967 2046 1020 alio
2098 967 2329 1020 utereris
2383 967 2745 1032 vestimento,
2792 982 2953 1036 quam
3003 966 3103 1020 hac
3133 965 3467 1020 crudelitatis
3494 978 3547 1020 et

1943 1060 2346 1112 iuhmnanitatis
2387 1059 2556 1110 larva.

2013 1153 2064 1204 4.
2114 1152 2304 1203 Contra
2333 1151 2588 1202 inanrium
2616 1150 2816 1202 lttxuni.
2843 1180 2912 1189 —
2933 1149 3117 1218 Cogita
3149 1160 3278 1216 quot
3303 1150 3546 1202 esurien-

1941 1244 2142 1295 rientes
2171 1251 2382 1298 \‘Cllll'cs
2410 1257 2530 1295 cum
2561 1241 2649 1293 tali
2680 1241 2862 1294 habitu
2893 1253 3213 1310 pra-terens,
3245 1251 3376 1311 quot
3408 1242 3546 1292 nuda

1941 1349 2167 1401 corpora
2225 1349 2346 1388 cum
2398 1334 2639 1388 satanico
2697 1333 3003 1401 huiusmodi
3064 1346 3276 1386 ornatu.
3338 1333 3549 1400 Quanto

1942 1427 2133 1480 melius
2182 1437 2327 1480 esset
2379 1427 2676 1481 esnricntes
2708 1430 2916 1480 animas
2947 1427 3128 1484 a'ere.
3177 1442 3334 1494 quam
3387 1427 3546 1477 itnatn

1946 1517 2244 1571 auriculam
2273 1516 2548 1585 perforare
2568 1559 2582 1582 ,
2616 1529 2666 1571 ct
2699 1518 2769 1571 ibi
2801 1518 2943 1570 inille
2974 1534 3270 1584 pauperum
3296 1518 3547 1571 alimenta

1945 1606 2139 1660 frustra
2187 1606 2537 1676 snslieudere.
2591 1607 2727 1660 Num
2781 1607 2874 1660 tibi
2923 1606 3186 1661 ditescere
3218 1609 3549 1676 gloriosum?

1944 1713 2069 1751 num
2123 1699 2212 1752 tibi
2264 1715 2452 1752 ani-um
2503 1710 2715 1768 gestare
2748 1699 3053 1753 laudabile?
3084 1699 3307 1754 Etiamsi
3353 1702 3448 1752 ista
3484 1717 3549 1753 ex

1939 1793 2098 1860 justis
2126 1792 2218 1846 tibi
2251 1802 2398 1860 parta
2427 1803 2606 1846 essent
2636 1792 2942 1857 laboribus,
2967 1791 3045 1846 sic
3070 1792 3234 1846 'etiam
3269 1806 3356 1845 res
3385 1797 3553 1844 maxi-

1946 1900 2033 1936 me
2065 1884 2330 1954 culpanda
2376 1897 2521 1939 esset
2555 1903 2568 1937 :
2601 1901 2721 1940 cum
2767 1895 2946 1939 autem
2978 1885 3175 1954 injuste
3206 1897 3355 1954 parta
3387 1897 3510 1938 sunt
3533 1928 3549 1948 ,

1944 1977 2117 2048 cogita
2145 1993 2304 2047 quam
2338 1979 2525 2048 ingens
2557 1978 2626 2032 sit
2671 1977 2958 2048 ﬂagitium.
2991 1979 3054 2032 At
3091 1978 3300 2032 laudem
3325 1993 3473 2031 amas
3498 1990 3554 2031 et

1945 2071 2212 2140 gloriam?
2241 2071 2378 2141 Ergo
2407 2071 2690 2125 ridiculum
2735 2071 2878 2125 hunc
2903 2069 3158 2124 amictum
3187 2086 3324 2124 exne
3349 2113 3363 2136 ,
3397 2081 3553 2123 tune-

1945 2176 2050 2231 que
2076 2169 2130 2216 te
2152 2175 2345 2214 omnes
2374 2161 2712 2214 mirabuntur
2736 2201 2751 2226 ,
2784 2171 2910 2214 tunc
2950 2160 3119 2227 gloria
3148 2171 3202 2214 et
3229 2174 3360 2229 pura
3393 2161 3549 2212 Vulti-

1947 2261 2091 2319 ptatc
2123 2251 2315 2306 frueris
2341 2268 2354 2303 :
2385 2259 2440 2303 nt
2484 2266 2627 2304 nunc
2652 2251 2893 2305 dicteriis
2917 2252 3160 2320 evposita
3193 2266 3252 2304 cs
3274 2293 3287 2315 ,
3323 2252 3550 2303 multas-

1945 2357 2053 2407 que
2112 2341 2206 2396 tibi
2239 2342 2487 2395 merris
2519 2343 2834 2395 ot-casioiies
2864 2341 2986 2395 hinc
3016 2343 3294 2396 concilias.
3347 2343 3476 2397 Nam
3507 2344 3550 2395 si

1949 2431 2140 2485 horum
2166 2432 2438 2501 quidpiam
2470 2425 2752 2494 exciderit,
2787 2433 2958 2500 cogita
2989 2443 3186 2501 quanta
3218 2433 3340 2486 hinc
3365 2433 3549 2486 orian-

1954 2533 2038 2577 tnr
2070 2523 2229 2586 mala,
2263 2533 2391 2593 quot
2416 2524 2626 2576 ancilla:
2659 2524 3029 2587 verbereumr,
3064 2535 3189 2594 quot
3218 2524 3314 2576 viri
3344 2532 3554 2593 pertur-

1949 2615 2143 2670 bentur
2165 2656 2178 2680 ,
2210 2626 2341 2685 quot
2384 2616 2719 2670 abducantur
2743 2657 2757 2679 ,
2791 2627 2918 2684 quot
2951 2616 3000 2670 in
3031 2631 3253 2672 carcere
3287 2617 3550 2671 habitent.

1953 2708 2086 2763 Ilinc
2113 2707 2308 2778 judicia
2331 2748 2345 2773 ,
2377 2708 2614 2762 actiones
2643 2718 2696 2762 et
2727 2708 2874 2763 mille
2906 2710 3140 2780 undique.
3186 2709 3468 2764 maledicta
3502 2721 3556 2763 et

1949 2801 2192 2854 convicia
2239 2799 2392 2854 uxori
2444 2814 2472 2854 a
2517 2800 2634 2854 viro
2680 2816 2801 2863 suo,
2841 2801 2957 2854 viro
3005 2803 3072 2857 ab
3105 2803 3325 2866 amicis;
3359 2805 3555 2856 ειιὶιιιςιι

1950 2904 2162 2959 quoque
2190 2904 2217 2942 a
2248 2891 2444 2958 scipsa.
2491 2889 2597 2944 Sed
2649 2889 2765 2946 ha'c
2796 2906 2902 2957 non
2939 2892 3203 2960 peribunt.
3238 2895 3304 2947 At
3332 2910 3550 2947 servare

1952 2998 2058 3036 non
2091 2983 2158 3034 ita
2193 2981 2347 3036 facile
2374 2991 2471 3037 est.
2504 2981 2728 3038 Etiamsi
2757 2993 2935 3039 autem
2966 2995 3227 3055 perpetuo
3248 2997 3552 3049 serventnr,

1953 3074 2172 3127 multam
2209 3075 2449 3142 pra-bent
2475 3076 2917 3141 sollicitudinem,
2949 3093 3157 3139 curam,
3211 3079 3508 3133 molestiam
3540 3123 3552 3141 ,

1952 3164 2086 3220 lucri
2120 3166 2271 3220 nihil.
2302 3165 2434 3233 Quis
2464 3167 2586 3220 inde
2617 3177 2907 3235 proventus
2935 3169 3158 3223 domui?
3186 3187 3306 3239 qum
3349 3172 3556 3224 utilitas

1951 3270 2015 3308 ex
2045 3264 2234 3308 ornatu
2259 3255 2508 3308 mulieri?
2531 3254 2683 3309 Nulla
2707 3268 2855 3311 certe
2878 3299 2893 3321 ,
2923 3257 3016 3312 sed
3041 3258 3274 3313 dedecus
3305 3277 3555 3331 magnum

1952 3360 1999 3400 et
2026 3347 2328 3401 criminatio
2355 3346 2608 3415 undique.
2635 3346 2918 3412 Quomodo
2943 3349 3142 3417 poteris
3169 3350 3365 3403 Christi
3396 3353 3558 3420 pedes

1953 3438 2183 3492 osculari
2231 3449 2286 3492 et
2334 3448 2518 3492 tenere
2549 3454 2669 3492 eum
2723 3440 2816 3493 tali
2865 3441 3098 3494 ornatu?
3130 3442 3280 3498 Hunc
3306 3457 3556 3499 ornatum

1954 3528 2042 3581 ille.
2070 3538 2368 3582 aversatur.
2420 3529 2650 3595 Ideoque
2703 3530 2754 3583 in
2811 3531 2942 3584 fabri
2975 3532 3138 3587 domo
3183 3538 3327 3590 nasci
3356 3538 3557 3603 voluit;

1954 3620 2061 3675 imo
2092 3638 2219 3675 vero
2265 3639 2367 3678 non
2417 3625 2467 3678 in
2496 3625 2658 3679 domo
2688 3627 2773 3680 illa
2801 3667 2816 3691 ,
2851 3628 2942 3683 sed
2974 3630 3024 3682 in
3055 3632 3298 3701 tugurio.
3330 3633 3384 3687 in
3419 3650 3560 3702 prm-

1951 3714 2120 3780 sepio.
2151 3715 2249 3779 Qui
2298 3731 2426 3784 ergo
2453 3719 2654 3785 poteris
2702 3719 2851 3773 illum
2889 3721 3069 3777 videre
3097 3762 3114 3788 ,
3143 3738 3266 3778 cum
3320 3741 3426 3780 non
3460 3728 3556 3796 ipsi

1951 3813 2154 3870 gratam
2207 3803 2429 3859 formam
2463 3815 2518 3861 et
2547 3817 2794 3862 ornatmn
2816 3852 2831 3874 ,
2882 3811 2974 3865 sed
3029 3813 3276 3867 odiosum
3312 3814 3511 3872 habeas
3534 3821 3559 3873 ?

1952 3893 2084 3947 Nam
2117 3899 2204 3964 qni
2241 3899 2386 3954 illum
2431 3901 2666 3965 adeunt,
2722 3919 2824 3956 non
2871 3905 3070 3958 talibus
3123 3908 3326 3964 debent
3373 3915 3554 3965 ornari

1950 3987 2320 4050 vestimentis,
2362 3990 2456 4044 sed
2508 3993 2701 4046 virtute
2753 3994 3017 4050 decorari.
3070 3998 3253 4066 Cogita
3308 4004 3434 4070 quid
3487 4008 3556 4056 sit

1951 4085 2138 4130 aurum
2170 4078 2317 4134 illud.
2352 4079 2490 4134 Nihil
2525 4083 2624 4136 nisi
2661 4094 2798 4138 terra
2845 4096 2897 4138 et
2937 4088 3092 4141 cinis.
3131 4089 3292 4158 Injiee
3323 4108 3514 4163 aquam
3538 4137 3552 4154 .

1951 4177 2004 4220 et
2032 4167 2090 4220 fit
2120 4168 2308 4223 Intmn.
2337 4170 2632 4227 Considera
2665 4185 2719 4229 et
2750 4177 3046 4243 erubesce,
3079 4181 3221 4249 quod
3258 4183 3424 4236 lutum
3458 4185 3555 4239 du-

1952 4263 2155 4316 minnm
2184 4271 2330 4317 tuum
2359 4268 2682 4330 constituas,
2712 4280 2760 4321 et
2799 4271 2872 4340 (α)
2909 4269 3182 4343 [omnibus
3213 4278 3427 4331 omissis
3456 4279 3554 4346 ipsi

1952 4352 2204 4424 assides.]
2231 4356 2424 4424 ubique
2456 4358 2626 4426 ipsmn
2654 4373 2832 4429 gestas
2864 4374 2916 4415 et
2942 4367 3277 4420 circumfers.
3302 4369 3363 4422 Et
3387 4357 3560 4438 quan-

1951 4445 2023 4497 do
2054 4446 2103 4497 in
2128 4447 2410 4500 ecclesiam
2441 4449 2609 4502 intras
2632 4493 2645 4512 ,
2682 4462 2791 4504 ttnu
2839 4456 3074 4512 maxime
3120 4459 3290 4527 ipsum
3317 4465 3555 4518 amoveri

1951 4537 2248 4603 Oportebat.
2278 4536 2462 4607 Neque
2492 4542 2632 4594 enim
2676 4542 2797 4596 ideo
2829 4555 3030 4601 structa
3071 4547 3170 4601 fuit
3195 4553 3442 4612 eet-lesia,
3502 4566 3555 4608 ut

1951 4625 2019 4680 ibi
2056 4626 2150 4680 has
2177 4628 2386 4683 divitias
2420 4642 2720 4688 ostentares
2745 4676 2758 4698 ,
2793 4637 2884 4689 sed
2915 4650 2969 4691 ut
2999 4640 3303 4708 spirituales
3344 4645 3559 4698 divitias

1950 4720 2255 4775 exhiberes.
2285 4722 2362 4776 Tu
2388 4740 2516 4778 vero
2542 4742 2644 4780 ceu
2679 4728 2729 4780 in
2761 4745 3009 4798 pompam
3039 4733 3365 4802 ingressura,
3398 4739 3473 4789 sic
3506 4753 3556 4792 te

1952 4810 2185 4880 undique
2224 4829 2421 4880 ornas,
2451 4819 2802 4888 scenicasqne
2843 4821 3100 4877 mulieres
3130 4825 3356 4879 imitaris
3377 4870 3391 4887 ,
3422 4845 3543 4880 cum

1951 4914 2098 4958 tanto
2126 4917 2382 4974 apparatu
2408 4908 2658 4964 ridiculas
2690 4913 2783 4964 has
2811 4925 3025 4983 gestans
3050 4917 3258 4972 sordes.
3294 4919 3552 4988 Propter-

1948 5011 2009 5050 ea
2039 4996 2090 5050 in
2122 4998 2412 5053 multorum
2462 5001 2758 5071 ingrederis
2800 5007 3090 5074 perniciem
3120 5025 3134 5062 :
3166 5017 3222 5063 et
3256 5013 3428 5064 soluta
3460 5029 3551 5067 ee-

1948 5091 2127 5144 clesiaa
2155 5093 2380 5148 collecta
2401 5136 2414 5156 ,
2447 5096 2498 5148 in
2544 5095 2826 5162 domibus,
2859 5099 2923 5152 ad
2952 5115 3194 5156 mensam
3219 5103 3332 5158 bme
3358 5106 3550 5160 mult-rs

1949 5192 2230 5237 narrantes
2262 5184 2469 5240 audias.
2522 5187 2613 5241 His
2653 5205 2847 5259 nempe
2897 5193 3076 5245 missis
3103 5194 3280 5249 verbis
3307 5237 3321 5258 ,
3354 5196 3464 5250 Iloc
3503 5208 3554 5251 et

1950 5275 2051 5329 hoc
2079 5274 2214 5330 dixit
2246 5280 2503 5347 propheta
2530 5322 2544 5342 ,
2573 5281 2673 5334 hoc
2701 5285 3009 5350 apostolus,
3038 5285 3104 5340 de
3127 5289 3358 5341 vestium
3389 5289 3514 5342 luxu
3541 5332 3555 5351 ,

1949 5367 2015 5420 de.
2043 5368 2412 5438 magnitudine
2439 5386 2770 5440 gemmarum
2797 5417 2810 5440 ,
2846 5375 2913 5429 de
2943 5377 3155 5447 aliaque
3188 5377 3347 5433 simili
3390 5390 3460 5432 tm
3483 5385 3548 5449 pi.

1951 5459 2134 5513 tndine
2184 5461 2344 5514 verba
2399 5462 2618 5516 faciunt.
2670 5465 2794 5520 IIa-e
2844 5483 2976 5533 vos,
3035 5487 3244 5526 necnon
3293 5475 3554 5542 COItjtlyi'S

1949 5560 2196 5615 vestros,
2254 5552 2317 5604 ad
2348 5554 2745 5626 eleemOsynam
2797 5561 3121 5629 erogandam
3170 5563 3385 5618 inutile
3432 5571 3552 5618 red-

1948 5641 2097 5695 dunt.
2132 5643 2313 5714 Neque
2342 5644 2498 5699 facile
2527 5650 2789 5718 quispiam
2821 5667 2888 5707 ex
2930 5655 3030 5707 hoc
3058 5669 3192 5710 auro
3234 5659 3358 5726 quid
3413 5660 3552 5712 lian-

2010 5798 2082 5859 (ιι)
2116 5802 2448 5910 Opte‘pncilnis
2478 5803 2784 5867 clauduntur,
2813 5822 2906 5858 non
2934 5809 3166 5873 leguntur
3187 5814 3235 5862 in
3261 5813 3546 5865 Commelm.

2010 5876 2112 5910 δαιιν
2150 5877 2196 5910 LI
2236 5877 2356 5910 ..UI‘i.
2383 5897 2396 5910 ι

1950 5875 2112 5921 neque
2150 5877 2196 5910 ι.ι
2236 5875 2396 5912 .‘ltil‘cl.
