4050 6426
553 405 656 464 78⁸1

556 525 678 587 με,
722 521 779 567 ut
827 513 1149 568 esurientem
1193 506 1318 592 alat.
1369 509 1505 566 Cum
1549 512 1693 565 enim
1742 511 1853 580 ipsa
1878 509 2032 564 malis
2059 509 2110 562 in

555 605 790 675 angustia
842 618 994 669 esse,
1046 595 1201 671 quam
1255 603 1366 659 Iuro
1418 601 1578 656 tracta
1628 600 1809 656 videre
1855 599 2124 670 quomodo

555 697 715 749 alium
744 710 810 750 ex
838 695 919 749 his
945 693 1097 749 alas?
1121 691 1252 749 Nam
1282 691 1459 747 multm
1483 708 1606 763 erga
1636 693 1732 747 ista
1763 691 1979 762 perinde
2001 699 2126 746 sunt

553 784 755 838 affecta:
774 824 790 846 ,
816 793 976 852 atque
998 798 1124 852 erga
1165 798 1254 838 res
1295 785 1583 847 animatas,
1637 797 1735 836 nec
1764 782 1940 836 minus
1965 796 2123 850 quam

552 889 678 941 erga
727 871 974 927 infantes.
1019 874 1230 942 Apage,
1261 871 1464 926 dicetis.
1498 872 1610 926 Hoc
1639 871 1794 941 igitur
1821 871 2121 937 ostendite,

554 977 647 1030 per
671 976 834 1031 opera
859 961 1198 1030 comprobato
1228 976 1242 1013 :
1274 974 1412 1014 nunc
1437 975 1561 1015 vero
1593 961 1917 1016 contrarium
1947 962 2122 1014 video.

557 1050 735 1121 Ecqua
764 1051 907 1105 enim
939 1065 1002 1106 ex
1045 1051 1110 1105 iis
1133 1065 1250 1119 qua:
1279 1049 1382 1104 hoc
1422 1050 1609 1104 morbo
1636 1050 1918 1106 admodmn
1971 1051 2122 1104 labo-

554 1152 675 1197 rant
693 1183 711 1208 ,
745 1142 826 1197 his
849 1141 1088 1196 conﬂatis
1116 1144 1229 1195 auri
1256 1145 1578 1197 ornamentis
1605 1183 1619 1206 ,
1644 1156 1864 1212 puerum
1889 1157 1918 1194 a
1951 1153 2122 1198 morte

556 1233 791 1303 eripuit?
835 1232 1032 1302 Ecquid
1079 1232 1200 1287 dico
1245 1233 1652 1302 puernmlquis
1696 1233 1922 1286 animam
1968 1247 2118 1286 suam

555 1333 859 1392 pereuntem
907 1325 1028 1379 hinc
1071 1324 1338 1379 redemit?
1379 1324 1572 1377 Contra
1602 1338 1728 1378 vero
1777 1324 1925 1377 multi
1974 1325 2118 1378 illam

550 1413 784 1481 quotidie
810 1413 908 1466 hac
933 1413 1001 1467 de
1029 1427 1187 1477 causa
1218 1412 1470 1467 vendunt.
1500 1413 1566 1466 Et
1589 1413 1632 1466 si
1660 1414 1956 1481 corporalis
1981 1412 2120 1466 adsit

549 1501 827 1570 agritudo,
849 1502 976 1555 nihil
1000 1517 1105 1556 non
1131 1511 1324 1571 agunt;
1348 1503 1392 1555 si
1413 1517 1540 1556 vero
1562 1501 1792 1556 animam
1815 1511 2116 1570 corruptam

553 1593 813 1658 viderint,
846 1592 974 1647 nihil
1017 1593 1189 1648 simile
1225 1593 1453 1659 iaciunt,
1479 1593 1571 1649 sed
1593 1603 1645 1648 cl
1671 1593 1900 1648 ﬁliorum
1949 1607 2118 1662 nepo-

554 1691 767 1751 tumque
786 1684 1038 1747 animam,
1056 1693 1110 1737 et
1133 1697 1280 1737 suam
1308 1685 1608 1753 negligant;
1630 1693 1686 1737 ut
1708 1683 1821 1737 iure
1846 1691 2115 1749 maneant,

553 1774 896 1846 rubigincque
927 1784 1166 1844 pereant.
1197 1775 1263 1830 Et
1292 1784 1350 1832 ut
1371 1775 1586 1858 quidem
1617 1775 1760 1829 mille
1794 1775 2116 1828 talentorum

550 1879 708 1920 aurea
728 1865 1103 1933 circumponis,
1127 1864 1250 1919 dum
1271 1864 1465 1920 Christi
1497 1866 1791 1920 membrum
1816 1879 1883 1918 ne
1903 1863 2115 1933 quidem

549 1955 846 2008 necessaria
901 1954 1088 2007 fruitur
1130 1967 1271 2008 esca.
1304 1953 1408 2008 Sed
1453 1953 1542 2008 ille
1569 1954 1779 2023 quidem
1817 1953 2115 2007 communis

545 2045 778 2097 omnimn
804 2044 1056 2097 Dominus
1074 2085 1089 2109 ,
1115 2053 1169 2098 et
1195 2043 1445 2098 cwlorum
1468 2054 1522 2098 et
1544 2043 1834 2097 catleSIium
1859 2042 2112 2108 spiritua-

547 2132 649 2189 lem
682 2148 917 2188 mensam
944 2134 1192 2188 omnibus
1218 2149 1281 2188 ex
1311 2149 1464 2203 aequo
1493 2135 1744 2203 apponit;
1779 2141 1833 2188 tu
1863 2148 1988 2186 vero
2013 2148 2112 2188 nec

1274 399 1329 456 S.
1369 398 1641 457 JOANNIS
1677 397 2145 456 ειιιιῑεοετοιιι
2185 398 2494 456 ARClllEP.
2533 401 3058 464 CONSTANTINOI".

3701 410 3812 469 788

2220 514 2554 580 pereuntimn
2577 529 2754 569 rerum
2776 529 3078 574 consortem
3108 518 3263 586 facis,
3287 530 3345 576 ut
3375 521 3522 579 hisee
3548 527 3807 596 gravibus

2229 604 2430 657 catenis
2447 605 2732 660 constricta
2758 622 2994 662 maneas.
3019 609 3152 665 llinc
3179 611 3318 665 mala
3345 614 3619 670 innumera
3681 618 3807 674 hinc

2228 692 2502 763 zelotypim
2521 734 2538 760 ,
2574 695 2695 750 hinc
2723 699 2956 753 virorum
2983 701 3240 757 adulteria
3260 744 3277 770 ,
3304 706 3515 773 quando
3541 707 3663 762 illos
3697 724 3804 766 non

2228 781 2293 837 ad
2322 784 2794 854 philosophandum
2836 789 3090 857 incitatis,
3113 793 3205 847 sed
3233 794 3352 850 illos
3381 795 3586 850 docetis
3616 799 3682 852 iis
3709 800 3805 855 de-

2229 872 2410 928 lectari
2435 876 2627 945 quibus
2654 880 2963 935 meretrices
3007 893 3352 937 emrnantur.
3407 884 3532 940 Ideo
3578 888 3654 942 illi
3696 891 3807 943 cito

2225 965 2526 1032 capiuntur.
2556 966 2610 1021 Si
2640 970 2780 1022 enim
2828 971 2975 1025 illum
3018 973 3088 1027 ita
3127 975 3448 1032 instituisses
3479 988 3534 1031 ut
3567 979 3680 1034 base
3703 981 3808 1035 de-

2224 1053 2490 1121 spiceret,
2535 1064 2590 1110 et
2632 1057 2700 1113 de
2729 1060 2975 1116 castitate
3021 1065 3313 1133 gauderet,
3345 1066 3412 1121 de
3460 1070 3690 1136 pietate,
3732 1071 3808 1128 de

2227 1143 2522 1203 humilitate
2546 1189 2561 1211 ,
2589 1165 2693 1205 non
2726 1151 2880 1207 facile
2907 1168 2937 1207 a
2966 1154 3326 1212 fornicatimlis
3346 1164 3580 1228 appetitu
3609 1172 3803 1232 captus

2223 1235 2425 1292 luisset.
2461 1239 2571 1294 lloc
2594 1243 2732 1296 enim
2760 1253 2815 1298 et
2843 1245 3028 1314 majori
3082 1247 3240 1302 modo
3265 1253 3446 1305 ornari
3479 1262 3653 1322 potest
3681 1270 3805 1310 me-

2223 1328 2423 1392 retrix;
2470 1329 2574 1384 illis
2601 1346 2727 1387 vero
2755 1348 2858 1388 non
2890 1335 3034 1391 item.
3081 1336 3256 1407 ipsum
3303 1341 3480 1412 itaque
3523 1361 3590 1398 eo
3629 1346 3805 1402 laetari

2225 1428 2416 1474 ornatu
2445 1422 2787 1490 assueiacito,
2817 1443 2975 1496 quem
3018 1444 3122 1483 non
3165 1441 3341 1501 potest
3379 1434 3520 1502 apud
3553 1439 3804 1493 meretri-

2221 1523 2337 1564 cem
2368 1511 2565 1567 videre.
2591 1514 2868 1580 Quomodo
2893 1528 3069 1574 autem
3093 1522 3237 1575 illum
3262 1523 3313 1578 in
3344 1524 3480 1581 hanc
3503 1539 3804 1584 consuetu-

2221 1599 2400 1656 dinem
2432 1603 2692 1660 inducesl
2721 1607 2776 1661 Si
2802 1607 2943 1663 hunc
2971 1610 3256 1666 abstuleris
3277 1655 3292 1680 ,
3337 1613 3481 1668 illum
3526 1617 3793 1678 induaris.

2220 1690 2310 1747 Sic
2335 1703 2389 1748 et
2419 1695 2502 1749 vir
2533 1695 2584 1751 in
2606 1701 2911 1764 securitate,
2945 1711 3000 1755 tu
3032 1703 3082 1756 in
3113 1703 3313 1759 honore
3348 1723 3361 1760 :
3390 1721 3453 1761 ac
3481 1708 3620 1763 Dens
3643 1710 3800 1766 vobis

2224 1783 2480 1853 propitius
2508 1788 2608 1840 erit
2634 1828 2650 1853 ,
2677 1798 2726 1843 et
2757 1789 2999 1847 homines
3020 1809 3207 1849 mnnes
3231 1811 3326 1849 vos
3355 1798 3799 1868 admirabuntur,

2221 1885 2284 1925 se
2329 1872 2503 1928 futura
2548 1875 2683 1931 bona
2712 1883 3147 1949 eonsequemini,
3188 1888 3354 1956 gratia
3385 1897 3439 1941 et
3468 1888 3800 1960 benignitate

2224 1960 2428 2016 Domini
2476 1967 2640 2019 nostri
2687 1966 2810 2021 Jcsn
2838 1967 3071 2035 Christi,
3102 1974 3186 2027 cui
3219 1975 3388 2046 gloria
3407 1988 3462 2035 et
3479 1979 3797 2050 imperium,

2219 2051 2271 2105 in
2298 2053 2491 2107 smcula
2520 2056 2857 2113 sreculorum.
2892 2061 3086 2118 Amen.

1761 2335 2105 2398 HOMILIA
2147 2336 2282 2399 XC.
2326 2339 2410 2400 al.
2454 2340 2616 2402 XCI.

553 2476 685 2533 CAP.
733 2480 822 2536 28.
872 2497 924 2536 ν.
981 2482 1066 2536 li.
1125 2480 1224 2546 Qui
1268 2498 1380 2536 cum
1436 2481 1710 2545 abiisscnt,
1759 2496 1872 2534 cccc
1913 2480 2118 2549 quidam

622 2575 688 2629 de
724 2571 1011 2626 custodibus
1060 2573 1304 2626 venientes
1348 2573 1400 2624 in
1446 2572 1713 2634 civitatem,
1765 2572 2116 2624 nuntiaverunt

617 2661 924 2732 principibus
947 2661 1261 2715 sacerdotum
1287 2662 1454 2713 omnia
1477 2676 1590 2724 quia
1607 2662 1746 2729 facta
1771 2663 1990 2730 fuerant.
2027 2659 2113 2714 l2.

618 2749 688 2804 Et
715 2753 998 2823 congregati
1025 2768 1137 2805 cum
1167 2750 1462 2814 senioribus,
1507 2750 1717 2804 consilio
1754 2749 1912 2812 inito,
1962 2766 2113 2817 pecu—

619 2843 755 2895 niam
785 2843 992 2894 multam
1013 2841 1251 2894 dederunt
1280 2841 1538 2906 militibus,
1593 2841 1679 2897 15.
1729 2840 1947 2894 dicentes
1981 2840 2115 2893 :Di-

620 2932 716 2984 cite
739 2931 872 3001 quod
901 2931 1132 3000 discipuli
1157 2932 1264 2997 ejus
1286 2941 1429 2984 nocte
1456 2942 1712 2995 venerunt,
1741 2941 1785 2985 et
1816 2931 1973 3002 furati
1996 2939 2112 2984 sunt

615 3035 749 3083 eum,
795 3019 936 3073 nobis
984 3020 1364 3072 dormientibus.
1415 3020 1500 3073 Η.
1532 3019 1664 3073 Etsi
1693 3021 1787 3073 hoc
1811 3021 2049 3073 audiatur
2080 3036 2113 3073 a

618 3109 848 3170 preside,
875 3126 966 3164 nos
1002 3111 1324 3165 suadebimus
1350 3112 1417 3175 ei,
1468 3119 1514 3163 et
1550 3127 1633 3166 vos
1659 3119 1787 3166 tutos
1812 3112 2073 3183 faciemus.

615 3243 663 3295 l.
711 3242 932 3308 PrOpter
961 3241 1057 3296 bos
1089 3243 1283 3296 milites
1312 3251 1465 3297 terra:
1495 3253 1671 3298 moms
1699 3243 1788 3298 ille
1807 3242 1976 3300 iactus
2005 3253 2107 3310 est,

543 3330 694 3384 itaut
737 3331 1192 3400 obstupescerent,
1241 3341 1296 3387 et
1334 3333 1400 3386 ab
1441 3333 1565 3402 ipsis
1597 3333 1952 3390 testimonium
1984 3352 2111 3406 pro-

547 3419 812 3486 tei-retur;
846 3422 985 3490 quod
1013 3423 1170 3475 etiam
1202 3424 1396 3476 evenit.
1431 3423 1518 3478 Sic
1555 3426 1696 3479 enim
1725 3427 1925 3495 prolata
1953 3445 1982 3482 a
2014 3444 2110 3483 cu-

542 3510 782 3564 stodibus
814 3511 948 3565 fama
995 3525 1234 3581 suspecta
1265 3529 1368 3567 non
1406 3513 1521 3567 fuit.
1569 3510 1728 3586 Signa
1774 3520 1967 3588 quippe
2009 3520 2110 3575 alia

544 3601 865 3666 generaliter
893 3616 985 3670 per
1014 3602 1220 3668 orbem,
1268 3603 1366 3657 alia
1399 3605 1637 3672 privatim
1667 3606 1734 3661 ibi
1764 3609 2111 3676 prmsentibus

545 3693 678 3745 facta
705 3701 828 3746 sunt
859 3708 872 3744 :
903 3691 1018 3745 orbi
1045 3693 1254 3755 quidem
1288 3693 1381 3747 toti
1408 3696 1677 3760 tenebrze;
1727 3699 1968 3766 privatim
2016 3715 2109 3755 aur

545 3791 652 3834 tem
683 3782 851 3850 angeli
884 3782 1036 3847 visio,
1063 3793 1113 3835 et
1139 3791 1298 3838 terra:
1339 3795 1533 3840 motus.
1565 3786 1695 3853 Quia
1752 3789 1908 3857 igitur
1949 3807 2108 3847 vene-

543 3881 666 3923 runt
696 3880 748 3924 et
775 3870 861 3924 illa
909 3873 1214 3927 nuntiarunt
1258 3874 1277 3944 (
1300 3875 1492 3929 veritas
1525 3878 1668 3930 enim
1700 3877 1764 3932 ab
1791 3880 2109 3937 adversariis

546 3961 831 4030 praedicata
877 3962 1242 4032 resplendet),
1287 3980 1467 4019 rursus
1508 3969 1782 4034 pecuniam
1825 3971 2102 4038 dederunt,

542 4061 598 4103 ut
643 4051 873 4106 dicerent
901 4052 1187 4121 discipulos
1213 4054 1329 4121 ejus
1357 4056 1584 4119 venisse,
1616 4058 1889 4129 ipsumque
1913 4060 2110 4116 iuratos

541 4157 681 4195 esse.
728 4143 1003 4221 Quomodo
1047 4141 1200 4197 furati
1242 4156 1384 4207 sunt,
1430 4159 1463 4200 o
1505 4149 1739 4200 omnium
1771 4150 2110 4206 stultissimi?

541 4231 674 4285 Nam
704 4231 841 4299 quod
871 4232 1062 4286 veritas
1089 4235 1156 4286 ita
1186 4232 1790 4308 l‘nlgeatsplendeatque,
1811 4254 1876 4295 ne
1897 4243 2106 4311 quidem

541 4322 740 4391 tingere
788 4333 1005 4392 possum
1036 4325 1074 4376 ί.
1127 4324 1328 4379 Etenim
1379 4327 1503 4381 illud
1546 4344 1763 4396 prorsus
1801 4335 2107 4392 incredibile

539 4423 676 4477 erat,
703 4421 758 4466 et
794 4413 1134 4479 improbabile
1159 4417 1374 4469 omnino
1405 4418 1757 4475 mendacium.
1791 4423 2103 4494 Quomodo,

538 4517 739 4571 quaeso,
774 4502 923 4555 furati
947 4514 1065 4556 sunt
1096 4504 1358 4574 discipuli,
1387 4505 1628 4563 ltontiues
1658 4527 1913 4580 pauperes
1936 4529 1992 4570 et
2021 4534 2108 4570 ru-

538 4589 656 4655 des,
699 4591 782 4658 qni
815 4606 880 4644 ne
909 4592 958 4643 in
986 4602 1324 4660 coospectttm
1363 4596 1574 4664 quidem
1603 4601 1783 4656 venire
1803 4604 2107 4660 audebant?

541 4686 731 4736 Annon
760 4682 988 4751 sigillum
1021 4693 1132 4737 erat
1156 4687 1453 4754 appositum
1477 4688 1499 4741 ἲ
1525 4704 1700 4745 annon
1743 4701 1820 4747 tot
1857 4697 2107 4751 custodes

538 4772 860 4836 assidebam,
906 4783 958 4825 et
986 4775 1198 4838 milites,
1240 4784 1289 4829 et
1338 4777 1549 4833 Jttdmi?
1588 4796 1762 4837 annon
1791 4785 1868 4838 iL'i
1895 4788 1994 4842 hoc
2018 4803 2106 4842 sn-

538 4863 897 4931 Spieabantur,
935 4871 989 4916 et
1013 4864 1220 4918 solliciti
1250 4867 1533 4936 vigilabant
1557 4874 1947 4944 curabantque?
2000 4878 2106 4935 Cur

536 4964 714 5006 autem
745 4953 898 5007 furati
930 4955 1091 5009 sunt?
1137 4972 1203 5010 an
1233 4966 1287 5009 ut
1318 4966 1718 5020 resurrectionis
1747 4967 1935 5036 dogma
1971 4987 2102 5026 con-

539 5046 830 5114 tingerent?
862 5046 922 5099 Et
949 5049 1212 5116 quomodo
1241 5051 1341 5104 illis
1370 5053 1420 5105 in
1454 5064 1682 5110 mentem
1715 5059 1949 5115 venisset
1983 5064 2101 5119 talia

537 5138 858 5205 contingere,
891 5137 1209 5203 hominibus,
1251 5143 1443 5209 quibus
1475 5145 1599 5199 illud
1631 5150 1802 5204 solum
1831 5151 1881 5205 in
1909 5158 2101 5222 optatis

540 5234 671 5289 erat,
700 5237 755 5280 ιιι
775 5229 964 5282 occulti
983 5230 1213 5284 viverent
1235 5232 1256 5282 7
1278 5236 1543 5301 quomodo
1563 5240 1788 5308 lapidem
1819 5244 1961 5299 illttm
1986 5265 2085 5302 mu-

541 5316 708 5368 uitum
741 5320 1054 5372 amovissent
1081 5322 1144 5373 ’Τ
1187 5325 1454 5392 quomodo
1489 5340 1590 5381 tam
1625 5332 1802 5387 multis
1828 5341 2100 5405 pra-senti-

539 5405 636 5459 bus
682 5406 996 5462 latuissent?
1044 5412 1200 5482 Atqui
1244 5416 1447 5470 etiamsi
1491 5433 1712 5477 mortem
1752 5438 2000 5498 contemp
2030 5431 2100 5484 is-

599 5559 613 5590 ί
651 5565 788 5639 {uita
823 5559 1102 5613 Commelin.
1135 5572 1185 5615 et
1201 5569 1369 5639 _\torel.
1399 5569 1660 5632 legendum
1688 5584 1845 5639 esset,
1872 5580 1920 5630 in
1961 5595 2096 5633 erro-

535 5631 636 5685 rem
659 5621 886 5672 inducere
909 5637 1000 5674 non
1023 5636 1226 5685 possunt.

541 5746 565 5752 η
597 5683 625 5791 :1
651 5688 787 5740 meo,
811 5683 1042 5745 quomodo
1085 5687 1450 5750 lapitlcnt........
1495 5698 1799 5761 atnorisscnt,
1836 5703 2011 5756 desunt
2046 5709 2092 5757 in

541 5757 592 5791 Μ
631 5759 728 5791 Plit.

535 5757 728 5793 MUFIH.

2222 2486 2361 2545 sent,
2409 2497 2696 2553 numquam
2736 2486 2786 2541 id
2819 2496 3019 2547 temere
3045 2501 3098 2547 et
3122 2493 3315 2550 frustra
3342 2503 3589 2556 tentaturi
3620 2513 3796 2573 erant,

2219 2582 2340 2623 cum
2370 2579 2444 2624 tot
2471 2584 2651 2629 essent
2678 2580 2944 2634 custodes.
2996 2582 3144 2650 Quod
3177 2598 3351 2642 autem
3381 2592 3548 2647 timidi
3589 2607 3794 2661 essent,

2217 2672 2335 2726 qua:
2363 2661 2508 2729 prius
2533 2662 2666 2718 facta
2690 2676 2816 2722 sunt
2837 2669 3195 2736 declarabant.
3211 2677 3342 2732 Cum
3372 2683 3511 2736 enim
3531 2684 3679 2738 illum
3707 2703 3797 2741 ca-

2218 2757 2363 2817 ptum
2394 2753 2672 2823 vidissent,
2713 2759 3031 2832 aufugerunt
3056 2781 3261 2823 omnes.
3309 2773 3362 2825 Si
3391 2789 3518 2844 ergo
3547 2787 3673 2833 ltlllc
3704 2780 3795 2836 illo

2218 2841 2394 2896 adhuc
2429 2845 2640 2904 vivente
2680 2866 2746 2904 ne
2784 2863 2926 2910 stare
2965 2857 3176 2925 quidem
3201 2862 3314 2915 ausi
3347 2875 3489 2931 sunt,
3520 2869 3794 2936 quomodo

2215 2945 2336 3003 post
2374 2949 2599 2995 mortem
2639 2943 2752 3012 ejus
2796 2954 2993 3003 tantam
3039 2952 3260 3008 tnilitum
3303 2966 3529 3014 turmam
3574 2978 3679 3017 non
3729 2966 3794 3020 ti-

2215 3026 2517 3084 antissent?
2553 3031 2687 3087 Num
2721 3035 2878 3104 janna
2909 3047 3110 3095 tantum
3140 3047 3422 3101 evertenda
3454 3053 3614 3106 erat?
3664 3072 3790 3110 num

2219 3115 2299 3169 vel
2321 3131 2458 3172 unus
2483 3119 2645 3176 latere
2668 3127 2905 3192 poterat?
2927 3127 3086 3198 Lapis
3106 3143 3219 3188 erat
3247 3151 3465 3206 magnus
3491 3146 3792 3212 appositus,

2213 3206 2296 3260 cui
2323 3210 2617 3266 amovendo
2647 3215 2830 3270 multis
2857 3228 2972 3274 erat
3010 3237 3145 3291 opus
3185 3229 3447 3301 manibus.
3491 3206 3622 3288 lure
3660 3250 3793 3307 ergo

2215 3298 2461 3355 dicebant
2491 3321 2505 3357 :
2540 3303 2605 3358 Et
2625 3307 2717 3360 erit
2736 3311 3032 3368 novissimus
3051 3332 3194 3370 error
3213 3298 3362 3389 pejor.
3384 3324 3551 3388 priore
3571 3298 3788 3397 (Martis.

2213 3387 2303 3441 27.
2337 3390 2457 3461 fit);
2508 3405 2688 3488 contra
2728 3412 2788 3452 se
2833 3401 2976 3471 ipsos
3018 3405 3116 3460 hoc
3160 3387 3592 3482 pronuntiantes,
3646 3421 3790 3488 quod

2217 3488 2335 3546 post
2364 3491 2565 3537 tantum
2610 3484 2862 3550 furorem.
2907 3506 3026 3546 eum
3067 3499 3380 3566 resipiscere
3421 3484 3788 3575 enormis-set,

2217 3570 2390 3635 priora
2423 3588 2674 3642 superare
2703 3591 3023 3638 conarentur
3050 3600 3121 3641 ex
3149 3589 3381 3645 ridiculis
3417 3570 3522 3647 illis
3563 3570 3790 3667 figmen;

2216 3661 2314 3724 tis;
2347 3671 2400 3715 et
2444 3665 2530 3733 qui
2561 3667 2780 3723 viventis
2808 3677 3120 3742 sanguinem
3147 3693 3406 3746 emerant,
3456 3661 3703 3744 erui-ilixi
3735 3703 3792 3747 et

2212 3762 2391 3817 postea
2418 3761 2740 3827 resurgentis
2771 3766 2987 3830 pecunia
3017 3774 3459 3829 resurrectionem
3483 3780 3788 3839 subducere

2214 3844 2504 3899 tentabant.
2541 3847 2619 3904 Tu
2647 3867 2774 3907 vero
2798 3855 3157 3915 animadverte
3186 3866 3453 3931 quomodo
3481 3874 3650 3939 gestis
3673 3876 3791 3930 suis

2212 3935 2406 4004 ubique
2429 3940 2720 4006 capiantur.
2744 3944 2798 4000 Si
2823 3949 2962 4002 enim
2992 3949 3214 4007 Pilatum
3247 3972 3351 4011 non
3373 3935 3650 4030 adiissent,
3687 3983 3791 4024 nec

2214 4027 2507 4082 custodiam
2539 4034 2838 4105 petiisscnt,
2883 4038 3090 4096 facilius
3120 4048 3414 4114 potuissent
3460 4052 3574 4109 bree
3607 4027 3790 4125 impu-

2212 4113 2400 4171 denter
2437 4135 2743 4181 asseverare
2776 4144 2789 4179 :
2818 4145 2957 4186 nunc
3002 4149 3128 4190 vero
3170 4153 3274 4193 non
3320 4141 3466 4196 item.
3516 4144 3648 4202 Nam
3706 4153 3791 4206 sic

2212 4208 2387 4260 omnia
2420 4209 2676 4279 iecerunt,
2725 4232 2787 4271 ac
2816 4221 2860 4272 si
2887 4223 3179 4280 voluissent
3219 4231 3318 4284 sibi
3363 4247 3454 4287 ora
3495 4250 3788 4297 consuerc.

2213 4293 2267 4348 Si
2295 4299 2434 4352 enim
2464 4299 2705 4372 discipuli
2730 4308 2943 4377 vigilare
2965 4328 3083 4368 cum
3111 4317 3320 4374 Christo
3347 4338 3450 4377 non
3477 4293 3787 4397 potuerant,

2209 4390 2366 4480 etiam
2413 4391 2502 4448 illo
2548 4396 2598 4450 id
2647 4403 3022 4471 exprobrante,
3063 4414 3329 4478 quomodo
3368 4390 3618 4477 hoc-ausi
3651 4390 3792 4480 tuis:-

2209 4479 2363 4531 sent?
2390 4481 2496 4535 Cur
2515 4496 2690 4541 autem
2716 4490 2841 4546 illud
2866 4510 2970 4549 non
3003 4498 3145 4567 prius
3167 4501 3321 4559 furati
3343 4518 3485 4574 sunt,
3510 4512 3603 4566 sed
3635 4525 3788 4585 post-

2207 4580 2363 4635 quam
2412 4586 2506 4625 vos
2545 4582 2929 4637 accesseratis?
2977 4585 3034 4642 Si
3074 4590 3213 4645 enim
3261 4594 3389 4650 illud
3432 4598 3608 4658 facere
3635 4580 3789 4662 vole-

2206 4656 2364 4726 bant,
2411 4677 2530 4717 eum
2573 4670 2805 4725 nondum
2854 4679 3211 4736 custodiretur
3251 4689 3584 4759 sepulcrum,
3633 4696 3683 4749 id
3730 4700 3784 4755 in

2207 4751 2373 4854 prima
2404 4765 2559 4811 nocte
2598 4758 2867 4827 fecissent,
2904 4781 3025 4823 cum
3064 4770 3116 4825 id
3162 4782 3274 4828 tuto
3299 4751 3353 4832 et
3381 4780 3496 4836 sine
3530 4751 3775 4854 periculo

2208 4839 2318 4896 tleri
2352 4856 2551 4914 posset.
2601 4849 2732 4906 Nam
2776 4856 2999 4912 sabbato
3042 4865 3357 4924 accedentes
3402 4839 3782 4937 custodiam“;

2209 4931 2374 4988 Pilato
2406 4939 2666 5005 petierunt
2696 4952 2751 4998 et
2795 4949 3063 5005 custodire
3106 4969 3381 5024 eruperunt
3411 4979 3426 5016 :
3461 4967 3628 5034 prima
3651 4931 3786 5028 vero

2205 5036 2360 5082 nocte
2387 5045 2543 5086 nemo
2573 5034 2789 5091 istorum
2817 5044 3063 5110 sepulcro
3089 5048 3295 5106 aderat.

2273 5117 2326 5171 2.
2370 5118 2475 5174 Sed
2522 5124 2646 5192 quid
2688 5128 2786 5182 sibi
2833 5131 3014 5188 volqu
3064 5139 3278 5195 sudaria
3321 5160 3437 5212 quae
3466 5163 3529 5203 ex
3560 5155 3784 5224 myrrha

2203 5212 2559 5280 conglutinata
2592 5220 2781 5272 erant?
2809 5221 2935 5277 Hinc
2964 5227 3105 5282 enim
3127 5229 3356 5300 jacentia
3401 5238 3585 5296 Petrus
3616 5212 3782 5304 'vidit.

2203 5297 2332 5354 Nam
2360 5302 2405 5356 si
2436 5303 2596 5360 iurari
2628 5309 2939 5379 voluissent,
2986 5332 3090 5372 non
3131 5297 3334 5377 nudum
3377 5341 3572 5397 corpus
3621 5297 3782 5393 tuenti

2201 5404 2419 5460 essent;
2465 5413 2568 5453 non
2611 5401 2767 5456 modo
2797 5420 2862 5459 ne
2891 5406 2940 5461 id
2968 5423 3085 5464 esse
3112 5418 3432 5472 contumelia
3466 5423 3740 5484 videretur
3760 5471 3781 5496 ,
3870 5439 3880 5458 '

2200 5487 2292 5540 sed
2329 5494 2486 5543 etiam
2535 5507 2620 5554 ne,
2661 5494 2787 5550 dum
2816 5513 3090 5567 exuerent,
3125 5522 3309 5563 moras
3339 5514 3629 5583 traherent,
3673 5487 3776 5576 tia-

2201 5588 2422 5648 rentque
2453 5579 2622 5636 locum
2662 5583 2765 5640 illis
2795 5594 3109 5661 exsurgendi
3134 5637 3148 5658 ,
3175 5614 3339 5669 seque
3371 5579 3781 5672 deprehenden-

2198 5667 2288 5731 di;
2321 5685 2440 5724 cum
2473 5675 2698 5731 maxime
2739 5682 2948 5751 myrrha
2987 5695 3146 5750 esset,
3196 5692 3416 5759 glutinis
3445 5697 3610 5752 instar
3647 5717 3775 5758 cor-

2199 5763 2311 5830 pori
2357 5773 2409 5817 et
2458 5767 2785 5825 vestimentis
2818 5771 3054 5841 luemus;
3101 5795 3420 5846 quapropter
3469 5805 3570 5843 non
3610 5791 3773 5850 facile
