4050 6418
194 435 302 491 ἲὲῦ

191 557 316 604 erat
338 544 656 600 vestimenta
686 556 717 594 a
752 551 979 604 corpore
1018 533 1272 597 avellere,
1314 528 1408 586 sed
1436 526 1603 583 multo
1627 523 1694 579 ad
1723 524 1775 578 id

193 650 439 706 tempore
484 647 619 704 opus
662 640 814 688 erat:
864 629 934 681 ita
966 635 1022 679 ut
1055 624 1140 678 vel
1172 622 1296 676 hinc
1326 620 1521 673 furtum
1550 613 1679 669 illud
1709 614 1779 667 sit

191 726 527 785 incredibile.
579 726 660 778 Au
712 735 843 775 vero
888 716 1166 773 Judaicum
1203 712 1437 766 furorem
1481 722 1586 762 non
1615 718 1779 759 nove-

189 828 338 884 rant,
383 817 473 887 qui
502 816 555 869 in
587 828 646 868 se
668 808 1061 867 convertendus
1101 804 1257 860 erat?
1298 799 1435 869 Quid
1465 812 1624 870 porro
1654 796 1776 850 hinc

191 912 330 967 lucri
358 909 487 973 illis,
516 908 695 961 sinon
728 898 1147 958 resurrexisset?
1201 895 1327 950 Haec
1373 902 1551 947 autem
1596 887 1773 943 omnia

187 1017 319 1058 eum
367 1015 427 1055 se
470 997 687 1052 finxisse
711 995 811 1050 sibi
836 992 1037 1048 conscii
1063 997 1276 1053 essent,
1327 985 1605 1055 pecuniam
1645 980 1775 1034 dant

188 1102 246 1146 et
271 1091 453 1145 dicunt
482 1106 494 1141 :
530 1087 655 1141 Ilare
696 1100 792 1140 vos
816 1082 997 1145 dicite,
1029 1090 1085 1136 et
1114 1092 1211 1133 nos
1243 1075 1451 1148 praesidi
1482 1071 1773 1144 persuade-

190 1182 389 1235 bimus.
417 1177 569 1233 Bunc
598 1176 739 1231 enim
768 1186 1039 1229 rumorem
1070 1167 1247 1239 spargi
1272 1165 1543 1228 volebant,
1578 1162 1774 1217 frustra

189 1278 384 1325 contra
413 1269 691 1322 veritatem
716 1265 1079 1326 decertantes,
1107 1274 1172 1314 ac
1196 1273 1292 1329 per
1316 1271 1380 1312 ea
1405 1255 1598 1326 quibus
1626 1252 1772 1309 illam

186 1361 485 1414 obscurare
529 1356 859 1426 satagebant,
908 1350 1322 1421 splendidiorem
1348 1347 1432 1402 vel
1459 1344 1609 1400 inviti
1644 1335 1773 1399 red-

186 1450 404 1505 dentes.
453 1447 585 1503 Nam
636 1446 739 1501 hoc
776 1443 1226 1499 resurrectionem
1272 1438 1587 1503 confirmat,
1628 1435 1772 1506 quod

189 1541 374 1596 dicant
419 1538 708 1607 discipulos
750 1536 898 1591 illum
948 1534 1148 1589 furatos
1210 1546 1330 1586 esse
1384 1547 1397 1584 :
1453 1528 1775 1584 confitentur

186 1631 337 1685 enim
382 1642 576 1698 corpus
622 1635 748 1681 tunc
788 1625 859 1679 ibi
900 1639 1005 1679 non
1033 1623 1215 1677 fuisse.
1242 1620 1375 1675 Cum
1401 1628 1577 1673 autem
1607 1614 1773 1672 confi-

188 1730 407 1777 teantur
434 1732 629 1787 corpus
671 1717 743 1772 ibi
791 1732 898 1770 non
940 1714 1121 1775 fuisse,
1168 1712 1471 1780 furtumque
1498 1707 1689 1761 falsum
1718 1712 1774 1760 et

186 1809 505 1865 incredibile
543 1808 817 1863 declarent
857 1806 1084 1860 militum
1132 1800 1433 1871 praesentia,
1478 1796 1767 1869 signacula,

182 1900 680 1970 diseipulorumque
705 1896 979 1961 timiditas,
1004 1893 1240 1948 indubita
1271 1891 1395 1946 hinc
1422 1888 1773 1945 resurrectio-

186 1993 273 2045 nis
320 1988 707 2047 demonstratio
753 1992 975 2041 eruitur.
1028 1988 1274 2039 Attamen
1314 1979 1653 2049 impudentes
1692 1976 1771 2031 illi

185 2081 279 2146 qui
310 2080 442 2134 nihil
473 2092 577 2133 non
605 2076 887 2139 audebant,
920 2075 1044 2129 licet
1074 2083 1150 2128 tot
1179 2083 1427 2142 tantaque
1454 2082 1633 2125 essent
1652 2082 1771 2138 qua:

184 2173 308 2225 illos
324 2172 695 2225 obmutescere
708 2174 978 2236 cogerent,
1003 2164 1183 2230 Dicite,
1202 2164 1369 2225 aiunt,
1390 2171 1437 2215 et
1458 2177 1549 2215 nos
1563 2158 1771 2229 persna-

184 2263 438 2328 debimus,
468 2279 529 2315 ac
568 2278 654 2315 eos
682 2275 884 2315 securos
913 2258 1199 2311 reddemus.
1231 2255 1416 2309 Videu‘
1444 2268 1629 2308 omnes
1652 2266 1769 2305 cor—

182 2353 416 2423 ruptos?
453 2352 717 2407 Pilatum?
767 2349 882 2420 Ipse
915 2349 1057 2403 enim
1088 2344 1496 2415 obtemperavit.
1542 2340 1770 2396 Milites?

184 2444 443 2513 pupulum
468 2441 790 2498 Iudaicum?
828 2439 932 2496 Sed
963 2452 1030 2493 ne
1057 2437 1267 2492 mireris
1293 2435 1336 2489 si
1364 2432 1603 2504 pecuniae
1627 2431 1768 2485 mili-

183 2543 268 2588 les
314 2533 641 2603 subegerint.
690 2529 823 2585 Nam
872 2529 915 2583 si
966 2538 1163 2582 tantam
1206 2526 1259 2581 in
1302 2522 1617 2593 discipulum
1662 2521 1768 2574 vim

181 2624 506 2688 habuerunt,
550 2622 716 2677 multo
757 2623 923 2690 magis
964 2618 1104 2689 apud
1154 2617 1289 2671 illos.
1318 2613 1411 2668 'Et
1453 2613 1769 2685 divulgatum

180 2728 284 2785 est,
314 2717 503 2788 inquit,
534 2715 736 2769 verbum
765 2714 858 2767 hoc
878 2728 1031 2780 usque
1056 2712 1108 2764 in
1136 2718 1431 2780 prcsenlem
1451 2708 1584 2765 diem
1606 2707 1645 2758 ί.
1675 2707 1766 2761 Vi-

184 2808 312 2863 den'
367 2820 577 2861 rursum
620 2803 1007 2873 discipulorum
1056 2798 1446 2856 veracitatem?
1497 2795 1768 2867 quomodo

158 2915 293 2967 (μου
322 2898 639 2953 erubescant
665 2895 868 2957 dicere.
909 2892 1043 2948 hanc
1068 2903 1253 2947 contra
1290 2890 1410 2945 illos
1440 2887 1636 2942 famam
1664 2887 1766 2942 ob-

183 2990 457 3047 tinuisse?
496 2988 608 3044 l6..
638 2986 884 3043 Undecim
931 2996 1098 3039 autem
1145 2984 1382 3052 discipuli
1431 2982 1664 3035 abierunt
1711 2980 1767 3033 in

183 3081 500 3145 Galilteam;
547 3079 634 3134 l7.
683 3087 730 3132 et
768 3078 858 3130 alii
893 3076 1101 3145 quidem
1140 3070 1618 3137 adoraoeruut,.alii
1652 3085 1767 3123 cum

181 3176 353 3243 ipsum
381 3172 639 3237 vidissent,
668 3168 1040 3223 dubitaverunt.
1084 3162 1353 3235 Hic‘mibi
1384 3172 1655 3233 postremo
1686 3160 1767 3214 vi-

178 3264 344 3320 detur
368 3264 515 3319 visus
541 3275 662 3316 esse
702 3260 755 3315 in
783 3258 1022 3321 Galilaea,
1066 3254 1279 3326 quando
1326 3254 1442 3307 illos
1488 3252 1667 3306 emisit
1711 3259 1767 3305 ut

181 3359 537 3426 baptizarent.
568 3352 720 3422 Quod
744 3352 788 3406 si
818 3350 1032 3421 quidam
1064 3347 1442 3411 dubitaverint,
1482 3345 1605 3399 hinc
1635 3359 1769 3413 quo-

178 3463 288 3519 que
316 3448 527 3500 illorum
558 3442 903 3499 veracitatem
934 3440 1146 3503 mirare,
1191 3436 1457 3506 quomodo
1485 3448 1676 3502 nempe
1699 3434 1765 3487 ad

182 3540 427 3593 uitimam
455 3550 624 3605 usque
652 3534 794 3599 diem
824 3530 1165 3585 infirmitates
1186 3543 1309 3583 suas
1340 3542 1445 3580 non
1472 3526 1758 3579 occultent.

182 3633 437 3684 Attamen
482 3641 548 3680 ex
592 3624 731 3678 illius
768 3629 1061 3689 conspectu
1104 3617 1408 3675 confirmati
1452 3626 1595 3671 sunt.
1626 3615 1765 3683 Quid

181 3733 312 3789 ergo
340 3717 460 3770 illos
487 3714 826 3783 conSpiciens
860 3710 1034 3765 dixit?
1064 3708 1150 3763 18.
1186 3707 1320 3762 Data
1347 3717 1419 3761 est
1447 3707 1575 3760 mihi
1603 3707 1767 3761 omnis

182 3818 409 3880 potestas
449 3807 502 3859 in
531 3805 657 3860 uelo
683 3814 731 3858 et
760 3805 813 3857 in
844 3813 997 3856 terra.
1026 3803 1226 3856 Rursus
1252 3800 1485 3854 lmmano
1511 3813 1662 3853 more
1689 3797 1767 3849 Io-

182 3903 367 3971 quitur
393 3900 496 3953 illis
522 3917 535 3965 ;
570 3897 809 3953 nondum
839 3895 984 3951 enim
1011 3903 1329 3963 acceperant
1356 3894 1612 3963 Spiritum
1639 3906 1763 3946 san-

180 4006 353 4057 ctum,
378 3991 467 4061 qui
500 3990 617 4045 illos
658 3988 998 4043 sublimiores
1024 3985 1278 4040 efficeret.
1322 3986 1409 4040 l9.
1440 3983 1632 4038 Enntes
1668 3984 1767 4037 do-

180 4095 288 4138 cete
314 4097 485 4135 onines
524 4090 713 4150 gentes.
747 4079 1055 4148 baptizantes
1099 4093 1183 4130 eos
1207 4078 1260 4130 in
1286 4077 1487 4129 nomine
1524 4074 1695 4129 Patn's
1719 4084 1766 4127 et

184 4173 313 4227 Filii
343 4184 389 4226 et
431 4171 657 4240 Spiritus
698 4168 860 4223 sancti
886 4184 904 4220 :
928 4167 1017 4221 9.0.
1066 4168 1297 4219 docentes
1326 4181 1406 4219 eos
1434 4181 1631 4220 servare
1652 4179 1763 4218 om-

184 4269 270 4319 nia
313 4251 652 4334 quire-umun
678 4261 915 4314 mandasti
956 4258 1113 4312 vobis.
1153 4258 1227 4313 De
1253 4257 1611 4327 dogmatibus,
1638 4257 1763 4312 item

180 4360 251 4412 de
283 4355 569 4427 praeceptis
607 4351 889 4418 mandans,
935 4350 1240 4404 Judmorum
1270 4363 1338 4404 ne
1368 4349 1612 4403 meminit
1643 4348 1763 4418 qui-

178 4451 329 4515 dem,
361 4464 533 4518 neque
559 4447 610 4500 iu
640 4445 872 4500 medium
906 4442 1107 4513 profert
1135 4457 1195 4497 ea
1226 4457 1344 4511 quze
1366 4442 1498 4496 facta
1531 4442 1759 4508 fuerant,

183 4554 360 4608 netute
387 4538 543 4592 Petro
575 4537 930 4605 negationem,
961 4533 1042 4587 vel
1070 4533 1293 4585 aliorum
1341 4531 1431 4585 ulli
1468 4530 1643 4600 fugam
1672 4547 1767 4586 ex-

184 4631 438 4701 probrat;
466 4628 618 4697 jubet
642 4635 821 4681 autem
849 4640 943 4693 per
973 4623 1155 4678 orbem
1186 4622 1383 4677 effundi
1416 4623 1763 4691 compendio-

184 4737 297 4778 satu
325 4720 469 4775 illaut
506 4716 755 4787 baptismi
793 4716 1111 4771 doctrinam.
1157 4714 1359 4769 Deinde
1405 4718 1527 4783 quia
1576 4728 1765 4783 magna

184 4815 291 4869 illis
313 4820 659 4882 prmceperat,
689 4811 923 4879 ipsorum
960 4809 1166 4860 animos
1188 4806 1458 4870 attollens,
1495 4806 1601 4859 ait:
1636 4803 1768 4859 Ecce

182 4921 275 4974 ego
302 4902 551 4956 vobiscum
573 4917 686 4953 sum
712 4899 944 4951 omnium
966 4896 1139 4948 diebus
1165 4912 1321 4963 usque
1346 4895 1415 4947 ad
1438 4910 1763 4948 consumma-

183 4998 371 5049 tionem
411 4992 604 5046 ueculi.
648 4989 835 5043 Viden'
873 5003 1082 5041 rursum
1132 4985 1546 5040 auctoritatem?
1589 4984 1767 5038 videu‘

181 5083 456 5157 (promodo
483 5082 568 5136 illa
599 5095 719 5135 sese
745 5076 1135 5147 attemperaudi
1176 5090 1337 5129 causa
1372 5074 1604 5129 dixerit?
1645 5073 1760 5127 Non

180 5176 302 5234 cum
331 5177 434 5229 illis
460 5174 632 5228 solum
656 5188 715 5226 se
743 5172 854 5225 fore
870 5170 1026 5233 dixit,
1058 5168 1153 5223 sed
1180 5169 1337 5221 etiam
1367 5181 1486 5219 cum
1515 5165 1764 5219 omnibus

180 5269 270 5337 qui
303 5264 568 5336 postillos
592 5261 853 5317 credituri
879 5270 1054 5315 erant.
1110 5258 1288 5326 Neque
1336 5258 1480 5310 enim
1533 5256 1763 5325 apostoli

183 5373 351 5426 usque
400 5354 466 5410 ad
518 5351 1033 5409 consummationem
1063 5349 1241 5403 SiEClIil
1274 5348 1513 5401 mansuri
1558 5358 1712 5401 erant
1746 5364 1759 5399 :

181 5448 278 5503 sed
317 5444 562 5500 fidelibus
608 5444 855 5496 omnibus
913 5442 1065 5509 quasi
1104 5440 1192 5495 uni
1244 5440 1454 5507 corpori
1504 5439 1758 5507 loquitur.

180 5540 260 5597 Nc
306 5536 458 5603 mihi,
490 5538 680 5604 inquit,
724 5533 1091 5589 ditﬁeuitatem
1121 5548 1297 5586 rerum
1342 5531 1585 5585 dixeritis
1626 5546 1763 5600 :ego

179 5633 326 5686 enim
370 5630 641 5683 vobiscum
673 5642 815 5693 sum,
860 5630 948 5695 qui
978 5626 1157 5679 omnia
1200 5624 1372 5679 facilia
1417 5623 1605 5679 reddo.
1651 5623 1763 5677 Hoc

244 5766 263 5798 ι
299 5762 584 5813 Οοωαηιίη.
621 5768 671 5809 et
709 5758 871 5807 Mla-el.
895 5758 1104 5815 habent,
1132 5764 1185 5807 Et
1225 5758 1518 5819 divulgatum
1555 5764 1624 5805 est
1661 5768 1767 5806 ver-

180 5830 293 5875 bum
315 5824 404 5876 hoc
419 5824 551 5886 apud
570 5827 779 5871 Indiges.

480 5909 755 5965 Pyra-ot,
804 5912 918 5967 iis.
974 5909 1181 5970 LVIII.

1214 419 1280 475 IN
1319 410 1726 473 MATTHEUM
1765 408 1996 465 HUMlL.
2022 406 2133 465 XC.
2165 411 2236 465 al.
2278 410 2416 467 XCI.

3371 407 3481 464 πο

1889 522 2050 576 etiam
2100 522 2377 593 prophetis
2424 522 2474 575 in
2524 520 2692 577 veteri
2718 523 2835 592 lege
2862 522 3119 579 dicebat:
3149 529 3206 577 et
3226 515 3480 579 Ieremia:

1885 613 2164 680 pueritiam
2207 611 2544 678 obtendenti,
2588 622 2643 668 et
2687 612 2858 684 Moysi
2892 621 2949 669 et
2976 611 3483 668 Ezechielisubter-

1883 702 2230 772 fugientibus,
2264 701 2372 775 Ego
2393 704 2645 757 vobiscum
2669 719 2802 769 sunt,
2832 703 3025 773 inquit.
3053 702 3166 759 Hoc
3191 702 3298 758 illis
3338 716 3482 759 nunc

1882 792 2029 848 dicit.
2076 793 2173 848 llic
2200 808 2329 849 vero
2355 795 2485 849 mihi
2512 795 2729 851 illorum
2757 796 3113 853 differentiam
3143 796 3475 853 consideres.

1882 881 1964 937 Illi
1993 884 2135 938 enim
2164 884 2229 939 ad
2259 900 2419 939 unam
2443 886 2593 941 missi
2622 896 2861 958 gentem,
2913 903 3059 959 saepe
3106 898 3425 945 recusarunt
3457 906 3474 943 :

1883 973 1937 1026 hi
1985 972 2116 1027 nihil
2142 973 2449 1042 hujusmodi
2479 975 2687 1047 loquuti
2712 985 2862 1045 sunt,
2910 978 2963 1033 in
2994 978 3182 1034 orbem
3212 991 3473 1035 terrarum

1872 1068 2050 1135 "missi.
2093 1067 2201 1125 Illis
2228 1085 2359 1126 vero
2394 1073 2914 1129 consummationem
2955 1082 3365 1140 commemorat,
3418 1084 3475 1129 ut

1881 1162 2052 1232 magis
2072 1161 2195 1218 illos
2219 1163 2577 1233 pertraheret,
2618 1174 2676 1221 et
2718 1179 2787 1220 ne
2816 1166 3101 1235 praesentia
3130 1165 3305 1220 solum
3335 1166 3475 1236 inju-

1880 1249 2052 1305 cunda
2080 1252 2471 1322 conspicerent,
2507 1253 2601 1309 sed
2624 1252 2805 1310 futura
2827 1255 2919 1319 illa
2940 1253 3146 1330 inﬁnita
3174 1254 3334 1310 bona.
3363 1254 3474 1309 Ad-

1882 1356 2039 1396 versa
2081 1343 2247 1411 enim,
2297 1344 2490 1415 inquit,
2537 1361 2658 1416 quae
2702 1347 2912 1417 passuri
2951 1347 3104 1413 estis,
3136 1346 3190 1402 in
3219 1349 3471 1417 prtesenti

1880 1431 1987 1485 vita
2032 1432 2334 1500 solvuntur,
2376 1435 2810 1507 quandoquidem
2836 1447 2891 1492 et
2917 1436 3093 1509 ipsum
3132 1438 3387 1493 steculum
3415 1438 3469 1493 in

1883 1524 2402 1579 consummationem
2449 1527 2677 1582 veniet:
2712 1527 2853 1583 bona
2881 1542 3032 1592 vero,
3080 1528 3276 1599 quibus
3322 1530 3468 1585 frue-

1880 1612 2031 1677 mini,
2063 1624 2261 1668 aeterna
2292 1624 2533 1681 manent,
2567 1626 2626 1671 ut
2650 1631 2796 1687 saepe
2824 1616 2935 1673 dixi
2965 1619 3233 1688 superius.
3260 1618 3353 1675 Sic
3374 1634 3467 1676 eo-

1879 1718 1998 1757 rum
2044 1704 2253 1761 animos
2295 1707 2538 1763 excitans
2561 1722 2672 1777 _per
2698 1707 2843 1763 illius
2867 1707 2975 1764 diei
2999 1708 3471 1764 commemoratio-

1878 1783 2034 1847 nem’
2039 1793 2187 1849 misit
2222 1809 2337 1851 eos.
2384 1797 2508 1852 Dies
2528 1798 2672 1853 enim
2698 1798 2788 1853 illa
2810 1808 2959 1854 recte
2983 1799 3287 1875 viventibus
3312 1807 3469 1868 opta-

1880 1882 2020 1949 bilis,
2071 1893 2130 1939 ut
2169 1886 2540 1954 peccatoribus
2583 1888 2858 1954 terribilis,
2908 1896 3093 1959 utpote
3126 1888 3466 1945 damnandis.

1878 1969 1984 2027 Sed
2030 1988 2097 2028 ne
2130 1973 2432 2041 timeamus,
2480 1990 2580 2032 nec
2611 1975 2934 2033 horreamus
2961 1985 3188 2045 tantum,
3215 1977 3313 2034 sed
3339 1976 3467 2034 dum

1877 2071 2091 2132 tempus
2116 2074 2220 2130 est,
2248 2066 2617 2135 immutemur,
2651 2076 2706 2124 et
2732 2083 2799 2124 ex
2821 2068 3059 2139 nequitia
3084 2083 3422 2140 emergamus
3450 2087 3466 2125 :

1878 2170 2163 2225 possumus
2192 2156 2358 2227 enim,
2387 2159 2434 2213 si
2458 2160 2805 2216 voluerimus.
2856 2160 2993 2218 Nam
3017 2162 3064 2218 si
3093 2171 3221 2219 ante
3244 2163 3468 2234 gratiam

1877 2246 2027 2299 multi
2055 2246 2155 2301 hoc
2185 2246 2446 2313 fecerunt,
2488 2249 2657 2306 multo
2682 2250 2851 2319 magis
2880 2260 3002 2321 post
3023 2253 3251 2324 gratiam
3282 2254 3392 2311 fiet.

1946 2336 2000 2390 δ.
2045 2334 2195 2390 ivno
2220 2337 2421 2407 difﬁcile
2444 2338 2499 2393 in
2530 2340 2795 2409 prtzceptis
2823 2338 3036 2396 Christi.
3059 2371 3131 2385 -
3157 2343 3296 2412 Quid
3322 2345 3469 2401 etum

1876 2439 2038 2493 grave
2064 2435 2386 2496 praeceptum
2416 2428 2572 2484 nobis
2596 2429 2723 2484 est?
2764 2444 2832 2485 an
2878 2442 3092 2488 montes
3132 2436 3358 2491 secare?
3399 2450 3470 2493 an

1876 2515 2055 2572 volare
2083 2531 2180 2587 per
2205 2532 2385 2575 aerem
2406 2520 2431 2572 ?
2451 2529 2545 2575 aut
2570 2520 2904 2592 Tyrrhenum
2936 2524 3156 2596 pelagus
3186 2527 3471 2598 trajicere?

1876 2605 2216 2679 Nequaquam
2246 2628 2260 2663 :
2287 2610 2382 2665 sed
2410 2611 2571 2666 vitam
2603 2613 2676 2667 ita
2714 2612 2922 2671 facilem
2947 2616 3103 2671 nobis
3134 2618 3382 2688 injuusit,
3412 2631 3472 2676 ut

1879 2701 2251 2770 instrumentis
2282 2706 2413 2761 nihil
2442 2721 2579 2776 opus
2608 2709 2699 2773 sit,
2746 2710 2841 2765 sed
2878 2710 3060 2766 animo
3098 2719 3156 2768 et
3196 2712 3472 2769 voluntate

1877 2800 2104 2849 tantum.
2154 2795 2285 2863 Qua:
2331 2798 2684 2855 instrumenta
2724 2800 3029 2858 habuerunt
3071 2806 3325 2874 apostoli,
3377 2808 3471 2877 qui

1876 2891 1958 2939 tot
1984 2886 2235 2955 praclara
2260 2893 2583 2959 gesserunt?
2627 2892 2820 2948 Annon
2851 2908 2953 2948 una
2978 2894 3151 2951 induti
3178 2896 3382 2964 tunica,
3414 2910 3473 2954 et

1876 2977 2035 3033 nudis
2078 2978 2305 3049 pedibus
2358 2991 2545 3049 erant,
2596 2992 2652 3039 et
2698 2984 2877 3041 omnia
2923 2988 3286 3056 superarunt?
3329 2988 3470 3057 Quid

1875 3067 2018 3122 enim
2047 3068 2267 3125 difficile
2293 3069 2345 3125 in
2376 3075 2657 3143 prmceptis
2698 3073 2895 3130 Christi
2943 3076 3073 3132 est?
3108 3076 3323 3135 Nullum
3367 3079 3470 3137 lia-

1874 3155 2004 3212 beas
2029 3158 2337 3223 inimicum;
2369 3164 2637 3219 neminem
2665 3164 2791 3221 odio
2818 3166 3047 3233 habeas;
3076 3171 3275 3227 nemini
3302 3172 3469 3229 male-

1874 3246 2043 3302 dicas.
2086 3246 2216 3315 Quae
2242 3249 2327 3305 bis
2354 3261 2477 3305 sunt
2505 3254 2797 3319 contraria,
2829 3255 3131 3313 difﬁciliora
3170 3270 3316 3317 sunt.
3360 3263 3466 3321 Sed

1874 3338 2028 3405 dixit,
2060 3341 2287 3412 inquies,
2320 3344 2581 3401 Pecunias
2604 3345 2795 3415 abjiee.
2823 3347 2893 3404 Et
2913 3348 3015 3405 hoc
3035 3367 3325 3411 onerosum
3351 3357 3471 3411 est?

1875 3434 1989 3489 lmo
2021 3451 2147 3491 vero
2176 3451 2282 3491 non
2311 3439 2589 3509 praecepit,
2621 3441 2714 3496 sed
2739 3440 2839 3497 hoc
2859 3444 3144 3500 consilium
3172 3446 3336 3503 dedit.
3361 3447 3470 3506 Sed

1876 3529 1999 3583 volo
2026 3528 2127 3584 hoc
2152 3536 2273 3585 esse
2302 3540 2651 3601 prmeeptum,
2679 3547 2821 3589 anne
2842 3549 3002 3605 grave
3030 3546 3134 3605 est,
3167 3554 3335 3596 onera
3359 3556 3466 3598 non

1874 3618 2036 3699 ferre,
2065 3635 2165 3675 nec
2194 3621 2587 3678 sollicitudines
2622 3624 3064 3696 intempesﬁvas?
3108 3628 3213 3687 Sed
3245 3647 3279 3688 ο
3308 3634 3471 3691 mise-

1874 3725 1988 3766 ram
2026 3713 2369 3780 pecuniarum
2415 3714 2760 3770 aviditatem!
2814 3715 3003 3774 Omnia
3040 3722 3282 3790 pecuniae
3328 3724 3468 3783 facta

1874 3813 2019 3871 sunt,
2046 3803 2168 3859 ideo
2194 3806 2373 3885 omnia
2402 3820 2497 3861 sus
2522 3806 2695 3877 deque
2722 3810 2894 3878 posita
2925 3822 3071 3868 sunt.
3101 3814 3157 3872 Si
3185 3817 3306 3888 quis
3338 3818 3472 3875 bea-

1876 3903 1987 3947 tum
2018 3895 2323 3964 quempiam
2348 3898 2599 3964 asstimet,
2648 3899 2871 3956 istarum
2922 3905 3250 3962 mentionem
3289 3909 3419 3967 facit
3450 3929 3465 3967 :

1875 3986 1919 4038 si
1968 3985 2219 4040 miserum
2268 3994 2453 4055 putet,
2518 3986 2644 4043 hinc
2690 3991 3111 4051 commiseratio.
3161 3997 3471 4071 Omnesque

1873 4089 2154 4132 sermones
2177 4075 2261 4131 his
2287 4077 2340 4131 in
2370 4077 2533 4132 rebus
2554 4089 2836 4135 versantur
2883 4100 2897 4135 :
2945 4082 3227 4151 Quomodo
3260 4088 3347 4145 hie
3388 4091 3472 4147 di-

1875 4167 2073 4221 tescit?
2124 4166 2395 4237 quomodo
2437 4167 2527 4222 ille
2579 4184 2782 4241 pauper
2810 4172 2926 4227 est?
2954 4174 3012 4230 Si
3048 4178 3170 4247 quis
3196 4178 3466 4251 militiam,

1874 4259 1919 4311 si
1946 4258 2293 4326 eonnubium,
2323 4260 2367 4313 si
2398 4270 2592 4325 artem,
2624 4261 2671 4316 si
2704 4262 2914 4333 quidvis
2942 4266 3086 4323 aliud
3113 4277 3328 4340 tractet,
3361 4287 3469 4329 non

1874 4350 2021 4418 prius
2049 4348 2127 4404 rei
2158 4364 2371 4404 manum
2399 4350 2668 4416 admovet,
2691 4368 2850 4423 quam
2880 4355 3071 4413 viderit
3100 4373 3186 4415 res
3213 4376 3471 4432 prospere

1874 4451 1930 4495 et
1956 4451 2201 4512 prompte
2224 4441 2325 4497 sibi
2346 4457 2593 4499 cessuros
2616 4458 2756 4500 esse.
2788 4444 2988 4517 Hisque
3012 4451 3318 4522 conspectis
3340 4468 3471 4509 eon-

1875 4535 2075 4605 gregati
2105 4550 2211 4589 non
2237 4535 2685 4603 eousultabimus,
2729 4539 3001 4607 quomodo
3034 4540 3179 4599 hunc
3219 4546 3467 4605 morbum

1875 4624 2179 4696 pallemus?
2216 4641 2323 4681 non
2364 4640 2465 4680 nos
2515 4626 2731 4695 pudebit
2777 4642 2963 4684 eorum
3014 4647 3134 4703 quae
3168 4649 3200 4689 a
3226 4638 3467 4704 patribus

1875 4718 2132 4788 prmclare
2160 4718 2300 4775 facta
2331 4718 2492 4773 sunt?
2523 4734 2623 4774 nec
2650 4732 2733 4775 ter
2761 4721 2909 4776 mille
2931 4722 3071 4792 illos,
3102 4734 3159 4782 et
3183 4728 3470 4799 quinquies

1876 4812 2040 4876 mille,
2068 4812 2157 4882 qui
2182 4813 2485 4867 communia
2517 4813 2786 4869 habebant
2814 4815 3016 4883 omnia,
3065 4819 3471 4886 spectabimus?

1874 4901 2004 4967 Quae
2032 4903 2313 4971 praesentis
2338 4904 2465 4958 vitm
2493 4904 2719 4970 utilitas,
2743 4905 2787 4958 si
2813 4906 2925 4974 ipsa
2953 4906 3019 4960 ad
3049 4906 3281 4965 futuram
3306 4927 3471 4981 nego—

1876 4994 2147 5047 tiationem
2179 5009 2284 5047 non
2316 4996 2572 5049 utamur?
2606 4994 2896 5067 Quousque
2922 4997 3167 5055 servituti
3200 5015 3305 5056 non
3336 5003 3455 5058 sub-

1871 5084 2067 5154 jicietis
2100 5100 2459 5141 mammonam
2481 5128 2495 5153 ,
2542 5088 2632 5157 qui
2670 5087 2723 5141 in
2752 5088 3067 5145 servitutem
3093 5105 3191 5145 vos
3218 5093 3470 5165 redegit?

1875 5176 1983 5229 imo
2012 5174 2189 5244 potius
2209 5189 2487 5245 quousque
2509 5178 2648 5231 servi
2673 5177 2823 5232 eritis
2841 5179 3184 5247 pecuniarum
3206 5181 3231 5233 τ
3258 5198 3466 5252 quous-

1875 5281 1979 5335 que
2029 5282 2137 5321 uon
2167 5266 2414 5321 amabitis
2444 5265 2912 5335 libertatem,.ncc
2953 5270 3192 5324 avaritia:
3221 5274 3469 5343 negotia-

1876 5358 2050 5413 tiones
2076 5358 2432 5426 dirumpetis?
2461 5358 2566 5413 Sed
2610 5359 2655 5413 si
2687 5358 2965 5414 hominum
2995 5361 3139 5416 servi
3165 5362 3305 5431 sitis,
3332 5364 3467 5421 nihil

1874 5465 1981 5503 non
2010 5449 2187 5519 agitis,
2232 5450 2275 5503 si
2312 5450 2430 5518 quis
2456 5451 2609 5505 vobis
2637 5450 2934 5506 libertatem
2961 5452 3237 5521 promittat
3268 5472 3282 5509 :
3310 5469 3469 5512 cum-

1875 5554 1980 5607 que
2023 5538 2141 5594 sitis
2186 5540 2426 5593 avaritiae
2464 5540 2681 5608 captivi,
2714 5555 2814 5594 nec
2845 5541 3093 5610 cogitatis
3117 5556 3219 5611 qua
3250 5544 3459 5599 ratione

1875 5629 2091 5697 possitis
2120 5628 2186 5683 ab
2221 5630 2319 5683 hac
2346 5628 2479 5684 dura
2522 5632 2826 5700 captivitate
2868 5631 3105 5688 liberari.
3156 5634 3316 5705 Atqui
3372 5636 3459 5689 illa

1875 5736 1980 5774 non
2025 5723 2202 5791 gravis
2241 5731 2357 5787 est;
2408 5722 2522 5777 inec
2548 5738 2677 5776 vero
2717 5724 2957 5793 tyrannis
2984 5734 3066 5779 est
3094 5724 3459 5781 acerbissima.

1876 5809 2117 5880 Cogitate
2138 5823 2394 5883 quantum
2420 5830 2520 5879 pro
2546 5816 2698 5870 nobis
2716 5817 2946 5878 pretium
2974 5814 3447 5883 deposuerittlhri-

2998 5924 3071 5980 ’21
