4050 6470
527 418 622 472 τθί
928 356 931 359 ν
1230 409 1284 462 S.
1324 399 1596 459 JOANNIS
1632 388 2097 452 CllllYSUSTOMl
2141 385 2449 441 ΛΙΝἶΙΙΙΙῖΡ.
2491 384 3015 443 ΟΟΝΒΤΛΝΤΙΝΟΡ.

2199 501 2349 560 lenis,
2392 499 2675 566 jucmnlus,
2724 500 2985 557 neminem
3035 498 3155 550 odio
3207 499 3443 564 habens,
3498 502 3781 554 neruiuem

2200 602 2466 641 aversatus.
2501 587 2595 642 Ubi
2626 589 2765 640 enim
2798 589 3040 656 peconia,
3086 588 3154 641 ibi
3197 590 3487 643 iuimiciti:e
3517 598 3573 643 et
3599 589 3746 644 bello
3766 620 3780 627 -

2202 692 2316 731 rum
2346 679 2580 731 materia.
2609 677 2680 731 Os
2715 678 2787 732 illi
2818 678 3152 734 contumeliis
3196 690 3278 733 est
3313 680 3567 733 refertum
3592 720 3609 745 ,
3640 677 3783 733 fastu

2202 767 2450 835 quodam,
2480 769 2774 837 arrogantia
2806 768 2990 834 multa,
3013 767 3330 834 maledictis,
3349 768 3501 833 dolo;
3534 768 3694 836 hujus
3718 783 3787 821 os

2203 868 2390 914 contra
2419 868 2473 912 et
2502 859 2675 927 lingua
2702 873 2828 912 sana
2851 866 2933 912 est
2951 899 2965 923 ,
2993 858 3279 928 gratiarum
3312 858 3520 913 actione
3557 858 3785 927 perenni

534 537 667 586 stus.
695 524 1009 596 Sanguinem
1039 534 1193 575 suum
1217 515 1419 579 effudit,
1452 512 1683 580 seipsmn
1712 504 1948 560 tradidit.
1982 499 2089 596 \ios

534 628 708 672 autem
737 590 853 683 post
883 612 996 664 hare
1023 608 1198 662 nimiia
1230 603 1498 660 decidistis
1540 618 1554 649 -.
1600 596 1842 668 quodque
1884 590 2092 683 gravius

537 716 638 769 est,
663 679 1010 759 iu'scrvitute
1051 692 1412 756 delectamini,
1454 690 1506 743 in
1550 684 1835 757 ignominia
1874 679 2093 734 deiicia-

538 796 685 859 miui,
705 791 918 861 etquod
953 786 1253 859 fugiendum
1280 792 1415 846 erat,
1445 781 1593 834 vobis
1619 772 1849 844 optabile
1874 770 1970 825 fuit
1992 769 2093 861 (a).

588 860 821 940 l’ccant'é
830 881 1149 952 cupiditatem
1162 885 1204 931 et
1218 874 1421 929 nimiam
1433 868 1805 925 testinuttionem
1821 860 2096 952 redarguit.

545 974 775 1029 Pecunia:
793 946 1047 1027 seruanda
1067 962 1399 1021 incommoda.
1424 956 1744 1027 Paupertatis
1771 946 2099 1006 boum—Sed

538 1065 659 1135 quia
685 1077 789 1117 non
824 1055 1205 1129 deplorandum
1235 1052 1394 1108 modo
1410 1059 1497 1104 est.
1527 1058 1581 1103 et
1610 1042 1975 1104 iucusandum,

541 1129 697 1210 etiam
729 1150 1137 1212 emendandum,
1164 1145 1436 1199 videamus
1476 1139 1735 1195 undenam
1776 1134 1862 1187 hic
1887 1129 2103 1184 morbus

544 1245 696 1300 nobis
717 1241 955 1297 amabilis
971 1240 1112 1293 visus
1130 1237 1217 1291 sit.
1240 1231 1537 1295 Undenam,
1558 1226 1693 1282 unde
1710 1221 1949 1277 amabilis
1972 1218 2103 1273 fuit?

542 1335 674 1403 Quia
694 1334 744 1388 in
758 1331 940 1403 gloria,
957 1328 1181 1397 inquies,
1199 1334 1253 1380 et
1268 1324 1318 1377 in
1336 1320 1618 1376 securitate
1628 1312 1914 1370 constituit.
1935 1309 1990 1364 lu
2004 1322 2105 1379 qua

544 1439 743 1494 quaeso,
765 1418 1081 1477 securitate?
1101 1414 1250 1485 Quod
1271 1410 1596 1467 conﬁdamus
1612 1408 1723 1461 fore
1743 1414 1800 1459 ut
1822 1414 2105 1472 numquam

544 1515 857 1577 esuriamus,
900 1521 1184 1579 numquam
1224 1505 1511 1574 algeamus,
1562 1513 1665 1553 non
1702 1495 1975 1559 ltrdamur,
2002 1506 2106 1546 non

547 1615 962 1660 eontemnamur.
983 1598 1161 1667 Itaque
1175 1595 1217 1651 si
1234 1594 1367 1649 hanc
1384 1591 1474 1646 tibi
1486 1588 1820 1645 securitatem
1839 1584 2109 1654 pollicear,

556 1692 845 1748 abstinebis
868 1707 897 1745 a
926 1688 1225 1745 divitiarum
1250 1679 1568 1753 cupiditate?
1610 1678 1654 1733 si
1675 1677 1814 1732 enim
1843 1674 1961 1729 ideo
1989 1682 2111 1728 sunt

551 1784 747 1838 divitia:
774 1777 1112 1848 expetenda,
1142 1775 1186 1829 si
1228 1774 1427 1843 absque
1460 1770 1567 1825 illis
1598 1767 1937 1821 securitatem
1978 1778 2110 1823 uan-

549 1872 673 1927 cisci
705 1870 986 1941 possimus,
1015 1865 1141 1937 quid
1175 1862 1267 1917 tibi
1291 1861 1397 1932 jam
1425 1859 1529 1914 illis
1550 1871 1684 1926 opus
1718 1854 1862 1909 erit?
1884 1851 1952 1907 Et
1977 1867 2112 1922 quo-

552 1960 708 2014 modo
738 1966 926 2027 potest,
959 1956 1180 2025 inquies,
1215 1953 1261 2007 is
1282 1951 1371 2021 qui
1400 1949 1550 2005 dives
1586 1962 1690 2001 non
1710 1954 1808 2010 est,
1842 1944 1956 1999 ha-c
1984 1957 2115 1997 con-

552 2037 704 2107 sequi
726 2035 1019 2091 ?lmovero
1044 2034 1319 2104 quomodo
1351 2036 1475 2103 (ego
1492 2032 1636 2087 enim
1674 2031 2010 2087 contrarium
2042 2028 2130 2085 di-

552 2125 695 2196 cam)
744 2126 791 2181 is
824 2125 918 2195 qui
973 2125 1125 2179 dives
1177 2123 1304 2179 est?
1352 2121 1489 2177 Nam
1538 2132 1598 2176 ut
1645 2122 1832 2176 multis
1878 2121 2130 2177 aduletur

555 2236 773 2279 necesse
796 2229 896 2286 est,
926 2227 986 2276 et
1012 2216 1334 2289 principibus
1360 2224 1413 2271 et
1439 2213 1685 2279 subditis,
1734 2219 1793 2267 ut
1831 2212 2121 2266 innumeris

556 2328 687 2381 opus
710 2310 898 2365 habeat
917 2319 971 2364 et
1000 2306 1326 2364 illiberaliter
1353 2304 1571 2370 serviat,
1604 2311 1817 2367 tremat,
1846 2311 2122 2371 suspectos

558 2398 1112 2465 tnbcat,,invidorum
1159 2397 1365 2462 oculos,
1409 2394 1858 2466 sycophantarum
1886 2407 1978 2448 Ora
2009 2407 2121 2448 me-

558 2502 686 2555 tuat,
734 2491 1061 2559 aliorumque
1093 2501 1372 2542 avarorum
1407 2484 1743 2555 cupiditates.
1787 2485 1855 2537 At
1892 2496 2122 2552 pauper-

556 2594 639 2638 tas
667 2596 771 2636 nou
796 2581 935 2644 talis,
961 2577 1053 2635 sed
1079 2579 1232 2647 plane
1253 2577 1336 2631 his
1356 2576 1645 2631 contraria.
1672 2573 1846 2629 Locus
1874 2582 1955 2628 est
1985 2582 2128 2628 tutus

558 2684 613 2730 et
626 2687 863 2737 securus,
890 2678 1074 2742 portus
1094 2667 1429 2738 tranquillus,
1450 2664 1693 2736 palaestra
1717 2674 1771 2720 et
1794 2664 2127 2746 gymnasium

566 2764 946 2837 philosophiaz,
983 2762 1235 2833 angelicae
1279 2759 1401 2815 vitae
1452 2756 1698 2815 imitatio.
1744 2756 1871 2811 llaec
1915 2755 2129 2822 audite,

544 2863 820 2927 quotquot
864 2865 1122 2923 pauperes
1167 2850 1333 2915 estis;
1385 2851 1495 2903 imo
1533 2861 1661 2903 vero
1696 2854 1956 2917 quotquot
1993 2846 2133 2900 dite-

564 2962 715 3002 scere
738 2945 917 3000 vultis.
946 2943 1060 2999 Non
1083 2956 1367 3012 pauperem
1393 2955 1534 3005 esse,
1560 2938 1654 2995 sed
1681 2938 1821 2993 nolle
1849 2952 2135 3008 pauperem

566 3052 704 3103 esse,
730 3037 926 3091 malum
948 3041 1050 3090 est.
1082 3033 1159 3089 Ne
1182 3046 1341 3105 grave
1361 3030 1629 3101 quidpiam
1663 3044 1817 3100 putes
1858 3044 1977 3085 esse
2012 3044 2138 3098 pau-

568 3135 849 3196 pertatem,
896 3138 1069 3194 neque
1095 3123 1275 3194 gravis
1301 3123 1404 3177 erit
1444 3121 1539 3177 illa
1585 3122 1697 3176 tibi.
1741 3121 1857 3178 Non
1902 3121 2041 3176 enim
2084 3123 2136 3175 in

570 3226 752 3271 natura
802 3216 901 3281 rei,
951 3215 1043 3270 sed
1085 3215 1138 3269 in
1182 3212 1421 3268 mollium
1450 3213 1685 3267 virorum
1722 3211 1922 3280 judicio
1965 3220 2140 3265 metus

570 3308 671 3361 iste
698 3306 868 3360 Ineunt
900 3304 1075 3359 habet.
1096 3302 1232 3370 Quin
1256 3302 1413 3356 etiam
1442 3316 1528 3357 me
1554 3299 1793 3371 puderet,
1817 3301 1861 3355 si
1891 3299 1993 3356 hoc
2022 3310 2138 3354 tan~

571 3406 680 3451 tum
711 3395 777 3449 de
822 3402 1127 3466 paupertate
1155 3393 1331 3448 dicere
1365 3406 1602 3462 possem,
1647 3390 1789 3459 quod
1831 3406 1893 3445 ea
1944 3391 2140 3446 malum

572 3503 675 3543 non
702 3487 808 3548 sit:
854 3501 977 3541 nam
1016 3486 1061 3541 si
1102 3484 1513 3555 philosopheris,
1559 3482 1706 3537 mille
1749 3481 1841 3536 tibi
1884 3482 2143 3537 bonorum

572 3578 692 3633 fons
728 3578 848 3633 erit.
884 3577 950 3632 Et
976 3576 1021 3630 si
1048 3576 1166 3646 quis
1196 3576 1288 3630 tibi
1317 3574 1441 3629 hinc
1470 3574 1751 3643 imperium
1772 3614 1787 3636 ,
1816 3572 1999 3628 civiles
2028 3587 2144 3626 ma-

577 3669 844 3739 gistratus,
883 3666 1114 3731 divitias,
1156 3665 1498 3733 deliciasque,
1532 3663 1656 3718 lnde
1702 3678 1826 3719 vero
1863 3673 2143 3733 pauperta-

579 3768 684 3814 tem
710 3754 1045 3827 proponeret,
1074 3757 1458 3827 optionemque
1484 3755 1657 3819 daret,
1695 3755 1834 3809 hanc
1863 3755 2037 3810 subito
2063 3770 2148 3808 ra-

580 3861 753 3917 peres,
774 3847 819 3902 si
838 3845 961 3915 ejus
988 3850 1163 3899 notam
1193 3844 1417 3900 haberes
1443 3844 1835 3899 excellentiam.

646 3936 701 3992 4.
746 3933 1065 4005 Paupertatis
1084 3934 1477 3989 laudes.—-Scio
1496 3932 1710 4004 quidem
1741 3934 1936 3987 multos
1950 3932 2148 3999 ridere,

579 4025 706 4081 dum
736 4025 848 4080 hinc
861 4025 1140 4088 dicuntur;
1166 4023 1259 4080 sed
1286 4039 1382 4080 nos
1403 4023 1622 4080 minime
1648 4023 1941 4079 turbamur.
1960 4023 2151 4092 Quaeso

582 4125 804 4181 tantum,
830 4114 1089 4184 patienter
1117 4114 1360 4181 audiatis,
1391 4123 1448 4169 et
1472 4114 1578 4169 cito
1598 4112 1872 4169 nobiscum
1888 4113 2150 4170 calculum

584 4207 785 4263 feretis.
828 4205 951 4260 Mihi
1000 4213 1279 4275 paupertas
1329 4205 1517 4260 similis
1552 4218 1674 4259 esse
1720 4203 1927 4260 videtur
1967 4205 2154 4275 puellae

584 4306 803 4363 ornatas,
826 4295 1058 4367 pulchra:
1080 4304 1135 4350 et
1152 4295 1429 4351 formosa:
1459 4295 1681 4351 avaritia
1698 4309 1825 4351 vero
1841 4305 2155 4352 monstrosa:

587 4388 817 4453 mulieri,
843 4385 1055 4457 Scyllas,
1088 4384 1291 4455 hydrae,
1325 4383 1693 4455 similibusque
1723 4384 1978 4440 monstris
1999 4424 2013 4447 ,
2038 4400 2155 4454 qua:

587 4483 785 4534 tinxere
830 4475 1142 4549 mythologi.
1182 4476 1263 4531 Ne
1296 4476 1425 4531 mihi
1466 4476 1792 4546 paupertatis
1821 4486 2157 4531 accusatores

586 4573 638 4626 in
684 4568 917 4625 medium
958 4566 1171 4633 aﬁ‘eras,
1212 4566 1306 4622 sed
1335 4581 1428 4621 eos
1456 4567 1545 4636 qui
1589 4581 1685 4637 per
1730 4568 1899 4637 ipsam
1928 4567 2158 4621 illustres

589 4663 817 4720 fuerunt.
859 4661 992 4716 Cum
1036 4660 1135 4715 hac
1173 4660 1427 4716 educatus
1460 4660 1627 4727 Elias,
1666 4671 1822 4729 raptu
1866 4661 1959 4715 illo
2004 4661 2158 4715 beato

590 4756 832 4825 dignatus
855 4762 972 4817 est;
1002 4766 1123 4808 cum
1164 4750 1263 4805 hac
1288 4753 1463 4807 clarus
1501 4751 1595 4805 fuit
1624 4752 1882 4818 Elisazus;
1914 4767 2036 4807 cum
2060 4751 2162 4807 hac

593 4848 827 4905 Joannes
853 4860 907 4905 et
930 4850 1150 4920 apostoli
1181 4865 1367 4906 omnes
1398 4867 1412 4905 :
1442 4864 1561 4906 cum
1582 4850 1668 4904 illa
1689 4865 1816 4905 vero
1839 4848 2041 4915 Achab,
2070 4848 2160 4903 .lc-

591 4938 763 5005 zabel,
790 4938 954 5005 Giezi,
982 4938 1167 5006 Judas,
1194 4939 1356 5006 Nero,
1379 4938 1607 5010 Caiphas
1632 4940 1865 4995 damnati
1891 4947 2031 4994 sunt.
2056 4938 2161 4995 Sed

592 5031 634 5083 si
666 5030 859 5099 placet,
890 5043 957 5084 ne
986 5029 1105 5084 illos
1130 5037 1333 5084 tantum
1361 5032 1449 5100 qui
1479 5032 1529 5084 in
1557 5039 1867 5100 paupertate
1888 5028 2117 5085 ﬁuruere
2140 5071 2157 5096 ,

592 5121 685 5175 sed
706 5121 847 5175 illam
877 5121 1040 5189 ipsam
1061 5120 1249 5189 puella:
1270 5121 1713 5189 pulchritudinem
1741 5122 2159 5177 consideremus.

595 5210 883 5280 Siquidem
930 5211 1118 5266 oculus
1150 5210 1267 5281 ejus
1296 5225 1457 5279 purus
1491 5219 1575 5266 est
1617 5222 1671 5267 et
1708 5212 1991 5275 dilucidus,
2033 5212 2163 5266 nihil

596 5301 859 5356 turbidum
890 5301 1111 5379 habens,
1132 5309 1191 5356 ut
1214 5300 1377 5356 habet
1402 5302 1588 5357 oculus
1609 5303 1869 5368 avaritiae,
1904 5301 1992 5371 qui
2026 5317 2165 5357 nunc

600 5392 699 5456 ira,
732 5407 871 5446 nunc
911 5383 1175 5461 volupiate
1216 5392 1406 5462 plenus
1432 5402 1515 5447 est
1539 5434 1555 5457 ,
1596 5407 1734 5447 nunc
1761 5394 2163 5462 intemperantia

598 5480 860 5536 turbatus.
889 5481 957 5535 At
983 5497 1087 5537 non
1115 5482 1333 5551 perinde
1353 5498 1411 5538 se
1434 5481 1794 5538 habetoculus
1821 5483 2161 5551 paupertatis,

596 5572 688 5628 sed
718 5582 1025 5628 mansuetus
1057 5582 1157 5639 est,
1187 5588 1427 5640 serenus,
1456 5574 1691 5629 suaviter
1715 5586 1899 5628 omnes
1931 5574 2162 5637 intuens,

658 5710 731 5770 (et)
764 5708 819 5759 In
856 5710 1181 5770 sequentibus
1217 5708 1365 5758 multa
1396 5711 1625 5757 omittunt
1650 5716 1701 5757 et
1725 5708 1919 5757 turbant
1943 5707 2162 5755 Conmm-

600 5768 681 5818 liu.
708 5768 759 5819 et
782 5768 1071 5831 storellqua:
1098 5782 1159 5818 ex
1183 5777 1286 5819 Mss.
1308 5778 1357 5819 et
1392 5784 1450 5818 ex
1480 5772 1618 5817 savil.
1646 5772 1981 5818 restituuntur.

3664 386 3782 444 792

2207 947 2379 1016 plena,
2438 947 2829 1013 benedictione,
2884 948 3058 1003 verbis
3094 946 3402 1015 mansuetis,
3462 946 3737 1001 benevolis
3766 987 3785 1007 ,

2207 1040 2461 1110 obsequio
2507 1039 2695 1109 plenis,
2738 1047 2792 1094 et
2835 1038 3075 1093 laudibus
3122 1039 3504 1108 encomiisque.
3551 1037 3610 1092 Si
3657 1051 3793 1092 vero

2207 1140 2381 1201 aptam
2422 1130 2782 1186 membrorum
2832 1132 3268 1200 compositionem
3307 1130 3573 1199 dispicere
3613 1128 3787 1192 velis,

2210 1236 2427 1293 procera
2469 1232 2549 1276 est
2590 1222 2675 1276 illa
2707 1222 2967 1291 longeque
2990 1222 3270 1275 sublimior
3293 1221 3586 1291 opulentia.
3631 1219 3794 1289 Quod

2210 1314 2255 1369 si
2286 1314 2433 1367 multi
2458 1313 2597 1367 illam
2626 1311 2845 1381 fugiant,
2881 1327 2947 1365 ne
2968 1312 3178 1367 mireris
3210 1330 3223 1366 :
3250 1326 3369 1365 nam
3414 1310 3546 1365 alias
3574 1325 3794 1381 quoque

2213 1404 2438 1457 virtutes
2456 1403 2601 1456 stulti
2628 1402 2850 1471 fugiunt.
2884 1402 2989 1458 Sed
3014 1418 3044 1456 a
3074 1402 3238 1457 divite
3263 1442 3277 1465 ,
3327 1402 3557 1471 inquies,
3586 1415 3795 1470 pauper

2214 1494 2531 1550 contumelia
2561 1492 2811 1548 afﬁcitur.
2859 1493 3063 1548 Rursus
3109 1492 3236 1547 mihi
3269 1493 3597 1562 paupertatis
3623 1505 3792 1547 enco-

2216 1588 2377 1639 mium
2400 1600 2603 1639 narras.
2632 1584 2760 1652 Quis
2778 1584 2942 1647 enim,
2976 1598 3175 1653 qua-so,
3212 1583 3436 1647 beatus,
3477 1582 3567 1651 qui
3606 1592 3796 1637 contu-

2217 1678 2374 1732 melia
2403 1675 2583 1736 allicit,
2612 1690 2677 1728 an
2700 1676 2789 1744 qui
2811 1674 3079 1730 afﬁcitur?
3102 1672 3260 1728 Certe
3286 1674 3329 1728 is
3350 1674 3438 1743 qui
3455 1671 3801 1727 contumeliis

2216 1770 2462 1833 afficitur,
2494 1778 2547 1823 et
2594 1768 2693 1823 fert
2734 1765 2960 1822 fortiter.
3008 1766 3241 1821 Avaritia
3283 1766 3442 1835 igitur
3470 1762 3799 1819 contumelia

2218 1858 2430 1913 afﬁcere
2445 1857 2622 1928 jubet;
2657 1866 2938 1926 paupertas
2968 1871 3095 1912 vero
3122 1856 3185 1909 ad
3215 1854 3490 1910 ferendam
3518 1862 3803 1909 contume-

2221 1948 2342 2002 liam
2365 1949 2621 2001 hortatur.
2657 1950 2740 2007 At,
2768 1946 2993 2014 inquies,
3014 1960 3214 2014 pauper
3234 1946 3422 1998 esurit.
3447 1943 3649 1997 Paulus
3667 1958 3804 2011 quo-

2221 2054 2324 2108 que
2350 2037 2637 2093 esuriebat.
2667 2034 2773 2091 Sed
2803 2052 2907 2089 non
2950 2036 3109 2089 habet
3136 2035 3221 2087 ubi
3246 2034 3506 2104 quiescat.
3538 2034 3599 2086 Et
3634 2031 3807 2086 Filius

2223 2128 2453 2183 hominis
2477 2127 2860 2183 nun‘habebat
2904 2126 2993 2182 ubi
3039 2136 3200 2195 caput
3253 2126 3558 2181 reclinaret.
3619 2124 3809 2179 Viden’

2224 2234 2501 2289 quousque
2556 2220 2866 2288 perveniant
2908 2220 3233 2288 paupertatis
3276 2218 3553 2283 eneomia,
3605 2216 3696 2270 ubi
3757 2227 3811 2270 te

2224 2310 2569 2373 Constituant,
2599 2308 2664 2363 ad
2692 2310 2923 2379 qualium
2952 2318 3001 2364 te
3028 2308 3264 2363 virorum
3290 2307 3694 2361 similitudinem
3714 2306 3813 2360 de-

2227 2397 2442 2465 ducant,
2477 2408 2529 2453 et
2550 2397 2815 2468 quomodo
2842 2408 2892 2453 te
2919 2398 3124 2451 Domini
3157 2396 3473 2451 imitatorem
3503 2394 3732 2449 faciant?
3753 2395 3813 2450 Si

2229 2504 2415 2544 aurum
2450 2489 2721 2558 possidere
2744 2488 2940 2542 bonum
2972 2498 3134 2552 esset,
3166 2485 3217 2539 id
3259 2485 3534 2555 discipulis
3574 2484 3818 2540 dedisset

2230 2582 2491 2646 Christus,
2517 2583 2604 2651 qui
2650 2582 2929 2636 ineffabilia
2964 2582 3049 2634 illa
3076 2581 3210 2634 bona
3246 2578 3391 2633 dedit
3432 2577 3583 2646 ipsis.
3612 2578 3681 2633 At
3704 2593 3816 2631 non

2230 2672 2392 2726 modo
2419 2687 2522 2725 nou
2556 2672 2719 2735 dedit,
2752 2671 2843 2725 sed
2875 2671 3033 2726 etiam
3056 2670 3247 2725 habere
3266 2668 3553 2738 prohibuit.
3586 2668 3820 2737 ideoque

2235 2760 2425 2817 Petrus
2454 2778 2559 2816 non
2606 2760 2763 2815 modo
2794 2776 2899 2814 non
2946 2760 3213 2815 erubescit
3254 2760 3320 2814 de
3358 2768 3695 2829 paupertate.
3721 2758 3821 2813 sed

2236 2854 2396 2907 etiam
2423 2852 2491 2906 de
2520 2851 2605 2906 illa
2626 2852 2883 2922 gloriatur
2911 2851 2995 2904 his
3020 2850 3195 2905 verbis
3228 2865 3241 2904 :
3267 2851 3545 2921 Argentum
3564 2860 3611 2902 et
3636 2864 3824 2902 curaui

2241 2961 2339 2998 non
2366 2953 2435 2997 est
2462 2943 2621 3007 mihi;
2661 2942 2795 3011 quod
2824 2952 2990 2996 autent
3017 2942 3193 3008 habeo,
3238 2945 3330 2995 hoc
3374 2941 3462 2995 tibi
3487 2941 3554 2996 do
3584 2940 3605 3013 (
3622 2942 3733 2994 Act.
3763 2941 3823 2995 5.

2242 3033 2319 3104 6).
2355 3033 2485 3100 Quis
2533 3042 2766 3089 vestrum
2818 3034 3051 3087 uulletin
3100 3034 3235 3087 hanc
3278 3046 3563 3103 erumpere
3598 3030 3826 3087 vocem?

2242 3124 2439 3179 Omnes
2466 3125 2665 3195 utique,
2689 3124 2828 3179 dicet
2858 3122 2990 3179 forte
3010 3123 3290 3193 quispiam.
3319 3122 3460 3193 Ergo
3501 3123 3703 3192 projicc
3738 3137 3829 3175 ar-

2242 3225 2480 3285 gentum,
2529 3216 2728 3285 projice
2776 3230 2984 3271 aurum.
3035 3216 3097 3269 Et
3145 3216 3191 3269 si
3242 3216 3537 3284 proiecero,
3594 3215 3831 3283 inquies,

2246 3322 2612 3373 consequarne
2638 3306 2777 3361 Petri
2811 3306 3098 3375 potentiam
3119 3306 3142 3358 ?
3166 3305 3269 3360 Sed
3299 3304 3423 3374 quid
3442 3346 3457 3371 ,
3490 3308 3697 3375 qumso.
3722 3303 3831 3358 Pe-

2249 3408 2389 3453 trum
2410 3398 2618 3453 beatum
2642 3396 2855 3451 eﬁ‘eeit?
2885 3412 2949 3450 an
2975 3395 3112 3466 quod
3150 3394 3396 3451 claudum
3424 3394 3701 3449 erexerit?
3731 3394 3835 3447 Mi-

2252 3488 2392 3543 nime
2429 3508 2439 3542 :
2466 3487 2560 3543 sed
2602 3487 2741 3557 quod
2767 3503 2952 3541 aurum
2978 3503 3083 3541 non
3107 3486 3371 3552 habuerit,
3398 3485 3503 3541 hoc
3524 3486 3597 3540 illi
3639 3486 3837 3540 etclam

2251 3580 2568 3636 conciliarit.
2605 3579 2681 3634 Ex
2728 3580 2793 3635 iis
2832 3580 3007 3644 enim,
3057 3577 3146 3648 qui
3190 3578 3337 3648 signa
3388 3577 3651 3641 fecerunt,
3681 3577 3838 3631 multi

2251 3669 2551 3726 inciderunt
2580 3670 2629 3724 in
2657 3670 2957 3739 gehennam
2989 3686 3000 3722 :
3032 3670 3119 3738 qui
3147 3683 3272 3724 vero
3300 3668 3415 3723 hmo
3443 3667 3709 3731 fecerunt,
3747 3683 3841 3722 re-

2251 3776 2413 3832 gnum
2437 3770 2561 3815 sunt
2604 3761 2938 3830 consequuti.
2984 3760 3053 3814 Et
3078 3760 3175 3814 hoc
3213 3758 3281 3813 ab
3316 3758 3432 3828 ipso
3462 3756 3623 3814 Petro
3648 3758 3796 3814 disce
3818 3774 3838 3815 :

2253 3854 2359 3909 duo
2386 3854 2526 3909 enim
2557 3853 2687 3908 dixit
2718 3870 2731 3905 :
2758 3852 3027 3924 Argentum
3052 3861 3097 3906 et
3126 3868 3307 3905 aurum
3332 3869 3433 3905 non
3468 3861 3541 3906 est
3570 3852 3733 3915 mihi;
3762 3859 3841 3916 et,

2256 3946 2319 4000 1η
2342 3947 2541 4000 nomine
2561 3946 2686 4000 Jesu
2708 3944 2897 4000 Christi
2922 3960 3073 4015 surge
3096 3952 3141 3998 et
3161 3943 3385 3998 ambula.
3421 3942 3611 3999 Utrum
3643 3944 3841 3997 horum

2260 4037 2383 4091 fecit
2409 4038 2555 4091 illum
2604 4036 2814 4090 beatum
2871 4045 2927 4090 ct
2979 4035 3347 4104 conspicuum,
3396 4034 3538 4105 quod
3585 4033 3841 4089 claudunt

2258 4128 2504 4199 erexerit,
2531 4142 2597 4181 an
2619 4124 2759 4195 quod
2803 4124 3053 4195 pecunias
3099 4123 3421 4195 proiecerit?
3460 4122 3587 4177 Ha:e
3629 4122 3699 4177 ab
3728 4124 3847 4192 ipso

2258 4218 2575 4289 agouotheta
2617 4217 2781 4271 disce.
2813 4214 2950 4283 Quid
2979 4230 3107 4285 ergo
3129 4217 3205 4268 ait
3247 4213 3336 4269 ille
3382 4212 3534 4273 diviti
3572 4213 3842 4281 'quzrrenti

2258 4311 2417 4363 vitam
2464 4306 2762 4363 aeternam?
2815 4304 2931 4361 Non
2978 4304 3148 4369 dixit,
3203 4302 3435 4358 Claudos
3480 4303 3668 4373 erige;
3721 4304 3841 4370 sed,

2270 4401 2434 4455 Vende
2461 4415 2574 4473 qua:
2587 4400 2753 4464 habes,
2779 4408 2825 4453 et
2848 4397 2915 4452 da
2939 4396 3257 4468 pauperibus,
3286 4404 3332 4449 et
3359 4396 3485 4454 veni.
3503 4412 3710 4462 sequere
3732 4412 3845 4451 me:

2262 4505 2306 4548 et
2334 4493 2531 4547 habebis
2553 4492 2840 4545 thesaurum
2859 4491 2913 4543 in
2940 4488 3116 4557 cwiis(
3143 4485 3265 4541 Luc.
3295 4485 3383 4541 18.
3404 4485 3496 4539 22.
3544 4483 3715 4540 Marc.
3750 4485 3841 4541 10.

2260 4587 2373 4657 21).
2404 4585 2473 4640 Et
2500 4586 2688 4640 Petrus
2710 4596 2920 4637 rursum
2950 4596 3055 4637 non
3077 4579 3228 4644 dixit,
3261 4578 3399 4634 Ecce
3420 4578 3471 4631 in
3499 4579 3722 4633 nomine
3755 4588 3845 4633 tuo

2263 4675 2522 4732 daemonia
2548 4675 2811 4743 ejieimns,
2839 4671 3044 4726 etiamsi
3066 4670 3316 4739 ejiceret;
3349 4667 3465 4734 sed,
3486 4667 3619 4723 Ecce
3644 4670 3846 4739 reliqui-

2264 4783 2377 4820 mus
2405 4764 2593 4828 omnia,
2623 4773 2667 4816 et
2706 4764 2902 4828 sequuti
2936 4777 3107 4814 sumus
3134 4770 3216 4824 te;
3255 4759 3376 4828 quid
3414 4775 3531 4829 ergo
3581 4761 3678 4814 erit
3702 4762 3844 4816 uobis

2265 4855 2475 4927 (Matth.
2506 4854 2594 4910 i9.
2618 4851 2748 4925 27)?
2769 4849 3012 4906 Christus
3039 4863 3167 4905 vero
3191 4848 3313 4905 huic
3343 4850 3677 4919 respondens
3695 4892 3711 4917 ,
3739 4866 3847 4908 non

2264 4948 2419 5015 dixit,
2448 4947 2501 5002 Si
2532 4947 2650 5015 quis
2676 4944 2921 4999 claudum
2958 4942 3222 5004 erexerit;
3270 4941 3385 5006 sed,
3423 4941 3745 5012 Quicumque
3767 4961 3850 4999 rc-

2267 5038 2467 5108 liquerit
2496 5037 2671 5089 domos
2696 5045 2743 5087 et
2770 5050 2917 5103 agros
2948 5040 3151 5102 propter
3171 5047 3252 5084 me
3267 5039 3313 5085 et
3334 5029 3703 5103 Evauqelt'um,
3728 5049 3845 5085 ccu-

2269 5130 2464 5199 tuplnnt
2488 5127 2694 5195 accipiet
2719 5126 2769 5177 in
2797 5126 2889 5177 hoc
2919 5123 3125 5185 swculo,
3152 5132 3197 5176 ct
3232 5123 3381 5173 vitam
3405 5130 3653 5175 aeternam
3679 5124 3849 5191 possi-

2267 5218 2575 5287 debitUbid.
2601 5234 2647 5270 υ.
2676 5215 2787 5285 29).
2817 5215 2881 5269 Et
2902 5230 2999 5269 nos
3032 5228 3243 5283 quoque
3274 5214 3413 5266 hunc
3452 5212 3753 5277 imitemur,
3793 5224 3851 5270 ut

2269 5327 2374 5365 non
2405 5307 2821 5371 confundamur;
2852 5305 2944 5359 sed
2987 5319 3104 5358 cum
3145 5302 3333 5355 ﬁducia
3374 5302 3849 5361 adstemus‘tribu-

2271 5402 2374 5457 nali
2400 5400 2617 5460 Christi,
2644 5398 2897 5465 illumque
2924 5394 3251 5449 atlrahamus
3286 5402 3340 5445 ut
3364 5393 3433 5445 sit
3460 5392 3764 5457 nobiseum,
3798 5408 3851 5451 ut

2265 5502 2462 5548 etcum
2484 5487 2766 5557 discipulis
2792 5485 2891 5539 fuit
2915 5484 3050 5553 ;erit
3075 5482 3219 5538 enim
3249 5480 3533 5536 nobiscum
3560 5479 3708 5535 sicut
3726 5495 3849 5535 cum

2268 5584 2379 5638 illis
2411 5580 2589 5645 fuit,si
2611 5578 2733 5632 illos
2754 5574 3225 5634 imitarivelimus,
3248 5572 3579 5639 illorumque
3598 5571 3769 5624 vitam
3794 5580 3845 5623 et

2269 5672 2580 5727 institutum
2627 5667 2892 5721 aemulari.
2933 5664 3139 5717 llorum
3182 5677 3345 5717 causa
3388 5661 3526 5715 Deus
3560 5670 3849 5715 coronatet

2274 5763 2550 5834 pra‘dlt‘at,
2588 5775 2693 5812 non
2736 5759 2956 5826 exigens
2992 5766 3047 5807 ut
3086 5752 3609 5808 mortuumsuscitcs
3627 5761 3682 5806 et
3700 5750 3851 5806 clau-
